2358 3776
514 107 555 153 S.
590 99 877 153 THOMAE
912 94 1308 149 CANTUAR.
1353 99 1485 147 LIB.
1546 107 1603 151 V,

107 198 218 235 divina
229 221 240 239 ‚
266 206 378 242 praeter
387 196 553 241 Baptisma
563 191 768 240 parvulorum
781 188 816 223 δι
840 184 1045 243 poenitenrias

106 247 317 285 morientium
330 273 341 289 ‚
369 246 565 292 prohibeatis
588 243 709 279 Officia
733 237 886 293 celebrari
902 260 918 277 ,
950 236 984 270 ἀ
1003 235 1044 270 ab

106 297 259 333 omnibus
270 298 404 334 subditis
417 296 527 332 vestris
537 293 701 329 interdiffi
711 291 906 325 sententiam
918 310 932 327 ,
941 297 1046 329 quan-

106 357 179 383 tum
191 349 224 382 in
239 349 336 384 vobis
355 347 400 383 est
413 371 424 388 ,
450 346 576 382 faciatis
597 340 830 378 inviolabiliter
849 336 1008 372 observari
1036 347 1051 378 ς,

106 398 241 443 portiori
265 397 493 444 prospicientes
507 396 585 429 ficut
596 392 688 428 vobis
699 391 732 425 ἀ
743 387 853 423 ordini
873 386 979 442 vesiro
994 398 1045 420 cu.

108 449 186 494 pitis
198 451 260 483 effe
270 448 469 492 prospeo'tum
482 471 490 479 .
518 444 680 487 Alioquin
695 451 753 475 vos
776 438 860 495 ipsos
875 435 996 470 exinde
1007 436 1048 470 ab

112 499 301 543 Episcopali
314 499 349 532 ἅ
359 495 554 532 sacerdotali
565 493 676 528 officio
688 488 842 525 noveritis
853 488 914 543 effe
923 486 1047 530 suspen-

110 549 183 583 sos-
211 549 288 584 Deo
301 547 412 592 potius
424 570 436 587 ‚
453 546 550 592 quam
562 541 755 578 hominibus
763 535 970 573 obedientem
984 536 1048 570 Re-

110 599 289 633 verentiam
301 598 438 632 vestram
449 603 584 632 coronet
595 593 708 627 Pastor
719 587 900 627 Pastorum,
909 586 943 620 ὃς
955 586 1047 620 Prin-

112 658 186 692 ceps
204 647 393 692 Principum
413 642 670 681 immarcescibili
694 649 816 675 aeternae
836 636 955 671 Gloriae
982 636 1048 671 Co-

112 708 194 733 rona
205 725 213 732 .

157 749 273 784 Eodem
284 748 368 783 modo
378 747 511 781 omnibus
523 741 680 786 Epil'copts
691 740 807 785 Angliae
817 736 989 772 eflualltae
1003 761 1010 769 .

212 846 243 881 E
269 847 298 882 Ρ
324 848 341 882 1
368 846 452 884 ST
474 846 509 880 ο
533 842 564 876 L
589 840 621 875 A
673 879 675 881 ,
730 837 913 875 XXXVII.

137 944 268 981 Thomas
292 941 517 985 cantuarienfis
539 940 649 976 Archi·
661 938 827 984 Episcopus
844 939 1020 973 conventui

463 990 674 1033 Cantuarienfi
687 1016 696 1024 .

209 1092 322 1132 UoT
332 1095 367 1129 ἀ
377 1102 519 1142 quantas·-
526 1089 766 1139 persecutiones
777 1090 844 1135 jam
858 1100 915 1134 per
925 1090 980 1124 sex
993 1096 1052 1119 an-

236 1156 297 1180 nos
309 1146 408 1190 gratis
417 1143 582 1189 pertulerit
595 1142 736 1178 Ecclesia
751 1140 938 1186 Anglicana
953 1163 965 1179 ,
990 1145 1053 1170 ran-

240 1194 276 1229 to
295 1194 415 1230 certius
435 1193 612 1240 agnoscitis
627 1217 640 1234 ,
675 1191 801 1236 quanto
824 1189 968 1225 acerbius
989 1186 1054 1239 ipsa

116 1254 222 1279 rerum
233 1244 431 1288 experientia
453 1256 512 1289 pro
533 1254 653 1289 magna
673 1252 763 1286 parte
780 1240 940 1275 senfistis.
965 1237 1054 1281 Qla

117 1305 197 1339 ergo
210 1294 379 1334 Dominus
390 1295 466 1329 Rex
475 1318 487 1336 ,
512 1292 593 1328 dum
605 1295 639 1326 in
651 1290 755 1326 multa
779 1289 933 1333 patientia
954 1286 1057 1325 Sacrae

117 1343 278 1378 Romanas
291 1341 595 1378 Ecclefiae&nostra
613 1346 808 1381 provocatus
831 1335 874 1369 ad
896 1334 1055 1379 poeniten-

117 1391 199 1427 eiam
209 1409 223 1432 ,
248 1401 318 1425 nou
330 1391 434 1436 modo
445 1400 513 1424 non
524 1388 717 1432 corrigitur,
744 1385 799 1420 sed
813 1387 932 1428 semper
944 1382 1056 1426 adjicit

116 1440 279 1476 deteriora
291 1439 450 1485 prioribus
461 1463 474 1480 ,
500 1450 542 1473 ne
554 1437 685 1481 sanguis
695 1435 762 1478 ejus
773 1435 807 1469 δε
816 1432 1058 1477 compereuntis

120 1489 272 1535 Ecclesia
292 1490 472 1532 requiratur
494 1488 513 1521 a
535 1486 654 1526 nobis,
678 1484 878 1519 universitati
897 1481 1003 1517 vestrae
1024 1481 1056 1514 in

120 1538 243 1574 virtute
252 1538 467 1578 obedientia,
492 1536 551 1572 sub
562 1535 709 1581 periculo
729 1533 866 1569 Ordinis
887 1533 921 1567 δε
942 1532 1060 1578 gradus

120 1587 338 1635 precipiendo
346 1589 557 1628 mandamus,
584 1584 744 1631 quatenus
759 1586 793 1618 in
808 1583 948 1618 Ecclesia
964 1582 1060 1616 Can-

122 1639 275 1674 tuarienfi
285 1639 410 1673 ceffetis
422 1663 433 1679 ,
460 1637 543 1673 infra
553 1636 744 1682 quindecim
755 1634 826 1669 dies
834 1633 853 1667 a
863 1632 1061 1676 susceptione

124 1688 328 1732 praesentium
339 1687 380 1723 ab
392 1688 548 1724 omnibus
570 1687 726 1727 Divinis,
751 1694 883 1730 excepta
906 1682 1063 1727 poeniten·

123 1738 170 1773 tia
183 1739 396 1773 morientium
407 1739 442 1774 dc
455 1737 590 1773 Viatico
601 1762 614 1779 ‚
639 1736 729 1780 quod
740 1736 846 1778 januis
866 1733 979 1770 clausis
989 1757 1001 1773 ,
1029 1732 1063 1766 ἀ

124 1787 235 1823 Laicis
253 1788 409 1829 exclusis,
437 1787 505 1821 fine
526 1797 757 1829 campanarum
783 1786 966 1828 pulsatione
995 1804 1006 1819 ‚
1030 1782 1063 1814 ἀ

124 1836 219 1872 omni
241 1837 448 1871 solemnitate
469 1835 587 1869 laetitiae
606 1835 727 1872 confici
760 1832 949 1877 Religionis
971 1831 1062 1864 favor

126 1886 291 1930 exposcit.
319 1886 529 1930 Praecipimus
542 1892 674 1924 autem„
700 1894 735 1918 ut
747 1882 943 1917 authoritate
954 1879 1062 1914 nostra

127 1935 170 1971 de
182 1935 278 1980 hujus
290 1935 436 1980 specialis
452 1934 599 1969 mandati
611 1943 723 1967 tenore
735 1941 863 1966 utentes
876 1955 887 1971 ‚
911 1929 1066 1963 omnibus

128 1985 275 2032 Decanis
295 1997 350 2030 per
363 1983 479 2020 Archi-
492 1983 723 2026 Episcopatum
735 1979 921 2018 constitutis
943 1979 1066 2013 denun-

128 2035 268 2070 cietisin
280 2036 396 2069 virtute
407 2032 605 2068 obedientiae
615 2056 626 2073 ‚
652 2031 686 2065 in
698 2030 843 2075 periculo
855 2028 982 2064 ordinis
995 2052 1006 2068 ‚
1020 2028 1068 2061 of-

130 2085 242 2118 ficii&
255 2083 429 2125 beneficii,
456 2081 658 2126 quatenusin
677 2080 831 2115 omnibus
856 2078 1003 2114 Ecclesiis
1016 2076 1067 2120 ju-

130 2129 325 2169 risdieti'onis
341 2144 455 2168 eorum
468 2131 562 2175 hujus
575 2131 738 2165 interdicti
753 2129 954 2168 sententiam,
970 2137 1066 2172 quan-

134 2195 206 2218 tum
218 2184 252 2217 in
265 2183 312 2217 eis
323 2183 367 2217 est
377 2206 389 2223 ,
410 2182 533 2217 faciant
548 2181 782 2215 inviolabiliter
792 2178 972 2213 observari.
999 2177 1069 2211 Vos

135 2235 212 2269 Deo
223 2231 333 2277 potius
345 2232 445 2275 quam
458 2230 647 2265 hominibus
665 2230 854 2265 obedientes
867 2227 981 2263 Gratia
1003 2226 1068 2262 Dei

139 2282 303 2318 custodiat
317 2307 324 2314 .

142 2333 288 2368 similiter
301 2332 412 2366 Abbati
432 2333 470 2365 de
484 2329 683 2365 Feveresbam
701 2353 713 2371 .
740 2332 774 2364 Θ
796 2330 866 2364 aliis
890 2327 1050 2362 abbatibus
1062 2351 1072 2367 ,

166 2384 201 2418 Θ
214 2381 368 2416 Prioribus
374 2390 428 2424 per
442 2381 530 2414 Arc-bl
540 2399 552 2407 ·
563 2379 777 2424 Epiftopatum
788 2380 946 2421 constitutis
961 2391 972 2411 .-
998 2375 1054 2418 ιη’-[ἰ

212 2433 292 2475 quod
299 2442 357 2466 non
366 2440 502 2466 tenentur
522 2432 643 2473 aliquid
659 2435 827 2473 precipere
854 2424 980 2462 De'cams
993 2452 1000 2460 .

239 2527 652 2565 EPISTOLA
710 2525 975 2562 XXXVIII.

143 2608 272 2666 Thomas
284 2626 506 2666 cantuarienfis
519 2625 784 2669 Archi-Episcopus
797 2630 926 2660 Decaems
941 2630 1036 2660 Cant!
1044 2638 1078 2661 ae.

253 2727 377 2764 OVIT
401 2727 532 2763 dileetio
545 2729 646 2764 vestra
657 2750 668 2768 ,
681 2725 849 2769 quomodo
862 2725 894 2760 in
908 2727 1079 2768 perniciem

279 2778 427 2814 Ecclefiae
439 2778 603 2814 Dominus
617 2777 687 2811 Rex
700 2775 789 2811 Sedis
812 2776 1008 2819 Apostolicae
1030 2788 1081 2819 pa-

148 2829 264 2865 tientia
281 2830 315 2864 ὅ(
332 2828 439 2864 nostra
459 2831 580 2873 semper
597 2827 732 2863 abutens
754 2849 764 2866 ,
793 2826 949 2861 deteriora
973 2837 1082 2869 praece-

152 2878 303 2914 dentibus
318 2879 412 2914 malis
422 2879 544 2923 semper
553 2877 702 2923 adjecerit
715 2900 723 2909 .
750 2875 830 2910 Inde
850 2876 894 2909 est
917 2876 1005 2920 quod
1031 2887 1081 2911 vo·

153 2927 202 2962 bis
218 2929 253 2962 iu
264 2928 381 2964 virtute
392 2927 583 2964 obedientia:
593 2954 605 2970 ,
632 2928 667 2961 in
678 2926 819 2970 periculo
830 2926 954 2960 ordinis
966 2949 978 2967 ,
1014 2928 1082 2961 offi-

154 2978 200 3014 cii
213 2979 248 3012 &
273 2978 424 3014 beneficii
449 2978 663 3023 praecipiendo
682 2977 872 3011 mandamus
885 3000 896 3016 ,
922 2975 1082 3020 quatenus

159 3028 244 3062 infra
254 3028 442 3071 quindecim
452 3028 519 3063 dies
529 3028 547 3062 a
558 3026 756 3071 susceptione
766 3027 965 3070 praesentium
979 3027 1013 3061 in
1024 3028 1084 3061 Ec·

157 3077 259 3112 clefiis
271 3077 497 3121 jurisdictionis
509 3078 614 3114 vestrae
624 3077 737 3113 omnia
748 3076 856 3111 divina
867 3100 878 3117 ‚
904 3087 1012 3120 praeter
1026 3077 1083 3111 Ba-

157 3128 274 3172 ptisma
287 3127 492 3172 parvulorum
502 3129 535 3162 &
546 3126 752 3172 poenitentias
764 3127 973 3162 morientium
986 3151 997 3168 ‚
1015 3139 1083 3170 pro-

158 3175 298 3212 hibeatis
309 3177 417 3212 officia
427 3177 599 3216 celebrari,
626 3178 660 3211 dt
675 3175 768 3221 hujus
782 3176 940 3212 interdicti
962 3179 1083 3211 senten-

160 3226 239 3260 tiam
252 3251 263 3267 ,
290 3238 448 3271 quantum
470 3228 503 3261 in
527 3227 619 3261 vobis
637 3226 681 3260 est
692 3250 704 3266 ,
727 3226 847 3262 faciatis
867 3226 908 3260 ab
929 3228 1019 3261 omni
1028 3227 1084 3261 bus

163 3276 396 3311 inviolabiliter
405 3276 565 3311 observari
578 3301 585 3309 .
612 3275 666 3310 Ad
677 3275 739 3311 haec
751 3277 809 3312 sub
819 3276 927 3314 eadem
935 3278 1085 3315 intermi-

164 3326 300 3361 natione
311 3327 511 3370 praecipimus
522 3351 533 3368 ,
560 3334 595 3360 ut
607 3328 800 3369 procuretis,
810 3339 875 3372 quo
888 3327 988 3360 modo
1002 3326 1085 3360 litte-

165 3388 206 3410 rae
219 3374 330 3409 nostrae
339 3376 529 3412 Conventui
540 3376 777 3412 Cantuarienfis
789 3377 934 3412 Ecclefiae
959 3377 1086 3420 praesen-

166 3436 276 3461 rentur
289 3451 296 3457 .

262 3473 370 3515 christ.
384 3479 461 3519 Lupi
479 3479 577 3519 Opera
593 3479 672 3509 Tom.
696 3477 737 3508 X.

1856 126 1963 171 339,

1226 235 1632 274 EPlsTOLA
1702 243 1904 282 xxxug

1127 335 1255 371 Thomas
1275 335 1498 378 cantuarienfis
1523 336 1800 382 Archi-Episcopus
1825 349 2003 383 merebam„

1248 388 1349 421 Eleae
1370 389 1404 422 (τ
1429 389 1707 430 Οοηωηιιιὶβηᾶι
1726 393 1892 435 Augustini„

1202 486 1386 525 UANTO
1412 488 1616 523 Sacrnsancta
1626 487 1777 525 Romana
1799 492 1942 528 Ecclesia
1953 497 2031 531 Mo-

1225 538 1397 572 nasterium
1410 538 1547 572 vestrum
1559 538 1711 580 ampliori
1737 540 1873 577 donavit
1894 546 1996 588 gratia
2022 569 2035 586 ,

1229 588 1321 624 tanto
1330 587 1521 633 diligentius
1533 588 1628 631 ipsius
1647 589 1772 625 debetis
1782 591 1918 628 obedire
1938 605 2035 629 man»-

1105 640 1204 675 datis.
1236 638 1343 673 Unde
1363 638 1405 673 de
1417 638 1518 672 vestra
1526 637 1712 673 obedientia
1727 642 1813 684 spem
1824 652 1944 677 certam
1957 656 2038 679 con-

1106 690 1262 734 cipientes
1276 713 1287 729 ,
1299 687 1391 722 vobis
1402 686 1600 723 authoritate
1610 689 1751 723 Domini
1763 689 1856 735 Papae
1867 693 1902 727 ἀ
1914 693 2036 735 nostra,

1108 742 1145 775 in⁴
1156 741 1276 773 virtute
1286 737 1481 773 obedientia
1492 762 1507 778 ,.
1528 739 1563 772 iu
1575 738 1720 782 periculo
1734 739 1868 776 honoris
1881 767 1895 783 ,
1919 743 2038 783 officii,

1107 790 1142 824 &
1153 789 1271 835 gradus
1279 813 1293 829 ‚
1317 786 1531 832 praecipiendo
1541 787 1733 823 mandamus
1746 814 1761 831 ‚
1770 791 1929 834 quatenus
1951 794 2037 828 infra

1110 838 1299 885 quindecim
1306 838 1373 872 dies
1384 840 1402 872 a
1415 838 1617 882 susceptione
1624 839 1825 881 praesentium
1848 842 2036 877 abstineatis

1111 890 1154 924 ab
1169 888 1323 925 omnibus
1347 887 1485 922 Divinis
1495 912 1506 927 ,
1531 898 1666 931 excepta
1686 890 1877 932 poenitentia
1900 893 2048 927 morien-²

1075 979 1076 982 Ἴ
1112 942 1196 975 tium
1206 940 1239 974 ἀ
1250 937 1386 973 viatico
1398 961 1412 977 ,
1435 938 1525 982 quod
1534 937 1638 979 januis
1648 938 1763 973 clausas
1771 964 1783 980 ,
1812 941 1845 975 &
1866 941 1975 976 Laicis
1986 953 2043 976 ex·

1113 991 1205 1025 clusis
1216 988 1366 1033 privatim
1374 987 1442 1022 fieri
1454 987 1620 1022 neceffitas
1641 990 1788 1033 exposcit
1801 1014 1813 1031 ,
1838 991 1871 1025 dc
1897 991 2044 1037 Religio-

1115 1042 1164 1076 nis
1175 1042 1326 1083 impetrat
1347 1039 1440 1073 favor
1449 1063 1459 1071 .
1484 1036 1551 1072 Sub
1571 1038 1684 1072 eadem
1708 1050 1839 1084 quoque
1858 1040 2044 1077 intermina-

1114 1091 1204 1126 tione
1214 1087 1411 1133 praecipimus
1421 1111 1434 1128 ‚
1460 1096 1497 1121 ut
1511 1087 1545 1121 in
1555 1087 1709 1123 omnibus
1719 1089 1800 1125 locis
1817 1090 2049 1133 jurisdiffionis

1115 1141 1222 1175 vestrae
1232 1138 1465 1174 Ecclessasticae
1472 1138 1597 1172 faciatis
1609 1163 1620 1178 ,
1646 1148 1808 1182 quantum
1823 1145 1859 1175 in
1874 1140 1966 1175 vobis
1976 1141 2022 1175 est
2034 1165 2048 1183 ,

1115 1189 1208 1234 hujus
1221 1187 1379 1224 interdieti
1389 1188 1583 1222 sententiam
1594 1189 1829 1225 inviolabiliter
1839 1190 2001 1226 observari
2011 1214 2023 1224 .

1214 1289 1360 1320 Similiter
1379 1285 1628 1325 westmonasterii
1651 1310 1663 1325 ,
1701 1290 1730 1319 s.
1759 1288 1900 1329 Albaent,
1923 1291 1960 1323 5.

1248 1335 1408 1369 Edmunde
1417 1358 1429 1375 ,
1458 1336 1499 1379 ό*-
1506 1334 1724 1369 Malmesbmae
1735 1335 1911 1371 Abban‘bus.

1290 1433 1710 1470 EPISTOLA‘
1800 1436 1889 1472 XL.

1144 1534 1315 1571 Alexander
1327 1535 1414 1577 Papa
1424 1535 1550 1569 Rotrodo
1562 1533 1820 1580 Rotbomagenfi&
1833 1540 2024 1583 Nivernenss.

1214 1636 1382 1673 Um‘ro
1404 1636 1437 1672 &
1459 1637 1625 1672 intellecto
1643 1661 1654 1678 ,
1680 1637 1768 1681 quod
1792 1638 1993 1676 charissimus
2016 1642 2069 1677 in'

1240 1686 1371 1722 Christo
1381 1688 1485 1721 Filius
1498 1688 1627 1726 noster,
1653 1687 1816 1722 Heuricns
1838 1691 2077 1726 illustris-Rex*

1123 1737 1254 1783 Angliae
1265 1761 1276 1777 ,
1304 1737 1430 1769 Divina
1442 1736 1545 1779 gratia
1554 1735 1725 1778 inspiratus
1734 1762 1744 1778 ‚
1758 1738 1791 1771 δε
1805 1738 1957 1775 instantia
1969 1751 2061 1774 eom·

1123 1785 1386 1821 monitionum&
1399 1784 1671 1819 exhortationum
1687 1787 1864 1821 nostrarum
1877 1789 2020 1825 devians
2045 1814 2060 1831 ,

1125 1833 1299 1870 venerabili
1311 1834 1415 1868 Fratri
1432 1835 1541 1869 nostro
1556 1834 1695 1869 Thomae
1707 1836 1929 1871 Cantuariensi
1942 1838 2060 1874 Archi-
2075 1854 2080 1859 ·

1125 1885 1290 1929 Episcopo
1307 1883 1509 1926 Apostolicae
1525 1884 1618 1919 Sedis
1631 1884 1759 1930 Legato
1770 1910 1783 1926 ‚
1808 1888 1947 1931 gratiam
1959 1890 1993 1924 δε
2004 1900 2060 1933 pa-

1125 1945 1199 1969 cem
1221 1936 1309 1968 suam
1343 1932 1513 1967 restituerit
1532 1956 1542 1972 ‚
1569 1934 1665 1968 laetati
1690 1936 1800 1969 sumus
1821 1937 1997 1980 plurimum
2011 1939 2095 1979 &³

1126 1984 1244 2028 gavisi.
1272 1982 1316 2015 Et
1330 1982 1449 2016 exinde
1470 1983 1641 2018 universali
1663 1984 1807 2020 Ecclefiae
1830 1998 1988 2033 magnum
2000 1988 2058 2023 bo-

1129 2044 1206 2067 num
1218 2031 1251 2065 ὅ(
1265 2033 1499 2066 incrementum
1512 2033 1673 2069 credimus
1694 2036 1875 2072 auxiliante
1886 2039 1964 2073 Deo
1987 2050 2059 2083 pro-

1128 2093 1302 2116 venturum
1326 2106 1333 2114 .
1359 2081 1593 2118 Verumtamen
1613 2087 1771 2128 quoniam
1793 2088 1926 2131 quidam
1951 2113 1963 2129 ‚
1988 2092 2067 2123 tam‘

1129 2132 1248 2167 Clerici
1273 2132 1373 2175 quam
1393 2132 1485 2167 Laici
1500 2158 1510 2174 ,
1552 2134 1586 2168 in
1609 2134 1729 2181 Regno
1751 2136 1819 2180 ejus
1851 2139 2020 2173 constituti
2047 2163 2058 2179 ,

1131 2183 1200 2226 plus
1212 2183 1354 2216 faventes
1374 2191 1499 2216 terreno
1520 2181 1689 2228 principi,
1716 2186 1813 2231 quam
1840 2189 1924 2233 Regi
1948 2189 2061 2222 AEter-

1131 2243 1193 2271 no,
1218 2242 1276 2273 pro
1287 2241 1327 2264 eo
1339 2230 1427 2273 quod
1439 2242 1506 2266 tam
1520 2233 1678 2270 Ecclefias
1690 2260 1701 2276 ,
1712 2236 1808 2281 qudm
1819 2238 1881 2271 alia
1892 2239 1961 2282 jura
1975 2238 2061 2273 Can·

1133 2280 1299 2315 tuarienfis
1319 2280 1637 2319 Eccleliaeillicite&
1659 2288 1836 2321 enormiter
1847 2297 2062 2332 occuparunt,

1132 2331 1173 2365 ab
1183 2329 1299 2364 eodem
1314 2328 1439 2362 Archi·
1450 2330 1613 2375 Episcopo
1626 2337 1983 2373 excommunicationis
1996 2340 2065 2375 fue·

1134 2391 1168 2414 re
1188 2379 1320 2412 vinculo
1343 2378 1518 2420 innodati,
1545 2393 1628 2425 quos
1646 2384 1663 2416 ὲ
1686 2386 1786 2419 vestra
1807 2388 2023 2423 Fraternitate
2050 2415 2063 2431 ‚

1135 2431 1157 2463 fi
1170 2431 1238 2473 spes
1257 2437 1343 2463 certa
1356 2430 1433 2463 esset
1443 2429 1485 2464 de
1497 2441 1573 2472 pace
1584 2432 1798 2473 complenda,
1826 2436 1976 2471 subcerta
1998 2439 2063 2471 sor-

1136 2489 1189 2514 rna
1216 2477 1442 2515 mandavimus
1462 2479 1587 2512 absolvi
1607 2505 1617 2520 ‚
1644 2482 1849 2516 Fraternitati
1878 2485 1984 2520 vestrae
2007 2479 2083 2531 per*

1139 2529 1330 2573 Apostolica
1351 2530 1464 2571 scripta
1487 2527 1676 2563 mandamus
1705 2532 1740 2565 ἀ
1771 2532 1806 2566 in
1840 2535 1959 2570 virtute
1985 2537 2064 2572 obe-

1138 2579 1268 2614 dientiae
1287 2579 1506 2623 praecipimus,
1531 2580 1687 2622 quatenus
1702 2581 1760 2615 nisi
1781 2582 1830 2616 illi
1855 2586 1910 2628 qui
1934 2597 1994 2621 exc
2019 2598 2067 2622 m·

1141 2627 1619 2664 municarifuerunt&av0bis
1640 2631 1690 2663 vel
1711 2631 1752 2664 de
1779 2634 1936 2669 mandato
1958 2648 1998 2671 ve
2028 2648 2067 2671 ro

1141 2678 1316 2715 secundum
1337 2678 1477 2711 formam
1499 2678 1639 2713 nostram
1660 2679 1799 2716 absoluti
1821 2683 1894 2718 sunt
1914 2707 1925 2725 ,
1950 2685 1985 2719 ἀ
2008 2682 2069 2725 Ec-

1140 2730 1247 2765 clefias
1267 2729 1300 2762 ὅ(
1318 2727 1523 2771 poffeffiones
1553 2729 1794 2765 Cantuariensis
1831 2734 1974 2768 Ecclefiae
1992 2760 2005 2776 ,
2031 2738 2068 2770 δε

1140 2780 1290 2813 omnium
1305 2779 1433 2811 suorum
1448 2801 1460 2818 ,
1485 2789 1599 2813 ornnes
1608 2779 1727 2814 frustus
1750 2781 1827 2816 inde
1846 2794 2009 2828 perceptos
2020 2786 2069 2819 in·

1142 2832 1187 2864 fra
1199 2828 1316 2873 viginti
1329 2827 1397 2861 dies
1408 2826 1478 2870 post
1488 2830 1786 2865 commonitionem
1808 2833 1903 2876 ipsius
1925 2835 2069 2870 Cantua-

1143 2878 1292 2913 rienfis&
1313 2878 1465 2918 suorum,
1491 2878 1513 2912 fi
1536 2889 1646 2921 pacem
1666 2879 1836 2916 habuerint
1858 2904 1869 2924 ,
1896 2885 2069 2929 refignave-

1143 2931 1229 2968 rint,
1255 2928 1357 2961 cosin
1369 2927 1508 2962 eandem
1531 2930 1745 2970 sententiam,
1773 2932 1805 2965 in
1828 2941 1891 2974 qua
1904 2935 1989 2977 prius
2000 2936 2066 2968 fue-

1125 2993 1132 2999 ·
1143 2989 1217 3012 runt
1227 3003 1237 3019 ,
1263 2978 1345 3010 infra
1356 2977 1543 3020 quindecim
1553 2979 1622 3014 dies
1632 2981 1799 3023 postquam
1810 2984 1929 3017 exinde
1939 2983 2071 3027 requisi·

1144 3029 1169 3062 ti
1184 3027 1330 3066 fueritis,
1355 3027 1428 3062 fulti
1441 3028 1548 3062 nostra
1571 3029 1766 3064 authoritate
1784 3033 1878 3066 omni
1899 3034 2071 3068 occasione

1145 3078 1316 3122 postposita
1332 3078 1511 3118 revocetis,
1536 3078 1643 3112 donec
1653 3078 1776 3123 abipsis
1798 3082 1910 3117 omnia
1933 3083 2081 3126 supradi*

1143 3130 1190 3162 cta
1203 3127 1427 3170 compleantur
1444 3153 1450 3160 .
1473 3127 1506 3161 Si
1519 3128 1593 3160 vero
1607 3128 1707 3173 aliqui
1720 3129 1839 3165 Clerici
1851 3143 1891 3166 ex
1916 3133 1986 3175 ipfis
1998 3143 2072 3175 prae·

1145 3178 1334 3221 sumpserint
1348 3178 1505 3211 celebrare
1519 3177 1652 3218 Divina,
1666 3180 1714 3213 vel
1727 3180 1925 3215 Divinorum
1941 3181 2074 3215 interes-

1145 3229 1176 3261 se
1202 3227 1434 3266 celebrationi,
1460 3227 1511 3259 vel
1541 3227 1683 3269 aliquem
1704 3231 1907 3264 Sacerdotem
1929 3230 1968 3264 ad
1991 3231 2075 3264 celea

1146 3277 1303 3311 brandum
1317 3275 1483 3319 coegerint
1497 3300 1507 3315 ‚
1535 3276 1620 3319 ipsos
1629 3280 1721 3312 omni
1734 3280 1845 3313 officio
1868 3281 1900 3313 &
1912 3280 2073 3314 beneficio

1146 3328 1290 3370 privatos
1300 3324 1506 3359 denuncietis
1516 3350 1526 3366 ,
1551 3327 1584 3360 ὅτ
1594 3339 1648 3370 per
1659 3338 1760 3361 totam
1771 3338 1885 3361 terram
1911 3329 2011 3374 Regis
2022 3331 2075 3364 fa-

1145 3377 1237 3411 ciatis
1256 3373 1593 3419 privatosdenunciari
1606 3399 1615 3409 .
1638 3377 1758 3411 sivero
1770 3378 1860 3411 Laici
1872 3378 2003 3419 fuerint,
2013 3391 2077 3412 exa

1152 3436 1249 3471 cepto
1259 3427 1351 3470 Rege
1361 3424 1395 3459 δι
1409 3424 1480 3460 filio
1492 3427 1550 3461 suo
1562 3449 1574 3466 ‚
1584 3427 1639 3465 qui
1651 3426 1728 3460 talia
1740 3428 1995 3473 praesumpserint
2010 3451 2021 3467 ,
2031 3431 2076 3464 eis

1579 3474 1607 3507 F
1632 3475 1651 3508 f
1694 3487 1718 3512 2
1924 3479 2035 3513 duram
