<?xml version="1.0" encoding="UTF-8"?>
<!DOCTYPE html PUBLIC "-//W3C//DTD XHTML 1.0 Transitional//EN"
    "http://www.w3.org/TR/xhtml1/DTD/xhtml1-transitional.dtd">
<html xmlns="http://www.w3.org/1999/xhtml" xml:lang="en" lang="en">
 <head>
  <title>
</title>
<meta http-equiv="Content-Type" content="text/html;charset=utf-8" />
  <meta name='ocr-system' content='tesseract 3.04.00' />
  <meta name='ocr-capabilities' content='ocr_page ocr_carea ocr_par ocr_line ocrx_word'/>
</head>
<body>
  <div class='ocr_page' id='page_1' title='image "./operaomniastudio10lupuuoft/operaomniastudio10lupuuoft_0241.png"; bbox 0 0 2358 3776; ppageno 0'>
   <div class='ocr_carea' id='block_1_1' title="bbox 577 106 1659 173">
    <p class='ocr_par' dir='ltr' id='par_1_1' title="bbox 577 106 1659 173">
     <span class='ocr_line' id='line_1_1' title="bbox 577 106 1659 173; baseline 0.003 -14"><span class='ocrx_word' id='word_1_1' title='bbox 577 120 616 166; x_wconf 83' lang='lat' dir='ltr'>s.</span> <span class='ocrx_word' id='word_1_2' title='bbox 652 115 944 173; x_wconf 77' lang='lat' dir='ltr'>THOMAE</span> <span class='ocrx_word' id='word_1_3' title='bbox 980 106 1659 168; x_wconf 64' lang='lat' dir='ltr'>CANTUAR.L113.11.</span> 
     </span>
    </p>
   </div>
   <div class='ocr_carea' id='block_1_2' title="bbox 110 198 1089 3331">
    <p class='ocr_par' dir='ltr' id='par_1_2' title="bbox 110 198 1089 3331">
     <span class='ocr_line' id='line_1_2' title="bbox 121 198 1052 258; baseline -0.015 -12"><span class='ocrx_word' id='word_1_4' title='bbox 121 212 165 250; x_wconf 64' lang='grc' dir='ltr'>ιὰ</span> <span class='ocrx_word' id='word_1_5' title='bbox 185 209 351 258; x_wconf 71' lang='lat' dir='ltr'>perductus</span> <span class='ocrx_word' id='word_1_6' title='bbox 363 206 409 243; x_wconf 78' lang='lat' dir='ltr'>est</span> <span class='ocrx_word' id='word_1_7' title='bbox 419 232 430 250; x_wconf 89' lang='lat'>,</span> <span class='ocrx_word' id='word_1_8' title='bbox 452 205 563 251; x_wconf 71' lang='lat' dir='ltr'>utiam</span> <span class='ocrx_word' id='word_1_9' title='bbox 574 205 736 250; x_wconf 86' lang='lat' dir='ltr'>optaverit</span> <span class='ocrx_word' id='word_1_10' title='bbox 749 203 877 238; x_wconf 83' lang='lat' dir='ltr'>ltaliam</span> <span class='ocrx_word' id='word_1_11' title='bbox 898 198 1052 245; x_wconf 74' lang='lat' dir='ltr'>perdidis-</span> 
     </span>
     <span class='ocr_line' id='line_1_3' title="bbox 119 250 1052 305; baseline -0.016 -8"><span class='ocrx_word' id='word_1_12' title='bbox 119 267 174 304; x_wconf 80' lang='lat' dir='ltr'>se,</span> <span class='ocrx_word' id='word_1_13' title='bbox 198 271 295 305; x_wconf 85' lang='lat' dir='ltr'>quam</span> <span class='ocrx_word' id='word_1_14' title='bbox 307 259 448 293; x_wconf 88' lang='lat' dir='ltr'>retinere</span> <span class='ocrx_word' id='word_1_15' title='bbox 457 269 527 293; x_wconf 86' lang='lat' dir='ltr'>non</span> <span class='ocrx_word' id='word_1_16' title='bbox 552 255 675 301; x_wconf 86' lang='lat' dir='ltr'>potest.</span> <span class='ocrx_word' id='word_1_17' title='bbox 702 255 828 289; x_wconf 84' lang='lat' dir='ltr'>Timeo</span> <span class='ocrx_word' id='word_1_18' title='bbox 849 261 890 287; x_wconf 85' lang='lat' dir='ltr'>ne</span> <span class='ocrx_word' id='word_1_19' title='bbox 905 250 1052 294; x_wconf 69' lang='lat' dir='ltr'>praefatus</span> 
     </span>
     <span class='ocr_line' id='line_1_4' title="bbox 119 299 1052 356; baseline -0.013 -10"><span class='ocrx_word' id='word_1_20' title='bbox 119 313 218 351; x_wconf 83' lang='lat' dir='ltr'>Rex,</span> <span class='ocrx_word' id='word_1_21' title='bbox 242 308 412 345; x_wconf 87' lang='lat' dir='ltr'>ambulans</span> <span class='ocrx_word' id='word_1_22' title='bbox 422 309 458 353; x_wconf 79' lang='lat' dir='ltr'>in</span> <span class='ocrx_word' id='word_1_23' title='bbox 483 308 545 343; x_wconf 84' lang='lat' dir='ltr'>viis</span> <span class='ocrx_word' id='word_1_24' title='bbox 563 306 632 350; x_wconf 81' lang='lat' dir='ltr'>ejus</span> <span class='ocrx_word' id='word_1_25' title='bbox 646 330 658 347; x_wconf 88' lang='lat'>,</span> <span class='ocrx_word' id='word_1_26' title='bbox 681 305 828 344; x_wconf 80' lang='lat' dir='ltr'>exitum,</span> <span class='ocrx_word' id='word_1_27' title='bbox 849 299 940 346; x_wconf 82' lang='lat' dir='ltr'>quod</span> <span class='ocrx_word' id='word_1_28' title='bbox 961 299 1052 356; x_wconf 70' lang='lat' dir='ltr'>Deus</span> 
     </span>
     <span class='ocr_line' id='line_1_5' title="bbox 116 350 1053 406; baseline -0.012 -10"><span class='ocrx_word' id='word_1_29' title='bbox 116 360 297 406; x_wconf 84' lang='lat' dir='ltr'>impediat,</span> <span class='ocrx_word' id='word_1_30' title='bbox 325 359 462 393; x_wconf 85' lang='lat' dir='ltr'>similem</span> <span class='ocrx_word' id='word_1_31' title='bbox 485 359 703 400; x_wconf 79' lang='lat' dir='ltr'>consequatur</span> <span class='ocrx_word' id='word_1_32' title='bbox 722 380 729 387; x_wconf 91' lang='lat'><strong>.</strong></span> <span class='ocrx_word' id='word_1_33' title='bbox 759 350 911 388; x_wconf 70' lang='grc' dir='ltr'>Ρτοίεᾶὸ</span> <span class='ocrx_word' id='word_1_34' title='bbox 933 360 1053 385; x_wconf 80' lang='lat' dir='ltr'>mirum</span> 
     </span>
     <span class='ocr_line' id='line_1_6' title="bbox 112 401 1052 454; baseline -0.013 -9"><span class='ocrx_word' id='word_1_35' title='bbox 112 402 188 452; x_wconf 48' lang='lat' dir='ltr'>sest,</span> <span class='ocrx_word' id='word_1_36' title='bbox 213 408 300 454; x_wconf 75' lang='lat' dir='ltr'>quod</span> <span class='ocrx_word' id='word_1_37' title='bbox 314 408 429 444; x_wconf 88' lang='lat' dir='ltr'>nullus·</span> <span class='ocrx_word' id='word_1_38' title='bbox 447 407 693 452; x_wconf 69' lang='lat' dir='ltr'>Religioforum</span> <span class='ocrx_word' id='word_1_39' title='bbox 706 405 738 438; x_wconf 90' lang='lat' dir='ltr'>ei</span> <span class='ocrx_word' id='word_1_40' title='bbox 761 401 939 438; x_wconf 84' lang='lat' dir='ltr'>denunciat</span> <span class='ocrx_word' id='word_1_41' title='bbox 960 410 1052 435; x_wconf 87' lang='lat' dir='ltr'>tanta</span> 
     </span>
     <span class='ocr_line' id='line_1_7' title="bbox 114 450 1053 505; baseline -0.013 -10"><span class='ocrx_word' id='word_1_42' title='bbox 114 460 261 504; x_wconf 79' lang='lat' dir='ltr'>pericula</span> <span class='ocrx_word' id='word_1_43' title='bbox 273 459 460 494; x_wconf 85' lang='lat' dir='ltr'>imminere.</span> <span class='ocrx_word' id='word_1_44' title='bbox 486 456 581 505; x_wconf 84' lang='lat' dir='ltr'>Qid</span> <span class='ocrx_word' id='word_1_45' title='bbox 593 455 718 489; x_wconf 87' lang='lat' dir='ltr'>faciunt</span> <span class='ocrx_word' id='word_1_46' title='bbox 731 463 820 488; x_wconf 89' lang='lat' dir='ltr'>nunc</span> <span class='ocrx_word' id='word_1_47' title='bbox 838 450 887 486; x_wconf 88' lang='lat' dir='ltr'>illi</span> <span class='ocrx_word' id='word_1_48' title='bbox 907 450 1053 485; x_wconf 89' lang='lat' dir='ltr'>Grandi-</span> 
     </span>
     <span class='ocr_line' id='line_1_8' title="bbox 116 501 1053 553; baseline -0.011 -8"><span class='ocrx_word' id='word_1_49' title='bbox 116 510 277 545; x_wconf 89' lang='lat' dir='ltr'>Montani</span> <span class='ocrx_word' id='word_1_50' title='bbox 290 534 301 550; x_wconf 93' lang='lat'>‚</span> <span class='ocrx_word' id='word_1_51' title='bbox 326 520 407 553; x_wconf 86' lang='lat' dir='ltr'>quos</span> <span class='ocrx_word' id='word_1_52' title='bbox 419 509 474 542; x_wconf 91' lang='lat' dir='ltr'>ille</span> <span class='ocrx_word' id='word_1_53' title='bbox 486 504 570 542; x_wconf 70' lang='lat' dir='ltr'>adeo</span> <span class='ocrx_word' id='word_1_54' title='bbox 581 505 716 550; x_wconf 88' lang='lat' dir='ltr'>diligere</span> <span class='ocrx_word' id='word_1_55' title='bbox 727 501 895 546; x_wconf 74' lang='lat' dir='ltr'>consuevit</span> <span class='ocrx_word' id='word_1_56' title='bbox 906 501 939 535; x_wconf 76' lang='grc' dir='ltr'>δε</span> <span class='ocrx_word' id='word_1_57' title='bbox 961 512 1053 535; x_wconf 84' lang='lat' dir='ltr'>vene-</span> 
     </span>
     <span class='ocr_line' id='line_1_9' title="bbox 116 550 1054 598; baseline -0.01 -3"><span class='ocrx_word' id='word_1_58' title='bbox 116 560 180 595; x_wconf 85' lang='lat' dir='ltr'>rari</span> <span class='ocrx_word' id='word_1_59' title='bbox 189 561 211 598; x_wconf 66' lang='lat'>²?</span> <span class='ocrx_word' id='word_1_60' title='bbox 225 559 300 595; x_wconf 88' lang='lat' dir='ltr'>Ubi</span> <span class='ocrx_word' id='word_1_61' title='bbox 309 570 397 593; x_wconf 90' lang='lat' dir='ltr'>nunc</span> <span class='ocrx_word' id='word_1_62' title='bbox 406 557 523 592; x_wconf 83' lang='lat' dir='ltr'>Fontis</span> <span class='ocrx_word' id='word_1_63' title='bbox 535 555 670 590; x_wconf 84' lang='lat' dir='ltr'>ebraudi</span> <span class='ocrx_word' id='word_1_64' title='bbox 687 554 764 589; x_wconf 87' lang='lat' dir='ltr'>fides</span> <span class='ocrx_word' id='word_1_65' title='bbox 776 552 810 587; x_wconf 76' lang='lat' dir='ltr'>dt</span> <span class='ocrx_word' id='word_1_66' title='bbox 820 551 927 586; x_wconf 86' lang='lat' dir='ltr'>fervor</span> <span class='ocrx_word' id='word_1_67' title='bbox 938 550 971 584; x_wconf 88' lang='lat' dir='ltr'>in</span> <span class='ocrx_word' id='word_1_68' title='bbox 984 550 1054 586; x_wconf 85' lang='lat' dir='ltr'>Do·</span> 
     </span>
     <span class='ocr_line' id='line_1_10' title="bbox 115 601 1054 649; baseline -0.013 -3"><span class='ocrx_word' id='word_1_69' title='bbox 115 601 236 645; x_wconf 83' lang='lat' dir='ltr'>mino?</span> <span class='ocrx_word' id='word_1_70' title='bbox 262 606 526 647; x_wconf 77' lang='lat' dir='ltr'>Certeconfid0‚</span> <span class='ocrx_word' id='word_1_71' title='bbox 550 604 640 649; x_wconf 86' lang='lat' dir='ltr'>quod</span> <span class='ocrx_word' id='word_1_72' title='bbox 663 603 753 638; x_wconf 85' lang='lat' dir='ltr'>fiille</span> <span class='ocrx_word' id='word_1_73' title='bbox 773 601 921 637; x_wconf 76' lang='lat' dir='ltr'>Ecclesiae</span> <span class='ocrx_word' id='word_1_74' title='bbox 941 612 1054 645; x_wconf 84' lang='lat' dir='ltr'>pacem</span> 
     </span>
     <span class='ocr_line' id='line_1_11' title="bbox 115 650 1054 700; baseline -0.012 -5"><span class='ocrx_word' id='word_1_75' title='bbox 115 659 297 695; x_wconf 80' lang='lat' dir='ltr'>reddiderit</span> <span class='ocrx_word' id='word_1_76' title='bbox 307 683 319 700; x_wconf 92' lang='lat'>,</span> <span class='ocrx_word' id='word_1_77' title='bbox 343 658 378 693; x_wconf 72' lang='lat' dir='ltr'>dc</span> <span class='ocrx_word' id='word_1_78' title='bbox 388 656 543 692; x_wconf 75' lang='lat' dir='ltr'>recesserit</span> <span class='ocrx_word' id='word_1_79' title='bbox 555 655 573 689; x_wconf 71' lang='lat' dir='ltr'>a</span> <span class='ocrx_word' id='word_1_80' title='bbox 584 655 635 689; x_wconf 91' lang='lat' dir='ltr'>via</span> <span class='ocrx_word' id='word_1_81' title='bbox 647 654 733 690; x_wconf 87' lang='lat' dir='ltr'>mala</span> <span class='ocrx_word' id='word_1_82' title='bbox 742 672 756 694; x_wconf 58' lang='lat'><em>5</em></span> <span class='ocrx_word' id='word_1_83' title='bbox 781 651 1006 697; x_wconf 80' lang='lat' dir='ltr'>propitiabitur</span> <span class='ocrx_word' id='word_1_84' title='bbox 1017 650 1054 686; x_wconf 91' lang='lat' dir='ltr'>il-</span> 
     </span>
     <span class='ocr_line' id='line_1_12' title="bbox 116 701 1054 752; baseline -0.009 -7"><span class='ocrx_word' id='word_1_85' title='bbox 116 710 143 744; x_wconf 85' lang='lat' dir='ltr'>li</span> <span class='ocrx_word' id='word_1_86' title='bbox 154 711 267 750; x_wconf 85' lang='lat' dir='ltr'>Deus,</span> <span class='ocrx_word' id='word_1_87' title='bbox 292 706 558 752; x_wconf 88' lang='lat' dir='ltr'>&amp;impendentia</span> <span class='ocrx_word' id='word_1_88' title='bbox 570 705 712 750; x_wconf 82' lang='lat' dir='ltr'>pericula</span> <span class='ocrx_word' id='word_1_89' title='bbox 734 702 900 739; x_wconf 79' lang='lat' dir='ltr'>transferet</span> <span class='ocrx_word' id='word_1_90' title='bbox 911 701 929 736; x_wconf 74' lang='lat' dir='ltr'>a</span> <span class='ocrx_word' id='word_1_91' title='bbox 941 702 1054 737; x_wconf 87' lang='lat' dir='ltr'>Domo</span> 
     </span>
     <span class='ocr_line' id='line_1_13' title="bbox 115 751 1054 803; baseline -0.009 -9"><span class='ocrx_word' id='word_1_92' title='bbox 115 760 185 803; x_wconf 85' lang='lat' dir='ltr'>ejus</span> <span class='ocrx_word' id='word_1_93' title='bbox 197 785 205 793; x_wconf 93' lang='lat'><strong>.</strong></span> <span class='ocrx_word' id='word_1_94' title='bbox 216 777 220 783; x_wconf 93' lang='lat'><em>·</em></span> <span class='ocrx_word' id='word_1_95' title='bbox 232 759 321 793; x_wconf 90' lang='lat' dir='ltr'>Nam</span> <span class='ocrx_word' id='word_1_96' title='bbox 335 759 368 792; x_wconf 90' lang='lat'>&amp;</span> <span class='ocrx_word' id='word_1_97' title='bbox 382 756 500 793; x_wconf 88' lang='lat' dir='ltr'>Achab</span> <span class='ocrx_word' id='word_1_98' title='bbox 511 779 524 796; x_wconf 86' lang='lat'>,</span> <span class='ocrx_word' id='word_1_99' title='bbox 545 754 603 800; x_wconf 75' lang='lat' dir='ltr'>qui</span> <span class='ocrx_word' id='word_1_100' title='bbox 618 754 772 789; x_wconf 84' lang='lat' dir='ltr'>reveritus</span> <span class='ocrx_word' id='word_1_101' title='bbox 782 752 827 787; x_wconf 90' lang='lat' dir='ltr'>est</span> <span class='ocrx_word' id='word_1_102' title='bbox 849 751 965 788; x_wconf 83' lang='lat' dir='ltr'>faciem</span> <span class='ocrx_word' id='word_1_103' title='bbox 977 752 1054 787; x_wconf 91' lang='lat' dir='ltr'>Do-</span> 
     </span>
     <span class='ocr_line' id='line_1_14' title="bbox 113 801 1052 849; baseline -0.011 -5"><span class='ocrx_word' id='word_1_104' title='bbox 113 810 226 849; x_wconf 64' lang='lat' dir='ltr'>mini,</span> <span class='ocrx_word' id='word_1_105' title='bbox 252 808 384 842; x_wconf 74' lang='lat' dir='ltr'>Divina:</span> <span class='ocrx_word' id='word_1_106' title='bbox 406 804 676 848; x_wconf 81' lang='lat' dir='ltr'>comminationis</span> <span class='ocrx_word' id='word_1_107' title='bbox 693 802 821 849; x_wconf 88' lang='lat' dir='ltr'>flagella</span> <span class='ocrx_word' id='word_1_108' title='bbox 840 801 1019 838; x_wconf 85' lang='lat' dir='ltr'>declinavit</span> <span class='ocrx_word' id='word_1_109' title='bbox 1042 824 1052 834; x_wconf 73' lang='lat'><em>.</em></span> 
     </span>
     <span class='ocr_line' id='line_1_15' title="bbox 114 852 1055 901; baseline -0.007 -8"><span class='ocrx_word' id='word_1_110' title='bbox 114 858 280 901; x_wconf 82' lang='lat' dir='ltr'>Scriptum</span> <span class='ocrx_word' id='word_1_111' title='bbox 292 868 426 901; x_wconf 84' lang='lat' dir='ltr'>quoque</span> <span class='ocrx_word' id='word_1_112' title='bbox 436 855 594 895; x_wconf 86' lang='lat' dir='ltr'>memini,</span> <span class='ocrx_word' id='word_1_113' title='bbox 619 854 709 897; x_wconf 84' lang='lat' dir='ltr'>quod</span> <span class='ocrx_word' id='word_1_114' title='bbox 719 854 755 889; x_wconf 89' lang='lat' dir='ltr'>in</span> <span class='ocrx_word' id='word_1_115' title='bbox 777 853 957 899; x_wconf 81' lang='lat' dir='ltr'>proverbiis</span> <span class='ocrx_word' id='word_1_116' title='bbox 975 852 1055 897; x_wconf 88' lang='lat' dir='ltr'>legi-</span> 
     </span>
     <span class='ocr_line' id='line_1_16' title="bbox 112 903 1053 949; baseline -0.007 -7"><span class='ocrx_word' id='word_1_117' title='bbox 112 917 193 949; x_wconf 65' lang='grc' dir='ltr'>ωες</span> <span class='ocrx_word' id='word_1_118' title='bbox 218 910 297 940; x_wconf 81' lang='lat' dir='ltr'>Cum</span> <span class='ocrx_word' id='word_1_119' title='bbox 311 907 479 949; x_wconf 71' lang='lat' dir='ltr'>placuerint</span> <span class='ocrx_word' id='word_1_120' title='bbox 503 908 627 938; x_wconf 77' lang='lat' dir='ltr'>Domino</span> <span class='ocrx_word' id='word_1_121' title='bbox 651 910 717 940; x_wconf 79' lang='lat' dir='ltr'>viae</span> <span class='ocrx_word' id='word_1_122' title='bbox 738 903 894 944; x_wconf 71' lang='lat' dir='ltr'>bominis,</span> <span class='ocrx_word' id='word_1_123' title='bbox 919 907 1053 936; x_wconf 71' lang='lat' dir='ltr'>inimicos</span> 
     </span>
     <span class='ocr_line' id='line_1_17' title="bbox 115 953 1054 1001; baseline -0.002 -11"><span class='ocrx_word' id='word_1_124' title='bbox 115 967 231 1001; x_wconf 73' lang='lat' dir='ltr'>quoque</span> <span class='ocrx_word' id='word_1_125' title='bbox 252 957 318 999; x_wconf 71' lang='lat' dir='ltr'>eius</span> <span class='ocrx_word' id='word_1_126' title='bbox 338 963 486 991; x_wconf 80' lang='lat' dir='ltr'>convertet</span> <span class='ocrx_word' id='word_1_127' title='bbox 496 957 542 989; x_wconf 82' lang='lat' dir='ltr'>ad</span> <span class='ocrx_word' id='word_1_128' title='bbox 545 963 652 998; x_wconf 85' lang='lat' dir='ltr'>pacem</span> <span class='ocrx_word' id='word_1_129' title='bbox 666 980 674 987; x_wconf 90' lang='lat'><strong><em>.</em></strong></span> <span class='ocrx_word' id='word_1_130' title='bbox 695 955 730 991; x_wconf 89' lang='lat' dir='ltr'>Si</span> <span class='ocrx_word' id='word_1_131' title='bbox 739 965 818 1000; x_wconf 88' lang='lat' dir='ltr'>ergo</span> <span class='ocrx_word' id='word_1_132' title='bbox 829 953 980 998; x_wconf 82' lang='lat' dir='ltr'>expedire</span> <span class='ocrx_word' id='word_1_133' title='bbox 989 964 1054 988; x_wconf 89' lang='lat' dir='ltr'>cre-</span> 
     </span>
     <span class='ocr_line' id='line_1_18' title="bbox 113 1002 1055 1050; baseline -0.005 -8"><span class='ocrx_word' id='word_1_134' title='bbox 113 1006 282 1048; x_wconf 83' lang='lat' dir='ltr'>dideritis,</span> <span class='ocrx_word' id='word_1_135' title='bbox 311 1016 425 1050; x_wconf 87' lang='lat' dir='ltr'>precor</span> <span class='ocrx_word' id='word_1_136' title='bbox 446 1005 627 1045; x_wconf 68' lang='lat' dir='ltr'>attentius,</span> <span class='ocrx_word' id='word_1_137' title='bbox 657 1014 818 1050; x_wconf 85' lang='lat' dir='ltr'>quatenus</span> <span class='ocrx_word' id='word_1_138' title='bbox 840 1002 1017 1049; x_wconf 86' lang='lat' dir='ltr'>procuretis</span> <span class='ocrx_word' id='word_1_139' title='bbox 1042 1026 1055 1044; x_wconf 86' lang='lat'>,</span> 
     </span>
     <span class='ocr_line' id='line_1_19' title="bbox 112 1052 1054 1098; baseline -0.006 -5"><span class='ocrx_word' id='word_1_140' title='bbox 112 1066 155 1096; x_wconf 77' lang='lat' dir='ltr'>nt</span> <span class='ocrx_word' id='word_1_141' title='bbox 173 1057 273 1092; x_wconf 72' lang='lat' dir='ltr'>saneti</span> <span class='ocrx_word' id='word_1_142' title='bbox 283 1055 333 1090; x_wconf 91' lang='lat' dir='ltr'>illi</span> <span class='ocrx_word' id='word_1_143' title='bbox 345 1054 684 1096; x_wconf 83' lang='lat' dir='ltr'>Grandi-Montani,</span> <span class='ocrx_word' id='word_1_144' title='bbox 713 1055 762 1090; x_wconf 90' lang='lat' dir='ltr'>vel</span> <span class='ocrx_word' id='word_1_145' title='bbox 775 1054 830 1089; x_wconf 88' lang='lat' dir='ltr'>alii</span> <span class='ocrx_word' id='word_1_146' title='bbox 854 1065 936 1098; x_wconf 89' lang='lat' dir='ltr'>quos</span> <span class='ocrx_word' id='word_1_147' title='bbox 958 1052 1054 1088; x_wconf 89' lang='lat' dir='ltr'>beni-</span> 
     </span>
     <span class='ocr_line' id='line_1_20' title="bbox 117 1103 1055 1152; baseline -0.004 -11"><span class='ocrx_word' id='word_1_148' title='bbox 117 1106 218 1152; x_wconf 72' lang='lat' dir='ltr'>gnius</span> <span class='ocrx_word' id='word_1_149' title='bbox 232 1105 342 1141; x_wconf 86' lang='lat' dir='ltr'>audire</span> <span class='ocrx_word' id='word_1_150' title='bbox 354 1106 526 1141; x_wconf 88' lang='lat' dir='ltr'>consuevit</span> <span class='ocrx_word' id='word_1_151' title='bbox 538 1129 550 1146; x_wconf 94' lang='lat'>,</span> <span class='ocrx_word' id='word_1_152' title='bbox 574 1115 651 1139; x_wconf 90' lang='lat' dir='ltr'>eum</span> <span class='ocrx_word' id='word_1_153' title='bbox 663 1105 804 1140; x_wconf 82' lang='lat' dir='ltr'>statuant</span> <span class='ocrx_word' id='word_1_154' title='bbox 813 1115 927 1139; x_wconf 88' lang='lat' dir='ltr'>contra</span> <span class='ocrx_word' id='word_1_155' title='bbox 937 1103 1055 1138; x_wconf 89' lang='lat' dir='ltr'>faciem</span> 
     </span>
     <span class='ocr_line' id='line_1_21' title="bbox 115 1152 1055 1197; baseline -0.007 -5"><span class='ocrx_word' id='word_1_156' title='bbox 115 1157 212 1193; x_wconf 75' lang='lat' dir='ltr'>suam</span> <span class='ocrx_word' id='word_1_157' title='bbox 223 1179 235 1197; x_wconf 87' lang='lat'>,</span> <span class='ocrx_word' id='word_1_158' title='bbox 255 1165 508 1191; x_wconf 42' lang='lat' dir='ltr'>‘commonentes</span> <span class='ocrx_word' id='word_1_159' title='bbox 520 1153 623 1190; x_wconf 86' lang='lat' dir='ltr'>redire</span> <span class='ocrx_word' id='word_1_160' title='bbox 644 1154 684 1189; x_wconf 85' lang='lat' dir='ltr'>ad</span> <span class='ocrx_word' id='word_1_161' title='bbox 697 1167 775 1196; x_wconf 84' lang='lat' dir='ltr'>cor,</span> <span class='ocrx_word' id='word_1_162' title='bbox 799 1154 834 1188; x_wconf 74' lang='grc' dir='ltr'>ἀ</span> <span class='ocrx_word' id='word_1_163' title='bbox 855 1153 1018 1189; x_wconf 84' lang='lat' dir='ltr'>declinare</span> <span class='ocrx_word' id='word_1_164' title='bbox 1036 1152 1055 1185; x_wconf 77' lang='lat' dir='ltr'>a</span> 
     </span>
     <span class='ocr_line' id='line_1_22' title="bbox 116 1203 1055 1251; baseline -0.007 -11"><span class='ocrx_word' id='word_1_165' title='bbox 116 1205 263 1251; x_wconf 71' lang='lat' dir='ltr'>vestigiis</span> <span class='ocrx_word' id='word_1_166' title='bbox 271 1203 434 1240; x_wconf 85' lang='lat' dir='ltr'>Frederici</span> <span class='ocrx_word' id='word_1_167' title='bbox 448 1229 460 1245; x_wconf 91' lang='lat'>,</span> <span class='ocrx_word' id='word_1_168' title='bbox 487 1215 529 1239; x_wconf 85' lang='lat' dir='ltr'>ne</span> <span class='ocrx_word' id='word_1_169' title='bbox 541 1205 692 1239; x_wconf 84' lang='lat' dir='ltr'>Domino</span> <span class='ocrx_word' id='word_1_170' title='bbox 702 1205 855 1239; x_wconf 85' lang='lat' dir='ltr'>irascente</span> <span class='ocrx_word' id='word_1_171' title='bbox 864 1212 1055 1245; x_wconf 90' lang='lat' dir='ltr'>tyrannum,</span> 
     </span>
     <span class='ocr_line' id='line_1_23' title="bbox 114 1249 1054 1298; baseline -0.006 -9"><span class='ocrx_word' id='word_1_172' title='bbox 114 1265 217 1298; x_wconf 78' lang='lat' dir='ltr'>quem</span> <span class='ocrx_word' id='word_1_173' title='bbox 238 1253 355 1288; x_wconf 85' lang='lat' dir='ltr'>habuit</span> <span class='ocrx_word' id='word_1_174' title='bbox 376 1254 411 1288; x_wconf 90' lang='lat' dir='ltr'>in</span> <span class='ocrx_word' id='word_1_175' title='bbox 430 1255 526 1297; x_wconf 85' lang='lat' dir='ltr'>culpa</span> <span class='ocrx_word' id='word_1_176' title='bbox 545 1253 797 1298; x_wconf 66' lang='lat' dir='ltr'>praeambulum,</span> <span class='ocrx_word' id='word_1_177' title='bbox 824 1252 977 1295; x_wconf 71' lang='lat' dir='ltr'>praevium</span> <span class='ocrx_word' id='word_1_178' title='bbox 999 1249 1054 1283; x_wconf 92' lang='lat' dir='ltr'>ha-</span> 
     </span>
     <span class='ocr_line' id='line_1_24' title="bbox 112 1295 1054 1341; baseline -0.007 -1"><span class='ocrx_word' id='word_1_179' title='bbox 112 1295 191 1340; x_wconf 71' lang='lat' dir='ltr'>beat</span> <span class='ocrx_word' id='word_1_180' title='bbox 203 1305 239 1337; x_wconf 90' lang='lat' dir='ltr'>in</span> <span class='ocrx_word' id='word_1_181' title='bbox 259 1303 386 1337; x_wconf 88' lang='lat' dir='ltr'>ruinam</span> <span class='ocrx_word' id='word_1_182' title='bbox 407 1327 415 1334; x_wconf 92' lang='lat'><em>.</em></span> <span class='ocrx_word' id='word_1_183' title='bbox 457 1303 533 1336; x_wconf 90' lang='lat' dir='ltr'>Nec</span> <span class='ocrx_word' id='word_1_184' title='bbox 551 1301 703 1335; x_wconf 83' lang='lat' dir='ltr'>desistant</span> <span class='ocrx_word' id='word_1_185' title='bbox 725 1323 737 1341; x_wconf 91' lang='lat'>,</span> <span class='ocrx_word' id='word_1_186' title='bbox 762 1301 786 1334; x_wconf 87' lang='lat' dir='ltr'>si</span> <span class='ocrx_word' id='word_1_187' title='bbox 808 1299 991 1334; x_wconf 85' lang='lat' dir='ltr'>obdurescit</span> <span class='ocrx_word' id='word_1_188' title='bbox 1012 1298 1054 1333; x_wconf 89' lang='lat' dir='ltr'>ad</span> 
     </span>
     <span class='ocr_line' id='line_1_25' title="bbox 116 1348 1055 1398; baseline -0.006 -10"><span class='ocrx_word' id='word_1_189' title='bbox 116 1363 248 1398; x_wconf 82' lang='lat' dir='ltr'>preces,</span> <span class='ocrx_word' id='word_1_190' title='bbox 275 1351 501 1387; x_wconf 82' lang='lat' dir='ltr'>fiirasciturad</span> <span class='ocrx_word' id='word_1_191' title='bbox 523 1350 816 1393; x_wconf 81' lang='lat' dir='ltr'>comminationes3</span> <span class='ocrx_word' id='word_1_192' title='bbox 842 1348 1055 1384; x_wconf 86' lang='lat' dir='ltr'>meminerint</span> 
     </span>
     <span class='ocr_line' id='line_1_26' title="bbox 114 1398 1054 1448; baseline -0.003 -12"><span class='ocrx_word' id='word_1_193' title='bbox 114 1401 227 1448; x_wconf 71' lang='lat' dir='ltr'>potius</span> <span class='ocrx_word' id='word_1_194' title='bbox 261 1400 342 1436; x_wconf 88' lang='lat' dir='ltr'>illud</span> <span class='ocrx_word' id='word_1_195' title='bbox 383 1400 610 1436; x_wconf 82' lang='lat' dir='ltr'>Catonianum</span> <span class='ocrx_word' id='word_1_196' title='bbox 635 1411 644 1431; x_wconf 71' lang='grc' dir='ltr'>ι</span> <span class='ocrx_word' id='word_1_197' title='bbox 681 1404 812 1443; x_wconf 81' lang='lat' dir='ltr'>Cumque</span> <span class='ocrx_word' id='word_1_198' title='bbox 857 1408 955 1434; x_wconf 70' lang='lat' dir='ltr'>mnes</span> <span class='ocrx_word' id='word_1_199' title='bbox 995 1398 1054 1433; x_wconf 75' lang='lat' dir='ltr'>ali·</span> 
     </span>
     <span class='ocr_line' id='line_1_27' title="bbox 110 1448 1054 1499; baseline -0.005 -13"><span class='ocrx_word' id='word_1_200' title='bbox 110 1463 203 1499; x_wconf 57' lang='lat' dir='ltr'>quem</span> <span class='ocrx_word' id='word_1_201' title='bbox 236 1476 248 1493; x_wconf 90' lang='lat'>,</span> <span class='ocrx_word' id='word_1_202' title='bbox 274 1463 325 1485; x_wconf 83' lang='lat' dir='ltr'>nec</span> <span class='ocrx_word' id='word_1_203' title='bbox 354 1448 388 1492; x_wconf 85' lang='lat' dir='ltr'>se</span> <span class='ocrx_word' id='word_1_204' title='bbox 409 1449 568 1493; x_wconf 23' lang='lat' dir='ltr'>velit-ipse</span> <span class='ocrx_word' id='word_1_205' title='bbox 590 1455 720 1491; x_wconf 70' lang='lat' dir='ltr'>moneri,</span> <span class='ocrx_word' id='word_1_206' title='bbox 742 1449 773 1491; x_wconf 84' lang='lat' dir='ltr'><em>fi</em></span> <span class='ocrx_word' id='word_1_207' title='bbox 790 1448 889 1490; x_wconf 68' lang='lat' dir='ltr'>tibist}</span> <span class='ocrx_word' id='word_1_208' title='bbox 910 1448 1024 1493; x_wconf 33' lang='lat' dir='ltr'>charus·</span> <span class='ocrx_word' id='word_1_209' title='bbox 1042 1473 1054 1489; x_wconf 90' lang='lat'>,</span> 
     </span>
     <span class='ocr_line' id='line_1_28' title="bbox 111 1498 1053 1542; baseline -0.003 -6"><span class='ocrx_word' id='word_1_210' title='bbox 111 1503 177 1537; x_wconf 53' lang='lat' dir='ltr'>nola*</span> <span class='ocrx_word' id='word_1_211' title='bbox 201 1499 439 1542; x_wconf 74' lang='lat' dir='ltr'>defisterecoeptrs</span> <span class='ocrx_word' id='word_1_212' title='bbox 455 1525 463 1532; x_wconf 86' lang='lat'>.</span> <span class='ocrx_word' id='word_1_213' title='bbox 491 1498 615 1533; x_wconf 75' lang='lat' dir='ltr'>Sivero</span> <span class='ocrx_word' id='word_1_214' title='bbox 628 1500 750 1542; x_wconf 85' lang='lat' dir='ltr'>sapiat,</span> <span class='ocrx_word' id='word_1_215' title='bbox 775 1499 886 1534; x_wconf 86' lang='lat' dir='ltr'>audiet</span> <span class='ocrx_word' id='word_1_216' title='bbox 896 1499 995 1539; x_wconf 87' lang='lat' dir='ltr'>illos,</span> <span class='ocrx_word' id='word_1_217' title='bbox 1019 1499 1053 1533; x_wconf 75' lang='grc' dir='ltr'>δε</span> 
     </span>
     <span class='ocr_line' id='line_1_29' title="bbox 111 1548 1054 1598; baseline -0.003 -14"><span class='ocrx_word' id='word_1_218' title='bbox 111 1551 329 1598; x_wconf 69' lang='lat' dir='ltr'>perseipsum</span> <span class='ocrx_word' id='word_1_219' title='bbox 342 1561 417 1584; x_wconf 89' lang='lat' dir='ltr'>cum</span> <span class='ocrx_word' id='word_1_220' title='bbox 433 1548 583 1584; x_wconf 89' lang='lat' dir='ltr'>Domino</span> <span class='ocrx_word' id='word_1_221' title='bbox 592 1548 814 1584; x_wconf 87' lang='lat' dir='ltr'>Cantuariensi</span> <span class='ocrx_word' id='word_1_222' title='bbox 824 1549 920 1583; x_wconf 85' lang='lat' dir='ltr'>faciet</span> <span class='ocrx_word' id='word_1_223' title='bbox 933 1558 1054 1592; x_wconf 84' lang='lat' dir='ltr'>pacem:</span> 
     </span>
     <span class='ocr_line' id='line_1_30' title="bbox 110 1598 1053 1644; baseline -0.004 -9"><span class='ocrx_word' id='word_1_224' title='bbox 110 1611 181 1644; x_wconf 62' lang='lat' dir='ltr'>„nec</span> <span class='ocrx_word' id='word_1_225' title='bbox 197 1600 361 1639; x_wconf 72' lang='lat' dir='ltr'>mediante</span> <span class='ocrx_word' id='word_1_226' title='bbox 382 1600 539 1634; x_wconf 77' lang='lat' dir='ltr'>Romano</span> <span class='ocrx_word' id='word_1_227' title='bbox 559 1598 743 1641; x_wconf 74' lang='lat' dir='ltr'>pontifice,</span> <span class='ocrx_word' id='word_1_228' title='bbox 768 1609 829 1632; x_wconf 89' lang='lat' dir='ltr'>nec</span> <span class='ocrx_word' id='word_1_229' title='bbox 841 1598 935 1643; x_wconf 86' lang='lat' dir='ltr'>Rege</span> <span class='ocrx_word' id='word_1_230' title='bbox 957 1599 1053 1632; x_wconf 85' lang='lat' dir='ltr'>Fran-</span> 
     </span>
     <span class='ocr_line' id='line_1_31' title="bbox 113 1647 1057 1697; baseline -0.004 -12"><span class='ocrx_word' id='word_1_231' title='bbox 113 1660 235 1697; x_wconf 70' lang='lat' dir='ltr'>corum</span> <span class='ocrx_word' id='word_1_232' title='bbox 252 1675 264 1691; x_wconf 95' lang='lat'>‚</span> <span class='ocrx_word' id='word_1_233' title='bbox 290 1661 351 1685; x_wconf 88' lang='lat' dir='ltr'>nec</span> <span class='ocrx_word' id='word_1_234' title='bbox 363 1659 459 1692; x_wconf 83' lang='lat' dir='ltr'>opera</span> <span class='ocrx_word' id='word_1_235' title='bbox 470 1647 697 1684; x_wconf 87' lang='lat' dir='ltr'>Cardinalium</span> <span class='ocrx_word' id='word_1_236' title='bbox 708 1673 722 1689; x_wconf 91' lang='lat'><strong>‚</strong></span> <span class='ocrx_word' id='word_1_237' title='bbox 746 1659 806 1684; x_wconf 90' lang='lat' dir='ltr'>nec</span> <span class='ocrx_word' id='word_1_238' title='bbox 816 1648 927 1692; x_wconf 88' lang='lat' dir='ltr'>aliquo</span> <span class='ocrx_word' id='word_1_239' title='bbox 948 1656 1057 1691; x_wconf 87' lang='lat' dir='ltr'>praeter</span> 
     </span>
     <span class='ocr_line' id='line_1_32' title="bbox 115 1697 1058 1747; baseline -0.003 -14"><span class='ocrx_word' id='word_1_240' title='bbox 115 1699 320 1747; x_wconf 57' lang='lat' dir='ltr'>,illllmrqffi</span> <span class='ocrx_word' id='word_1_241' title='bbox 342 1697 470 1734; x_wconf 87' lang='lat' dir='ltr'>medius</span> <span class='ocrx_word' id='word_1_242' title='bbox 487 1697 534 1733; x_wconf 84' lang='lat' dir='ltr'>est</span> <span class='ocrx_word' id='word_1_243' title='bbox 555 1723 566 1740; x_wconf 89' lang='lat'>,</span> <span class='ocrx_word' id='word_1_244' title='bbox 601 1698 803 1743; x_wconf 87' lang='lat' dir='ltr'>ubicumque</span> <span class='ocrx_word' id='word_1_245' title='bbox 823 1698 891 1733; x_wconf 90' lang='lat' dir='ltr'>duo</span> <span class='ocrx_word' id='word_1_246' title='bbox 913 1697 965 1732; x_wconf 85' lang='lat' dir='ltr'>vel</span> <span class='ocrx_word' id='word_1_247' title='bbox 996 1706 1058 1732; x_wconf 84' lang='lat' dir='ltr'>tres</span> 
     </span>
     <span class='ocr_line' id='line_1_33' title="bbox 115 1745 1054 1793; baseline -0.005 -10"><span class='ocrx_word' id='word_1_248' title='bbox 115 1758 362 1793; x_wconf 83' lang='lat' dir='ltr'>congregantur</span> <span class='ocrx_word' id='word_1_249' title='bbox 372 1750 407 1782; x_wconf 88' lang='lat' dir='ltr'>in</span> <span class='ocrx_word' id='word_1_250' title='bbox 422 1747 559 1782; x_wconf 81' lang='lat' dir='ltr'>nomine</span> <span class='ocrx_word' id='word_1_251' title='bbox 579 1748 665 1790; x_wconf 78' lang='lat' dir='ltr'>ejus.</span> <span class='ocrx_word' id='word_1_252' title='bbox 695 1748 758 1782; x_wconf 85' lang='lat' dir='ltr'>Sed</span> <span class='ocrx_word' id='word_1_253' title='bbox 779 1747 863 1781; x_wconf 83' lang='lat' dir='ltr'>istud</span> <span class='ocrx_word' id='word_1_254' title='bbox 885 1745 1054 1789; x_wconf 85' lang='lat' dir='ltr'>adimpleri</span> 
     </span>
     <span class='ocr_line' id='line_1_34' title="bbox 114 1793 1057 1842; baseline -0.007 -9"><span class='ocrx_word' id='word_1_255' title='bbox 114 1809 189 1834; x_wconf 76' lang='lat' dir='ltr'>non</span> <span class='ocrx_word' id='word_1_256' title='bbox 203 1796 330 1842; x_wconf 87' lang='lat' dir='ltr'>potest,</span> <span class='ocrx_word' id='word_1_257' title='bbox 355 1796 415 1830; x_wconf 83' lang='lat' dir='ltr'>nisi</span> <span class='ocrx_word' id='word_1_258' title='bbox 437 1796 495 1839; x_wconf 85' lang='lat' dir='ltr'>ipsi</span> <span class='ocrx_word' id='word_1_259' title='bbox 517 1795 727 1839; x_wconf 84' lang='lat' dir='ltr'>personaliter</span> <span class='ocrx_word' id='word_1_260' title='bbox 747 1795 998 1837; x_wconf 82' lang='lat' dir='ltr'>colloquantur,</span> <span class='ocrx_word' id='word_1_261' title='bbox 1024 1793 1057 1826; x_wconf 75' lang='grc' dir='ltr'>δι</span> 
     </span>
     <span class='ocr_line' id='line_1_35' title="bbox 110 1842 1056 1884; baseline -0.008 -1"><span class='ocrx_word' id='word_1_262' title='bbox 110 1844 365 1884; x_wconf 70' lang='grc' dir='ltr'>Εδὶιπωωοδε</span> <span class='ocrx_word' id='word_1_263' title='bbox 383 1846 416 1879; x_wconf 90' lang='lat' dir='ltr'>se</span> <span class='ocrx_word' id='word_1_264' title='bbox 439 1843 481 1879; x_wconf 86' lang='lat' dir='ltr'>ad</span> <span class='ocrx_word' id='word_1_265' title='bbox 505 1843 646 1883; x_wconf 82' lang='lat' dir='ltr'>invicem</span> <span class='ocrx_word' id='word_1_266' title='bbox 668 1844 803 1879; x_wconf 89' lang='lat' dir='ltr'>fecerint</span> <span class='ocrx_word' id='word_1_267' title='bbox 826 1842 927 1878; x_wconf 83' lang='lat' dir='ltr'>fidem</span> <span class='ocrx_word' id='word_1_268' title='bbox 944 1867 953 1876; x_wconf 89' lang='lat'>.</span> <span class='ocrx_word' id='word_1_269' title='bbox 979 1842 1056 1876; x_wconf 90' lang='lat' dir='ltr'>Scio</span> 
     </span>
     <span class='ocr_line' id='line_1_36' title="bbox 114 1892 1056 1944; baseline -0.007 -12"><span class='ocrx_word' id='word_1_270' title='bbox 114 1895 209 1944; x_wconf 64' lang='lat' dir='ltr'>enim</span> <span class='ocrx_word' id='word_1_271' title='bbox 223 1920 236 1938; x_wconf 88' lang='lat'>,</span> <span class='ocrx_word' id='word_1_272' title='bbox 259 1894 380 1942; x_wconf 83' lang='lat' dir='ltr'>quodsi</span> <span class='ocrx_word' id='word_1_273' title='bbox 391 1895 471 1929; x_wconf 86' lang='lat' dir='ltr'>alter</span> <span class='ocrx_word' id='word_1_274' title='bbox 483 1894 583 1938; x_wconf 83' lang='lat' dir='ltr'>poffet</span> <span class='ocrx_word' id='word_1_275' title='bbox 594 1894 635 1929; x_wconf 89' lang='lat' dir='ltr'>de</span> <span class='ocrx_word' id='word_1_276' title='bbox 656 1894 758 1929; x_wconf 88' lang='lat' dir='ltr'>altero</span> <span class='ocrx_word' id='word_1_277' title='bbox 775 1893 942 1929; x_wconf 87' lang='lat' dir='ltr'>confidere</span> <span class='ocrx_word' id='word_1_278' title='bbox 954 1917 965 1933; x_wconf 92' lang='lat'>,</span> <span class='ocrx_word' id='word_1_279' title='bbox 1000 1892 1056 1936; x_wconf 83' lang='lat' dir='ltr'>ipsi</span> 
     </span>
     <span class='ocr_line' id='line_1_37' title="bbox 114 1942 1057 1990; baseline -0.007 -8"><span class='ocrx_word' id='word_1_280' title='bbox 114 1946 178 1986; x_wconf 80' lang='lat' dir='ltr'>sibi</span> <span class='ocrx_word' id='word_1_281' title='bbox 189 1946 348 1990; x_wconf 78' lang='lat' dir='ltr'>optimam</span> <span class='ocrx_word' id='word_1_282' title='bbox 369 1944 527 1980; x_wconf 70' lang='lat' dir='ltr'>dictarent</span> <span class='ocrx_word' id='word_1_283' title='bbox 539 1944 573 1979; x_wconf 75' lang='grc' dir='ltr'>δι</span> <span class='ocrx_word' id='word_1_284' title='bbox 584 1943 705 1978; x_wconf 88' lang='lat' dir='ltr'>inirent</span> <span class='ocrx_word' id='word_1_285' title='bbox 715 1942 898 1979; x_wconf 74' lang='lat' dir='ltr'>concordia:</span> <span class='ocrx_word' id='word_1_286' title='bbox 906 1944 1057 1978; x_wconf 87' lang='lat' dir='ltr'>formam.</span> 
     </span>
     <span class='ocr_line' id='line_1_38' title="bbox 121 1990 1060 2041; baseline -0.005 -10"><span class='ocrx_word' id='word_1_287' title='bbox 121 1990 314 2041; x_wconf 62' lang='lat' dir='ltr'>mquidem</span> <span class='ocrx_word' id='word_1_288' title='bbox 329 1995 403 2029; x_wconf 81' lang='lat' dir='ltr'>Rex</span> <span class='ocrx_word' id='word_1_289' title='bbox 414 1993 496 2029; x_wconf 75' lang='lat' dir='ltr'>bene</span> <span class='ocrx_word' id='word_1_290' title='bbox 508 1993 638 2037; x_wconf 85' lang='lat' dir='ltr'>plenam</span> <span class='ocrx_word' id='word_1_291' title='bbox 655 1994 696 2027; x_wconf 86' lang='lat' dir='ltr'>de</span> <span class='ocrx_word' id='word_1_292' title='bbox 716 1992 820 2027; x_wconf 81' lang='lat' dir='ltr'>Archi</span> <span class='ocrx_word' id='word_1_293' title='bbox 830 2008 849 2018; x_wconf 88' lang='lat'><em>-</em></span> <span class='ocrx_word' id='word_1_294' title='bbox 860 1992 1023 2036; x_wconf 84' lang='lat' dir='ltr'>Episcopo</span> <span class='ocrx_word' id='word_1_295' title='bbox 1048 2013 1060 2031; x_wconf 88' lang='lat'><strong><em>,</em></strong></span> 
     </span>
     <span class='ocr_line' id='line_1_39' title="bbox 114 2039 1060 2091; baseline -0.005 -11"><span class='ocrx_word' id='word_1_296' title='bbox 114 2039 210 2091; x_wconf 64' lang='lat' dir='ltr'>licut.</span> <span class='ocrx_word' id='word_1_297' title='bbox 226 2044 399 2080; x_wconf 70' lang='lat' dir='ltr'>eertiffime</span> <span class='ocrx_word' id='word_1_298' title='bbox 419 2043 579 2083; x_wconf 79' lang='lat' dir='ltr'>arbitror,</span> <span class='ocrx_word' id='word_1_299' title='bbox 604 2045 706 2088; x_wconf 82' lang='lat' dir='ltr'>poflet</span> <span class='ocrx_word' id='word_1_300' title='bbox 727 2041 845 2077; x_wconf 85' lang='lat' dir='ltr'>habere</span> <span class='ocrx_word' id='word_1_301' title='bbox 867 2040 1023 2076; x_wconf 80' lang='lat' dir='ltr'>fiduciam</span> <span class='ocrx_word' id='word_1_302' title='bbox 1048 2063 1060 2080; x_wconf 89' lang='lat'>,</span> 
     </span>
     <span class='ocr_line' id='line_1_40' title="bbox 110 2088 1059 2140; baseline -0.006 -10"><span class='ocrx_word' id='word_1_303' title='bbox 110 2090 200 2140; x_wconf 65' lang='lat' dir='ltr'>„quia</span> <span class='ocrx_word' id='word_1_304' title='bbox 214 2096 262 2130; x_wconf 88' lang='lat' dir='ltr'>vir</span> <span class='ocrx_word' id='word_1_305' title='bbox 273 2089 524 2139; x_wconf 63' lang='lat' dir='ltr'>religiosusesl,</span> <span class='ocrx_word' id='word_1_306' title='bbox 547 2092 628 2127; x_wconf 85' lang='lat' dir='ltr'>&amp;id</span> <span class='ocrx_word' id='word_1_307' title='bbox 651 2093 820 2127; x_wconf 84' lang='lat' dir='ltr'>dumtaxat</span> <span class='ocrx_word' id='word_1_308' title='bbox 829 2102 923 2137; x_wconf 84' lang='lat' dir='ltr'>agere</span> <span class='ocrx_word' id='word_1_309' title='bbox 932 2088 1059 2131; x_wconf 85' lang='lat' dir='ltr'>studet,</span> 
     </span>
     <span class='ocr_line' id='line_1_41' title="bbox 113 2140 1059 2194; baseline -0.006 -14"><span class='ocrx_word' id='word_1_310' title='bbox 113 2145 210 2194; x_wconf 60' lang='lat' dir='ltr'>guod</span> <span class='ocrx_word' id='word_1_311' title='bbox 233 2143 275 2179; x_wconf 89' lang='lat' dir='ltr'>ad</span> <span class='ocrx_word' id='word_1_312' title='bbox 298 2144 439 2190; x_wconf 85' lang='lat' dir='ltr'>gloriam</span> <span class='ocrx_word' id='word_1_313' title='bbox 462 2142 527 2177; x_wconf 91' lang='lat' dir='ltr'>Dei</span> <span class='ocrx_word' id='word_1_314' title='bbox 547 2143 695 2187; x_wconf 85' lang='lat' dir='ltr'>proficiat</span> <span class='ocrx_word' id='word_1_315' title='bbox 714 2168 725 2183; x_wconf 90' lang='lat'><em>‚</em></span> <span class='ocrx_word' id='word_1_316' title='bbox 750 2144 783 2177; x_wconf 75' lang='grc' dir='ltr'>δε</span> <span class='ocrx_word' id='word_1_317' title='bbox 800 2143 831 2176; x_wconf 92' lang='lat' dir='ltr'>ei</span> <span class='ocrx_word' id='word_1_318' title='bbox 852 2142 999 2176; x_wconf 85' lang='lat' dir='ltr'>conferat</span> <span class='ocrx_word' id='word_1_319' title='bbox 1019 2140 1059 2174; x_wconf 86' lang='lat' dir='ltr'>ad</span> 
     </span>
     <span class='ocr_line' id='line_1_42' title="bbox 112 2189 1060 2241; baseline -0.008 -9"><span class='ocrx_word' id='word_1_320' title='bbox 112 2189 262 2232; x_wconf 55' lang='lat' dir='ltr'>salutem</span> <span class='ocrx_word' id='word_1_321' title='bbox 275 2219 283 2227; x_wconf 93' lang='lat'><strong><em>.</em></strong></span> <span class='ocrx_word' id='word_1_322' title='bbox 311 2192 457 2241; x_wconf 76' lang='lat' dir='ltr'>Rediens</span> <span class='ocrx_word' id='word_1_323' title='bbox 480 2194 609 2237; x_wconf 71' lang='lat' dir='ltr'>nupera</span> <span class='ocrx_word' id='word_1_324' title='bbox 633 2194 750 2228; x_wconf 71' lang='lat' dir='ltr'>Sanflo</span> <span class='ocrx_word' id='word_1_325' title='bbox 761 2191 904 2237; x_wconf 85' lang='lat' dir='ltr'>AEgidio</span> <span class='ocrx_word' id='word_1_326' title='bbox 915 2192 1007 2225; x_wconf 85' lang='lat' dir='ltr'>sanus</span> <span class='ocrx_word' id='word_1_327' title='bbox 1026 2189 1060 2224; x_wconf 89' lang='lat'>&amp;</span> 
     </span>
     <span class='ocr_line' id='line_1_43' title="bbox 121 2241 1059 2287; baseline -0.007 -6"><span class='ocrx_word' id='word_1_328' title='bbox 121 2243 320 2284; x_wconf 87' lang='lat' dir='ltr'>incolumis,</span> <span class='ocrx_word' id='word_1_329' title='bbox 346 2254 400 2287; x_wconf 89' lang='lat' dir='ltr'>per</span> <span class='ocrx_word' id='word_1_330' title='bbox 425 2242 532 2286; x_wconf 88' lang='lat' dir='ltr'>ipsum</span> <span class='ocrx_word' id='word_1_331' title='bbox 558 2243 727 2277; x_wconf 74' lang='lat' dir='ltr'>transitum</span> <span class='ocrx_word' id='word_1_332' title='bbox 737 2242 821 2283; x_wconf 85' lang='lat' dir='ltr'>feci,</span> <span class='ocrx_word' id='word_1_333' title='bbox 846 2241 881 2276; x_wconf 77' lang='grc' dir='ltr'>ἀ</span> <span class='ocrx_word' id='word_1_334' title='bbox 896 2250 964 2276; x_wconf 86' lang='lat' dir='ltr'>tam</span> <span class='ocrx_word' id='word_1_335' title='bbox 985 2250 1059 2275; x_wconf 88' lang='lat' dir='ltr'>eum</span> 
     </span>
     <span class='ocr_line' id='line_1_44' title="bbox 124 2289 1060 2338; baseline -0.006 -10"><span class='ocrx_word' id='word_1_336' title='bbox 124 2303 226 2338; x_wconf 89' lang='lat' dir='ltr'>quam</span> <span class='ocrx_word' id='word_1_337' title='bbox 249 2292 416 2328; x_wconf 85' lang='lat' dir='ltr'>Coexules</span> <span class='ocrx_word' id='word_1_338' title='bbox 435 2293 509 2326; x_wconf 88' lang='lat' dir='ltr'>suos</span> <span class='ocrx_word' id='word_1_339' title='bbox 518 2292 613 2326; x_wconf 88' lang='lat' dir='ltr'>sanos</span> <span class='ocrx_word' id='word_1_340' title='bbox 631 2292 694 2327; x_wconf 82' lang='lat' dir='ltr'>effe</span> <span class='ocrx_word' id='word_1_341' title='bbox 712 2292 842 2338; x_wconf 85' lang='lat' dir='ltr'>gavisus</span> <span class='ocrx_word' id='word_1_342' title='bbox 854 2292 943 2332; x_wconf 82' lang='lat' dir='ltr'>sum,</span> <span class='ocrx_word' id='word_1_343' title='bbox 969 2290 1005 2325; x_wconf 70' lang='grc' dir='ltr'>ἀ</span> <span class='ocrx_word' id='word_1_344' title='bbox 1024 2289 1060 2323; x_wconf 88' lang='lat' dir='ltr'>in</span> 
     </span>
     <span class='ocr_line' id='line_1_45' title="bbox 123 2339 1060 2389; baseline -0.005 -11"><span class='ocrx_word' id='word_1_345' title='bbox 123 2343 262 2389; x_wconf 75' lang='lat' dir='ltr'>Divinis</span> <span class='ocrx_word' id='word_1_346' title='bbox 274 2342 438 2378; x_wconf 83' lang='lat' dir='ltr'>exercitiis</span> <span class='ocrx_word' id='word_1_347' title='bbox 458 2351 635 2385; x_wconf 86' lang='lat' dir='ltr'>occupatos</span> <span class='ocrx_word' id='word_1_348' title='bbox 649 2369 657 2375; x_wconf 94' lang='lat'><strong><em>.</em></strong></span> <span class='ocrx_word' id='word_1_349' title='bbox 682 2340 896 2386; x_wconf 66' lang='lat' dir='ltr'>Exspestabat</span> <span class='ocrx_word' id='word_1_350' title='bbox 904 2339 1060 2374; x_wconf 91' lang='lat' dir='ltr'>Nuncios</span> 
     </span>
     <span class='ocr_line' id='line_1_46' title="bbox 118 2389 1060 2436; baseline -0.005 -8"><span class='ocrx_word' id='word_1_351' title='bbox 118 2394 198 2428; x_wconf 84' lang='lat' dir='ltr'>suos</span> <span class='ocrx_word' id='word_1_352' title='bbox 207 2392 226 2427; x_wconf 68' lang='lat' dir='ltr'>a</span> <span class='ocrx_word' id='word_1_353' title='bbox 241 2392 323 2428; x_wconf 83' lang='lat' dir='ltr'>Sede</span> <span class='ocrx_word' id='word_1_354' title='bbox 333 2390 526 2436; x_wconf 85' lang='lat' dir='ltr'>Apostolica</span> <span class='ocrx_word' id='word_1_355' title='bbox 538 2389 704 2426; x_wconf 82' lang='lat' dir='ltr'>redeuntes</span> <span class='ocrx_word' id='word_1_356' title='bbox 713 2416 724 2432; x_wconf 88' lang='lat'>‚</span> <span class='ocrx_word' id='word_1_357' title='bbox 751 2390 804 2426; x_wconf 84' lang='lat' dir='ltr'>sed</span> <span class='ocrx_word' id='word_1_358' title='bbox 816 2391 891 2435; x_wconf 90' lang='lat' dir='ltr'>quia</span> <span class='ocrx_word' id='word_1_359' title='bbox 901 2391 1060 2425; x_wconf 86' lang='lat' dir='ltr'>incertum</span> 
     </span>
     <span class='ocr_line' id='line_1_47' title="bbox 119 2439 1058 2485; baseline -0.002 -8"><span class='ocrx_word' id='word_1_360' title='bbox 119 2439 168 2477; x_wconf 79' lang='lat' dir='ltr'>est</span> <span class='ocrx_word' id='word_1_361' title='bbox 178 2450 337 2484; x_wconf 86' lang='lat' dir='ltr'>quatenus</span> <span class='ocrx_word' id='word_1_362' title='bbox 347 2441 546 2485; x_wconf 80' lang='lat' dir='ltr'>profecerint</span> <span class='ocrx_word' id='word_1_363' title='bbox 557 2464 570 2480; x_wconf 85' lang='lat'>,</span> <span class='ocrx_word' id='word_1_364' title='bbox 595 2440 675 2484; x_wconf 88' lang='lat' dir='ltr'>quid</span> <span class='ocrx_word' id='word_1_365' title='bbox 688 2442 779 2484; x_wconf 87' lang='lat' dir='ltr'>super</span> <span class='ocrx_word' id='word_1_366' title='bbox 799 2451 840 2475; x_wconf 87' lang='lat' dir='ltr'>eo</span> <span class='ocrx_word' id='word_1_367' title='bbox 854 2439 1058 2476; x_wconf 81' lang='lat' dir='ltr'>scribendum</span> 
     </span>
     <span class='ocr_line' id='line_1_48' title="bbox 118 2487 1058 2533; baseline -0.003 -6"><span class='ocrx_word' id='word_1_368' title='bbox 118 2487 159 2527; x_wconf 69' lang='lat' dir='ltr'>Iit</span> <span class='ocrx_word' id='word_1_369' title='bbox 171 2516 183 2533; x_wconf 89' lang='lat'>‚</span> <span class='ocrx_word' id='word_1_370' title='bbox 209 2491 338 2526; x_wconf 90' lang='lat' dir='ltr'>nescio.</span> <span class='ocrx_word' id='word_1_371' title='bbox 367 2490 507 2525; x_wconf 85' lang='lat' dir='ltr'>Parvum</span> <span class='ocrx_word' id='word_1_372' title='bbox 529 2490 757 2526; x_wconf 88' lang='lat' dir='ltr'>munusculum</span> <span class='ocrx_word' id='word_1_373' title='bbox 769 2490 862 2526; x_wconf 89' lang='lat' dir='ltr'>vobis</span> <span class='ocrx_word' id='word_1_374' title='bbox 879 2491 982 2525; x_wconf 84' lang='lat' dir='ltr'>mittit</span> <span class='ocrx_word' id='word_1_375' title='bbox 1002 2491 1058 2525; x_wconf 88' lang='lat' dir='ltr'>fra·</span> 
     </span>
     <span class='ocr_line' id='line_1_49' title="bbox 115 2539 1060 2585; baseline -0.004 -8"><span class='ocrx_word' id='word_1_376' title='bbox 115 2552 169 2577; x_wconf 72' lang='lat' dir='ltr'>ter</span> <span class='ocrx_word' id='word_1_377' title='bbox 191 2551 302 2581; x_wconf 83' lang='lat' dir='ltr'>meus,</span> <span class='ocrx_word' id='word_1_378' title='bbox 327 2539 384 2574; x_wconf 87' lang='lat' dir='ltr'>sibi</span> <span class='ocrx_word' id='word_1_379' title='bbox 394 2550 496 2582; x_wconf 89' lang='lat' dir='ltr'>nuper</span> <span class='ocrx_word' id='word_1_380' title='bbox 516 2540 755 2581; x_wconf 74' lang='lat' dir='ltr'>transmissum,</span> <span class='ocrx_word' id='word_1_381' title='bbox 782 2540 920 2585; x_wconf 89' lang='lat' dir='ltr'>inquo,</span> <span class='ocrx_word' id='word_1_382' title='bbox 947 2540 969 2574; x_wconf 84' lang='lat' dir='ltr'>fi</span> <span class='ocrx_word' id='word_1_383' title='bbox 996 2539 1060 2584; x_wconf 82' lang='lat' dir='ltr'>pla-</span> 
     </span>
     <span class='ocr_line' id='line_1_50' title="bbox 117 2588 1058 2635; baseline -0.004 -8"><span class='ocrx_word' id='word_1_384' title='bbox 117 2602 177 2627; x_wconf 81' lang='lat' dir='ltr'>cet</span> <span class='ocrx_word' id='word_1_385' title='bbox 188 2614 200 2632; x_wconf 88' lang='lat'>‚</span> <span class='ocrx_word' id='word_1_386' title='bbox 228 2588 339 2635; x_wconf 73' lang='lat' dir='ltr'>potius</span> <span class='ocrx_word' id='word_1_387' title='bbox 348 2589 532 2623; x_wconf 88' lang='lat' dir='ltr'>metiemini</span> <span class='ocrx_word' id='word_1_388' title='bbox 543 2589 754 2625; x_wconf 88' lang='lat' dir='ltr'>devotionem</span> <span class='ocrx_word' id='word_1_389' title='bbox 764 2590 927 2626; x_wconf 88' lang='lat' dir='ltr'>mittentis</span> <span class='ocrx_word' id='word_1_390' title='bbox 938 2615 948 2632; x_wconf 89' lang='lat'>,</span> <span class='ocrx_word' id='word_1_391' title='bbox 961 2591 1058 2634; x_wconf 72' lang='lat' dir='ltr'>quam</span> 
     </span>
     <span class='ocr_line' id='line_1_51' title="bbox 119 2638 1061 2687; baseline -0.002 -11"><span class='ocrx_word' id='word_1_392' title='bbox 119 2641 265 2687; x_wconf 80' lang='lat' dir='ltr'>gratiam</span> <span class='ocrx_word' id='word_1_393' title='bbox 278 2640 329 2674; x_wconf 88' lang='lat' dir='ltr'>vel</span> <span class='ocrx_word' id='word_1_394' title='bbox 348 2640 441 2673; x_wconf 87' lang='lat' dir='ltr'>usum</span> <span class='ocrx_word' id='word_1_395' title='bbox 465 2638 627 2673; x_wconf 82' lang='lat' dir='ltr'>muneris.</span> <span class='ocrx_word' id='word_1_396' title='bbox 654 2639 710 2674; x_wconf 93' lang='lat' dir='ltr'>De</span> <span class='ocrx_word' id='word_1_397' title='bbox 730 2640 781 2674; x_wconf 89' lang='lat' dir='ltr'>his</span> <span class='ocrx_word' id='word_1_398' title='bbox 800 2652 871 2685; x_wconf 76' lang='lat' dir='ltr'>quae</span> <span class='ocrx_word' id='word_1_399' title='bbox 890 2650 1061 2675; x_wconf 85' lang='lat' dir='ltr'>vertuntur</span> 
     </span>
     <span class='ocr_line' id='line_1_52' title="bbox 120 2687 1061 2735; baseline -0.002 -9"><span class='ocrx_word' id='word_1_400' title='bbox 120 2691 207 2730; x_wconf 82' lang='lat' dir='ltr'>inter</span> <span class='ocrx_word' id='word_1_401' title='bbox 219 2690 346 2735; x_wconf 84' lang='lat' dir='ltr'>Reges,</span> <span class='ocrx_word' id='word_1_402' title='bbox 373 2688 452 2732; x_wconf 90' lang='lat' dir='ltr'>quid</span> <span class='ocrx_word' id='word_1_403' title='bbox 464 2687 599 2723; x_wconf 87' lang='lat' dir='ltr'>scribam</span> <span class='ocrx_word' id='word_1_404' title='bbox 611 2689 739 2729; x_wconf 90' lang='lat' dir='ltr'>nescio,</span> <span class='ocrx_word' id='word_1_405' title='bbox 751 2689 829 2733; x_wconf 89' lang='lat' dir='ltr'>quia</span> <span class='ocrx_word' id='word_1_406' title='bbox 841 2688 948 2724; x_wconf 90' lang='lat' dir='ltr'>adhuc</span> <span class='ocrx_word' id='word_1_407' title='bbox 961 2690 1061 2724; x_wconf 89' lang='lat' dir='ltr'>incer-</span> 
     </span>
     <span class='ocr_line' id='line_1_53' title="bbox 118 2737 1061 2790; baseline -0.004 -14"><span class='ocrx_word' id='word_1_408' title='bbox 118 2749 197 2786; x_wconf 59' lang='lat' dir='ltr'>tum</span> <span class='ocrx_word' id='word_1_409' title='bbox 207 2763 221 2790; x_wconf 60' lang='lat'>,</span> <span class='ocrx_word' id='word_1_410' title='bbox 245 2739 325 2784; x_wconf 86' lang='lat' dir='ltr'>quid</span> <span class='ocrx_word' id='word_1_411' title='bbox 337 2737 465 2774; x_wconf 90' lang='lat' dir='ltr'>Nuncii</span> <span class='ocrx_word' id='word_1_412' title='bbox 478 2739 581 2784; x_wconf 86' lang='lat' dir='ltr'>Regis</span> <span class='ocrx_word' id='word_1_413' title='bbox 592 2737 724 2784; x_wconf 71' lang='lat' dir='ltr'>Angliat</span> <span class='ocrx_word' id='word_1_414' title='bbox 735 2764 745 2780; x_wconf 89' lang='lat'><em>‚</em></span> <span class='ocrx_word' id='word_1_415' title='bbox 771 2739 828 2783; x_wconf 87' lang='lat' dir='ltr'>qui</span> <span class='ocrx_word' id='word_1_416' title='bbox 837 2739 878 2773; x_wconf 88' lang='lat' dir='ltr'>ad</span> <span class='ocrx_word' id='word_1_417' title='bbox 893 2738 1061 2774; x_wconf 87' lang='lat' dir='ltr'>Comitem</span> 
     </span>
     <span class='ocr_line' id='line_1_54' title="bbox 122 2788 1060 2830; baseline -0.004 -4"><span class='ocrx_word' id='word_1_418' title='bbox 122 2789 316 2829; x_wconf 84' lang='lat' dir='ltr'>Henricum</span> <span class='ocrx_word' id='word_1_419' title='bbox 328 2800 396 2824; x_wconf 89' lang='lat' dir='ltr'>tam</span> <span class='ocrx_word' id='word_1_420' title='bbox 407 2788 518 2824; x_wconf 77' lang='lat' dir='ltr'>crebro</span> <span class='ocrx_word' id='word_1_421' title='bbox 528 2789 731 2830; x_wconf 88' lang='lat' dir='ltr'>discurrunt,</span> <span class='ocrx_word' id='word_1_422' title='bbox 760 2788 888 2823; x_wconf 89' lang='lat' dir='ltr'>valeant</span> <span class='ocrx_word' id='word_1_423' title='bbox 901 2788 1060 2824; x_wconf 88' lang='lat' dir='ltr'>obtinere.</span> 
     </span>
     <span class='ocr_line' id='line_1_55' title="bbox 124 2839 1057 2884; baseline -0.004 -7"><span class='ocrx_word' id='word_1_424' title='bbox 124 2840 249 2877; x_wconf 79' lang='lat' dir='ltr'>Comes</span> <span class='ocrx_word' id='word_1_425' title='bbox 260 2841 349 2875; x_wconf 88' lang='lat' dir='ltr'>enim</span> <span class='ocrx_word' id='word_1_426' title='bbox 363 2848 511 2884; x_wconf 87' lang='lat' dir='ltr'>procurat</span> <span class='ocrx_word' id='word_1_427' title='bbox 523 2839 609 2883; x_wconf 90' lang='lat' dir='ltr'>apud</span> <span class='ocrx_word' id='word_1_428' title='bbox 632 2839 760 2883; x_wconf 82' lang='lat' dir='ltr'>Regem</span> <span class='ocrx_word' id='word_1_429' title='bbox 774 2839 973 2872; x_wconf 83' lang='lat' dir='ltr'>Francorum</span> <span class='ocrx_word' id='word_1_430' title='bbox 984 2851 1057 2873; x_wconf 89' lang='lat' dir='ltr'>cau·</span> 
     </span>
     <span class='ocr_line' id='line_1_56' title="bbox 125 2886 1062 2935; baseline 0 -12"><span class='ocrx_word' id='word_1_431' title='bbox 125 2890 192 2924; x_wconf 87' lang='lat' dir='ltr'>sam</span> <span class='ocrx_word' id='word_1_432' title='bbox 201 2891 333 2925; x_wconf 88' lang='lat' dir='ltr'>alterius</span> <span class='ocrx_word' id='word_1_433' title='bbox 353 2889 472 2935; x_wconf 87' lang='lat' dir='ltr'>Regis.</span> <span class='ocrx_word' id='word_1_434' title='bbox 499 2889 667 2924; x_wconf 87' lang='lat' dir='ltr'>Dominus</span> <span class='ocrx_word' id='word_1_435' title='bbox 679 2886 879 2924; x_wconf 67' lang='lat' dir='ltr'>wilhelmus</span> <span class='ocrx_word' id='word_1_436' title='bbox 899 2888 1062 2931; x_wconf 84' lang='lat' dir='ltr'>Papiensis</span> 
     </span>
     <span class='ocr_line' id='line_1_57' title="bbox 125 2937 1063 2983; baseline -0.001 -9"><span class='ocrx_word' id='word_1_437' title='bbox 125 2937 273 2974; x_wconf 83' lang='lat' dir='ltr'>interfuit</span> <span class='ocrx_word' id='word_1_438' title='bbox 294 2939 498 2975; x_wconf 89' lang='lat' dir='ltr'>ordinationi</span> <span class='ocrx_word' id='word_1_439' title='bbox 521 2939 730 2973; x_wconf 87' lang='lat' dir='ltr'>Carnotensis</span> <span class='ocrx_word' id='word_1_440' title='bbox 752 2939 852 2974; x_wconf 69' lang='lat' dir='ltr'>Elem</span> <span class='ocrx_word' id='word_1_441' title='bbox 865 2963 878 2980; x_wconf 92' lang='lat'>,</span> <span class='ocrx_word' id='word_1_442' title='bbox 912 2939 972 2973; x_wconf 91' lang='lat' dir='ltr'>viri</span> <span class='ocrx_word' id='word_1_443' title='bbox 994 2940 1063 2983; x_wconf 90' lang='lat' dir='ltr'>qui-</span> 
     </span>
     <span class='ocr_line' id='line_1_58' title="bbox 127 2988 1062 3034; baseline -0.001 -11"><span class='ocrx_word' id='word_1_444' title='bbox 127 2988 205 3023; x_wconf 89' lang='lat' dir='ltr'>dem</span> <span class='ocrx_word' id='word_1_445' title='bbox 215 2990 438 3034; x_wconf 76' lang='lat' dir='ltr'>magnaespei‚</span> <span class='ocrx_word' id='word_1_446' title='bbox 464 2989 603 3027; x_wconf 75' lang='lat' dir='ltr'>&amp;famae</span> <span class='ocrx_word' id='word_1_447' title='bbox 613 2988 809 3028; x_wconf 83' lang='lat' dir='ltr'>clariffimae,</span> <span class='ocrx_word' id='word_1_448' title='bbox 832 2989 1002 3034; x_wconf 66' lang='lat' dir='ltr'>&amp;magnae</span> <span class='ocrx_word' id='word_1_449' title='bbox 1012 3000 1062 3023; x_wconf 84' lang='lat' dir='ltr'>au·</span> 
     </span>
     <span class='ocr_line' id='line_1_59' title="bbox 124 3038 1062 3085; baseline 0.001 -12"><span class='ocrx_word' id='word_1_450' title='bbox 124 3038 316 3078; x_wconf 87' lang='lat' dir='ltr'>thoritatis,</span> <span class='ocrx_word' id='word_1_451' title='bbox 338 3038 373 3073; x_wconf 72' lang='grc' dir='ltr'>ἀ</span> <span class='ocrx_word' id='word_1_452' title='bbox 398 3039 519 3074; x_wconf 82' lang='lat' dir='ltr'>virium</span> <span class='ocrx_word' id='word_1_453' title='bbox 532 3038 708 3074; x_wconf 87' lang='lat' dir='ltr'>multarum</span> <span class='ocrx_word' id='word_1_454' title='bbox 732 3040 767 3073; x_wconf 92' lang='lat' dir='ltr'>in</span> <span class='ocrx_word' id='word_1_455' title='bbox 789 3038 910 3085; x_wconf 82' lang='lat' dir='ltr'>Regno</span> <span class='ocrx_word' id='word_1_456' title='bbox 923 3040 1062 3074; x_wconf 87' lang='lat' dir='ltr'>Franco-</span> 
     </span>
     <span class='ocr_line' id='line_1_60' title="bbox 124 3087 1062 3135; baseline -0.001 -11"><span class='ocrx_word' id='word_1_457' title='bbox 124 3100 202 3135; x_wconf 83' lang='lat' dir='ltr'>rum</span> <span class='ocrx_word' id='word_1_458' title='bbox 213 3112 224 3129; x_wconf 92' lang='lat'>,</span> <span class='ocrx_word' id='word_1_459' title='bbox 247 3088 304 3130; x_wconf 90' lang='lat' dir='ltr'>qui</span> <span class='ocrx_word' id='word_1_460' title='bbox 317 3087 469 3123; x_wconf 83' lang='lat' dir='ltr'>Domino</span> <span class='ocrx_word' id='word_1_461' title='bbox 477 3089 699 3125; x_wconf 85' lang='lat' dir='ltr'>Cantuariensi</span> <span class='ocrx_word' id='word_1_462' title='bbox 712 3090 744 3124; x_wconf 75' lang='grc' dir='ltr'>δε</span> <span class='ocrx_word' id='word_1_463' title='bbox 758 3089 819 3123; x_wconf 88' lang='lat' dir='ltr'>suis</span> <span class='ocrx_word' id='word_1_464' title='bbox 831 3089 1062 3134; x_wconf 85' lang='lat' dir='ltr'>patrocinium,</span> 
     </span>
     <span class='ocr_line' id='line_1_61' title="bbox 126 3136 1064 3184; baseline -0.001 -11"><span class='ocrx_word' id='word_1_465' title='bbox 126 3138 300 3174; x_wconf 88' lang='lat' dir='ltr'>consilium</span> <span class='ocrx_word' id='word_1_466' title='bbox 314 3161 325 3178; x_wconf 91' lang='lat'>,</span> <span class='ocrx_word' id='word_1_467' title='bbox 349 3136 384 3171; x_wconf 73' lang='grc' dir='ltr'>ἀ</span> <span class='ocrx_word' id='word_1_468' title='bbox 404 3136 563 3183; x_wconf 73' lang='lat' dir='ltr'>auxilinm</span> <span class='ocrx_word' id='word_1_469' title='bbox 586 3139 791 3184; x_wconf 70' lang='lat' dir='ltr'>singulariter</span> <span class='ocrx_word' id='word_1_470' title='bbox 810 3138 932 3183; x_wconf 83' lang='lat' dir='ltr'>praestat</span> <span class='ocrx_word' id='word_1_471' title='bbox 953 3165 960 3172; x_wconf 89' lang='lat'><strong>.</strong></span> <span class='ocrx_word' id='word_1_472' title='bbox 989 3139 1064 3174; x_wconf 90' lang='lat' dir='ltr'>Vo-</span> 
     </span>
     <span class='ocr_line' id='line_1_62' title="bbox 130 3185 1060 3234; baseline -0.001 -11"><span class='ocrx_word' id='word_1_473' title='bbox 130 3189 180 3223; x_wconf 90' lang='lat' dir='ltr'>bis</span> <span class='ocrx_word' id='word_1_474' title='bbox 201 3196 309 3223; x_wconf 90' lang='lat' dir='ltr'>autem</span> <span class='ocrx_word' id='word_1_475' title='bbox 321 3185 478 3222; x_wconf 76' lang='lat' dir='ltr'>desiderat</span> <span class='ocrx_word' id='word_1_476' title='bbox 489 3190 550 3223; x_wconf 79' lang='lat' dir='ltr'>effe</span> <span class='ocrx_word' id='word_1_477' title='bbox 561 3189 732 3231; x_wconf 84' lang='lat' dir='ltr'>familiaris</span> <span class='ocrx_word' id='word_1_478' title='bbox 742 3213 753 3230; x_wconf 88' lang='lat'>,</span> <span class='ocrx_word' id='word_1_479' title='bbox 778 3190 810 3224; x_wconf 88' lang='lat'>&amp;</span> <span class='ocrx_word' id='word_1_480' title='bbox 822 3190 947 3225; x_wconf 86' lang='lat' dir='ltr'>utinam</span> <span class='ocrx_word' id='word_1_481' title='bbox 958 3201 1060 3234; x_wconf 85' lang='lat' dir='ltr'>quan-</span> 
     </span>
     <span class='ocr_line' id='line_1_63' title="bbox 128 3236 1089 3281; baseline 0.002 -10"><span class='ocrx_word' id='word_1_482' title='bbox 128 3238 260 3281; x_wconf 88' lang='lat' dir='ltr'>doque,</span> <span class='ocrx_word' id='word_1_483' title='bbox 287 3238 362 3272; x_wconf 89' lang='lat' dir='ltr'>Deo</span> <span class='ocrx_word' id='word_1_484' title='bbox 373 3236 592 3281; x_wconf 84' lang='lat' dir='ltr'>propitiante,</span> <span class='ocrx_word' id='word_1_485' title='bbox 620 3239 799 3275; x_wconf 87' lang='lat' dir='ltr'>amicitiam</span> <span class='ocrx_word' id='word_1_486' title='bbox 821 3240 955 3275; x_wconf 75' lang='lat' dir='ltr'>ulterius</span> <span class='ocrx_word' id='word_1_487' title='bbox 979 3241 1066 3273; x_wconf 89' lang='lat' dir='ltr'>inea·</span> <span class='ocrx_word' id='word_1_488' title='bbox 1088 3239 1089 3243; x_wconf 74' lang='grc'>’</span> 
     </span>
     <span class='ocr_line' id='line_1_64' title="bbox 127 3286 1066 3331; baseline 0.001 -9"><span class='ocrx_word' id='word_1_489' title='bbox 127 3288 173 3323; x_wconf 83' lang='lat' dir='ltr'>tis</span> <span class='ocrx_word' id='word_1_490' title='bbox 189 3313 196 3320; x_wconf 94' lang='lat'><strong><em>.</em></strong></span> <span class='ocrx_word' id='word_1_491' title='bbox 222 3286 303 3320; x_wconf 90' lang='lat' dir='ltr'>Non</span> <span class='ocrx_word' id='word_1_492' title='bbox 315 3288 359 3321; x_wconf 88' lang='lat' dir='ltr'>est</span> <span class='ocrx_word' id='word_1_493' title='bbox 372 3287 508 3321; x_wconf 88' lang='lat' dir='ltr'>enimin</span> <span class='ocrx_word' id='word_1_494' title='bbox 519 3287 619 3322; x_wconf 86' lang='lat' dir='ltr'>Clero</span> <span class='ocrx_word' id='word_1_495' title='bbox 639 3289 836 3325; x_wconf 86' lang='lat' dir='ltr'>Francorum</span> <span class='ocrx_word' id='word_1_496' title='bbox 848 3314 860 3331; x_wconf 90' lang='lat'>‚</span> <span class='ocrx_word' id='word_1_497' title='bbox 884 3300 920 3324; x_wconf 91' lang='lat' dir='ltr'>ut</span> <span class='ocrx_word' id='word_1_498' title='bbox 932 3301 973 3324; x_wconf 85' lang='lat' dir='ltr'>ex</span> <span class='ocrx_word' id='word_1_499' title='bbox 993 3289 1066 3323; x_wconf 89' lang='lat' dir='ltr'>ani-</span> 
     </span>
    </p>
   </div>
   <div class='ocr_carea' id='block_1_3' title="bbox 131 3336 1064 3424">
    <p class='ocr_par' dir='ltr' id='par_1_3' title="bbox 131 3336 1064 3424">
     <span class='ocr_line' id='line_1_65' title="bbox 131 3336 1064 3420; baseline 0.003 -49"><span class='ocrx_word' id='word_1_500' title='bbox 131 3338 179 3394; x_wconf 66' lang='lat' dir='ltr'>mi</span> <span class='ocrx_word' id='word_1_501' title='bbox 193 3337 351 3420; x_wconf 54' lang='lat' dir='ltr'>sententga</span> <span class='ocrx_word' id='word_1_502' title='bbox 362 3337 475 3382; x_wconf 83' lang='lat' dir='ltr'>loquar</span> <span class='ocrx_word' id='word_1_503' title='bbox 486 3361 498 3378; x_wconf 96' lang='lat'>‚</span> <span class='ocrx_word' id='word_1_504' title='bbox 524 3336 582 3382; x_wconf 88' lang='lat' dir='ltr'>qui</span> <span class='ocrx_word' id='word_1_505' title='bbox 595 3348 669 3372; x_wconf 89' lang='lat' dir='ltr'>eum</span> <span class='ocrx_word' id='word_1_506' title='bbox 679 3339 849 3384; x_wconf 86' lang='lat' dir='ltr'>prudentia</span> <span class='ocrx_word' id='word_1_507' title='bbox 860 3341 895 3376; x_wconf 75' lang='grc' dir='ltr'>δε</span> <span class='ocrx_word' id='word_1_508' title='bbox 909 3340 1064 3385; x_wconf 83' lang='lat' dir='ltr'>cloquen-</span> 
     </span>
     <span class='ocr_line' id='line_1_66' title="bbox 131 3395 392 3424; baseline -0.019 0"><span class='ocrx_word' id='word_1_509' title='bbox 131 3397 179 3424; x_wconf 74' lang='grc' dir='ltr'>ιη</span> <span class='ocrx_word' id='word_1_510' title='bbox 203 3397 316 3423; x_wconf 82' lang='lat' dir='ltr'>antece</span> <span class='ocrx_word' id='word_1_511' title='bbox 341 3395 392 3420; x_wconf 90' lang='lat' dir='ltr'>at.</span> 
     </span>
    </p>
   </div>
   <div class='ocr_carea' id='block_1_4' title="bbox 230 3485 688 3533">
    <p class='ocr_par' dir='ltr' id='par_1_4' title="bbox 230 3485 688 3533">
     <span class='ocr_line' id='line_1_67' title="bbox 230 3485 688 3533; baseline 0.007 -13"><span class='ocrx_word' id='word_1_512' title='bbox 230 3485 337 3528; x_wconf 66' lang='lat' dir='ltr'>christ.</span> <span class='ocrx_word' id='word_1_513' title='bbox 351 3489 431 3533; x_wconf 73' lang='lat' dir='ltr'>Lupi</span> <span class='ocrx_word' id='word_1_514' title='bbox 443 3490 541 3532; x_wconf 82' lang='lat' dir='ltr'>Opera</span> <span class='ocrx_word' id='word_1_515' title='bbox 550 3489 629 3522; x_wconf 86' lang='lat' dir='ltr'>Tom.</span> <span class='ocrx_word' id='word_1_516' title='bbox 646 3490 688 3523; x_wconf 78' lang='grc' dir='ltr'>Χ.</span> 
     </span>
    </p>
   </div>
   <div class='ocr_carea' id='block_1_5' title="bbox 1896 130 1997 187">
    <p class='ocr_par' dir='ltr' id='par_1_5' title="bbox 1896 130 1997 187">
     <span class='ocr_line' id='line_1_68' title="bbox 1896 130 1997 187; baseline 0.01 -18"><span class='ocrx_word' id='word_1_517' title='bbox 1896 130 1997 187; x_wconf 62' lang='lat' dir='ltr'>219·v</span> 
     </span>
    </p>
   </div>
   <div class='ocr_carea' id='block_1_6' title="bbox 1244 243 1912 294">
    <p class='ocr_par' dir='ltr' id='par_1_6' title="bbox 1244 243 1912 294">
     <span class='ocr_line' id='line_1_69' title="bbox 1244 243 1912 294; baseline 0.018 -16"><span class='ocrx_word' id='word_1_518' title='bbox 1244 243 1685 284; x_wconf 63' lang='lat' dir='ltr'>EPISTOLA‚</span> <span class='ocrx_word' id='word_1_519' title='bbox 1755 250 1912 294; x_wconf 84' lang='lat' dir='ltr'>LXVI.</span> 
     </span>
    </p>
   </div>
   <div class='ocr_carea' id='block_1_7' title="bbox 1168 343 2002 434">
    <p class='ocr_par' dir='ltr' id='par_1_7' title="bbox 1168 343 2002 434">
     <span class='ocr_line' id='line_1_70' title="bbox 1168 343 2002 399; baseline 0.01 -20"><span class='ocrx_word' id='word_1_520' title='bbox 1168 343 1385 381; x_wconf 75' lang='lat' dir='ltr'>Bartholomaeo</span> <span class='ocrx_word' id='word_1_521' title='bbox 1407 346 1572 388; x_wconf 73' lang='lat' dir='ltr'>Exonienfi</span> <span class='ocrx_word' id='word_1_522' title='bbox 1597 345 1848 386; x_wconf 55' lang='lat' dir='ltr'>Archi-Dracon«,</span> <span class='ocrx_word' id='word_1_523' title='bbox 1860 361 2002 399; x_wconf 65' lang='lat' dir='ltr'>Joannes</span> 
     </span>
     <span class='ocr_line' id='line_1_71' title="bbox 1467 398 1715 434; baseline 0.004 -3"><span class='ocrx_word' id='word_1_524' title='bbox 1467 399 1505 431; x_wconf 83' lang='lat' dir='ltr'>de</span> <span class='ocrx_word' id='word_1_525' title='bbox 1528 398 1715 434; x_wconf 77' lang='lat' dir='ltr'>Saresberiae.</span> 
     </span>
    </p>
   </div>
   <div class='ocr_carea' id='block_1_8' title="bbox 1118 496 2063 1250">
    <p class='ocr_par' dir='ltr' id='par_1_8' title="bbox 1118 496 2063 1250">
     <span class='ocr_line' id='line_1_72' title="bbox 1197 496 2057 545; baseline 0.008 -14"><span class='ocrx_word' id='word_1_526' title='bbox 1197 496 1231 531; x_wconf 88' lang='lat' dir='ltr'><strong>X</strong></span> <span class='ocrx_word' id='word_1_527' title='bbox 1251 508 1319 541; x_wconf 86' lang='lat' dir='ltr'>quo</span> <span class='ocrx_word' id='word_1_528' title='bbox 1335 496 1481 543; x_wconf 73' lang='lat' dir='ltr'>prospere</span> <span class='ocrx_word' id='word_1_529' title='bbox 1492 509 1547 542; x_wconf 86' lang='lat' dir='ltr'>per</span> <span class='ocrx_word' id='word_1_530' title='bbox 1559 499 1625 534; x_wconf 90' lang='lat' dir='ltr'>Dei</span> <span class='ocrx_word' id='word_1_531' title='bbox 1646 499 1785 545; x_wconf 82' lang='lat' dir='ltr'>gratiam</span> <span class='ocrx_word' id='word_1_532' title='bbox 1807 502 1895 537; x_wconf 85' lang='lat' dir='ltr'>eirca</span> <span class='ocrx_word' id='word_1_533' title='bbox 1913 502 2057 541; x_wconf 82' lang='lat' dir='ltr'>mediam</span> 
     </span>
     <span class='ocr_line' id='line_1_73' title="bbox 1223 547 2060 597; baseline 0.006 -15"><span class='ocrx_word' id='word_1_534' title='bbox 1223 548 1514 596; x_wconf 81' lang='lat' dir='ltr'>Qadragesimam</span> <span class='ocrx_word' id='word_1_535' title='bbox 1550 547 1569 582; x_wconf 74' lang='grc' dir='ltr'>ὲ</span> <span class='ocrx_word' id='word_1_536' title='bbox 1601 550 1720 585; x_wconf 72' lang='lat' dir='ltr'>Sancto</span> <span class='ocrx_word' id='word_1_537' title='bbox 1753 550 1900 597; x_wconf 81' lang='lat' dir='ltr'>AEgidio</span> <span class='ocrx_word' id='word_1_538' title='bbox 1919 553 2060 588; x_wconf 77' lang='lat' dir='ltr'>reversus</span> 
     </span>
     <span class='ocr_line' id='line_1_74' title="bbox 1118 596 2060 648; baseline 0.01 -18"><span class='ocrx_word' id='word_1_539' title='bbox 1118 597 1211 637; x_wconf 86' lang='lat' dir='ltr'>sum,</span> <span class='ocrx_word' id='word_1_540' title='bbox 1235 607 1350 640; x_wconf 89' lang='lat' dir='ltr'>tuam,</span> <span class='ocrx_word' id='word_1_541' title='bbox 1376 596 1702 643; x_wconf 69' lang='lat' dir='ltr'>dileetiffime,super</span> <span class='ocrx_word' id='word_1_542' title='bbox 1717 598 1768 635; x_wconf 85' lang='lat' dir='ltr'>his</span> <span class='ocrx_word' id='word_1_543' title='bbox 1783 626 1795 642; x_wconf 93' lang='lat'>,</span> <span class='ocrx_word' id='word_1_544' title='bbox 1820 614 1891 648; x_wconf 85' lang='lat' dir='ltr'>quae</span> <span class='ocrx_word' id='word_1_545' title='bbox 1911 600 1946 636; x_wconf 92' lang='lat' dir='ltr'>in</span> <span class='ocrx_word' id='word_1_546' title='bbox 1959 603 2060 638; x_wconf 88' lang='lat' dir='ltr'>Fran-</span> 
     </span>
     <span class='ocr_line' id='line_1_75' title="bbox 1118 646 2060 694; baseline 0.007 -13"><span class='ocrx_word' id='word_1_547' title='bbox 1118 646 1169 681; x_wconf 88' lang='lat' dir='ltr'>cia</span> <span class='ocrx_word' id='word_1_548' title='bbox 1181 646 1215 682; x_wconf 85' lang='lat'>&amp;</span> <span class='ocrx_word' id='word_1_549' title='bbox 1227 647 1322 682; x_wconf 80' lang='lat' dir='ltr'>ltalia</span> <span class='ocrx_word' id='word_1_550' title='bbox 1334 648 1530 694; x_wconf 86' lang='lat' dir='ltr'>gerebantur</span> <span class='ocrx_word' id='word_1_551' title='bbox 1539 673 1551 690; x_wconf 91' lang='lat'>,</span> <span class='ocrx_word' id='word_1_552' title='bbox 1566 649 1757 694; x_wconf 86' lang='lat' dir='ltr'>praemunire</span> <span class='ocrx_word' id='word_1_553' title='bbox 1769 651 1897 687; x_wconf 83' lang='lat' dir='ltr'>decrevi</span> <span class='ocrx_word' id='word_1_554' title='bbox 1908 650 2060 689; x_wconf 79' lang='lat' dir='ltr'>Charita-</span> 
     </span>
     <span class='ocr_line' id='line_1_76' title="bbox 1119 698 2061 746; baseline 0.005 -15"><span class='ocrx_word' id='word_1_555' title='bbox 1119 705 1185 731; x_wconf 87' lang='lat' dir='ltr'>tem</span> <span class='ocrx_word' id='word_1_556' title='bbox 1194 720 1202 728; x_wconf 87' lang='lat'>.</span> <span class='ocrx_word' id='word_1_557' title='bbox 1230 698 1308 732; x_wconf 90' lang='lat' dir='ltr'>Scio</span> <span class='ocrx_word' id='word_1_558' title='bbox 1320 698 1408 733; x_wconf 90' lang='lat' dir='ltr'>enim</span> <span class='ocrx_word' id='word_1_559' title='bbox 1419 700 1496 742; x_wconf 93' lang='lat' dir='ltr'>quia</span> <span class='ocrx_word' id='word_1_560' title='bbox 1511 698 1676 735; x_wconf 76' lang='lat' dir='ltr'>interdum</span> <span class='ocrx_word' id='word_1_561' title='bbox 1687 701 1824 745; x_wconf 78' lang='lat' dir='ltr'>expedit</span> <span class='ocrx_word' id='word_1_562' title='bbox 1833 727 1845 744; x_wconf 90' lang='lat'>,</span> <span class='ocrx_word' id='word_1_563' title='bbox 1871 701 1907 736; x_wconf 71' lang='grc' dir='ltr'>ὅ(</span> <span class='ocrx_word' id='word_1_564' title='bbox 1917 700 2061 746; x_wconf 61' lang='lat' dir='ltr'>saepejnin</span> 
     </span>
     <span class='ocr_line' id='line_1_77' title="bbox 1119 746 2061 796; baseline 0.003 -14"><span class='ocrx_word' id='word_1_565' title='bbox 1119 746 1265 782; x_wconf 88' lang='lat' dir='ltr'>cundum</span> <span class='ocrx_word' id='word_1_566' title='bbox 1278 747 1322 781; x_wconf 85' lang='lat' dir='ltr'>est</span> <span class='ocrx_word' id='word_1_567' title='bbox 1336 750 1489 792; x_wconf 81' lang='lat' dir='ltr'>praenoffe</span> <span class='ocrx_word' id='word_1_568' title='bbox 1499 759 1684 794; x_wconf 84' lang='lat' dir='ltr'>temporum</span> <span class='ocrx_word' id='word_1_569' title='bbox 1693 755 1806 786; x_wconf 78' lang='lat' dir='ltr'>motus</span> <span class='ocrx_word' id='word_1_570' title='bbox 1818 775 1831 793; x_wconf 88' lang='lat'>,</span> <span class='ocrx_word' id='word_1_571' title='bbox 1857 751 1893 786; x_wconf 77' lang='grc' dir='ltr'>δε</span> <span class='ocrx_word' id='word_1_572' title='bbox 1912 752 2002 796; x_wconf 89' lang='lat' dir='ltr'>quasi</span> <span class='ocrx_word' id='word_1_573' title='bbox 2015 753 2061 786; x_wconf 88' lang='lat' dir='ltr'>fa-</span> 
     </span>
     <span class='ocr_line' id='line_1_78' title="bbox 1119 797 2059 844; baseline 0.005 -11"><span class='ocrx_word' id='word_1_574' title='bbox 1119 806 1227 833; x_wconf 85' lang='lat' dir='ltr'>torum</span> <span class='ocrx_word' id='word_1_575' title='bbox 1237 797 1351 833; x_wconf 87' lang='lat' dir='ltr'>seriem</span> <span class='ocrx_word' id='word_1_576' title='bbox 1361 810 1402 834; x_wconf 88' lang='lat' dir='ltr'>ex</span> <span class='ocrx_word' id='word_1_577' title='bbox 1428 797 1480 835; x_wconf 88' lang='lat' dir='ltr'>his</span> <span class='ocrx_word' id='word_1_578' title='bbox 1491 825 1503 842; x_wconf 93' lang='lat'>,</span> <span class='ocrx_word' id='word_1_579' title='bbox 1527 811 1598 844; x_wconf 81' lang='lat' dir='ltr'>quae</span> <span class='ocrx_word' id='word_1_580' title='bbox 1618 810 1701 836; x_wconf 87' lang='lat' dir='ltr'>nutu</span> <span class='ocrx_word' id='word_1_581' title='bbox 1720 801 1847 836; x_wconf 88' lang='lat' dir='ltr'>Divino</span> <span class='ocrx_word' id='word_1_582' title='bbox 1868 802 2059 838; x_wconf 80' lang='lat' dir='ltr'>mortalium</span> 
     </span>
     <span class='ocr_line' id='line_1_79' title="bbox 1119 846 2058 897; baseline 0.006 -15"><span class='ocrx_word' id='word_1_583' title='bbox 1119 846 1318 891; x_wconf 70' lang='lat' dir='ltr'>preveniunt</span> <span class='ocrx_word' id='word_1_584' title='bbox 1343 859 1489 892; x_wconf 88' lang='lat' dir='ltr'>mentes,</span> <span class='ocrx_word' id='word_1_585' title='bbox 1514 851 1746 895; x_wconf 89' lang='lat' dir='ltr'>contemplari.</span> <span class='ocrx_word' id='word_1_586' title='bbox 1774 850 1835 886; x_wconf 87' lang='lat' dir='ltr'>Sed</span> <span class='ocrx_word' id='word_1_587' title='bbox 1860 852 1936 897; x_wconf 86' lang='lat' dir='ltr'>quia</span> <span class='ocrx_word' id='word_1_588' title='bbox 1948 852 1990 887; x_wconf 89' lang='lat' dir='ltr'>de</span> <span class='ocrx_word' id='word_1_589' title='bbox 2001 863 2058 896; x_wconf 84' lang='lat' dir='ltr'>pa-</span> 
     </span>
     <span class='ocr_line' id='line_1_80' title="bbox 1118 896 2058 944; baseline 0.003 -10"><span class='ocrx_word' id='word_1_590' title='bbox 1118 907 1157 934; x_wconf 72' lang='lat' dir='ltr'>ce</span> <span class='ocrx_word' id='word_1_591' title='bbox 1202 896 1335 944; x_wconf 76' lang='lat' dir='ltr'>Regum</span> <span class='ocrx_word' id='word_1_592' title='bbox 1359 900 1575 941; x_wconf 73' lang='lat' dir='ltr'>trae&#39;tabatur,</span> <span class='ocrx_word' id='word_1_593' title='bbox 1598 902 1632 937; x_wconf 77' lang='grc' dir='ltr'>δε</span> <span class='ocrx_word' id='word_1_594' title='bbox 1650 901 1839 937; x_wconf 86' lang='lat' dir='ltr'>Fredericus</span> <span class='ocrx_word' id='word_1_595' title='bbox 1858 903 1976 937; x_wconf 66' lang='lat' dir='ltr'>fractus</span> <span class='ocrx_word' id='word_1_596' title='bbox 1996 902 2058 937; x_wconf 83' lang='lat' dir='ltr'>cri·</span> 
     </span>
     <span class='ocr_line' id='line_1_81' title="bbox 1120 946 2058 992; baseline 0.005 -9"><span class='ocrx_word' id='word_1_597' title='bbox 1120 946 1210 983; x_wconf 85' lang='lat' dir='ltr'>mine</span> <span class='ocrx_word' id='word_1_598' title='bbox 1222 947 1258 983; x_wconf 75' lang='grc' dir='ltr'>δε</span> <span class='ocrx_word' id='word_1_599' title='bbox 1276 948 1454 992; x_wconf 82' lang='lat' dir='ltr'>pertinacia</span> <span class='ocrx_word' id='word_1_600' title='bbox 1467 950 1646 987; x_wconf 86' lang='lat' dir='ltr'>schismatis</span> <span class='ocrx_word' id='word_1_601' title='bbox 1666 951 1836 987; x_wconf 76' lang='lat' dir='ltr'>simulabat</span> <span class='ocrx_word' id='word_1_602' title='bbox 1856 953 1888 987; x_wconf 92' lang='lat' dir='ltr'>se</span> <span class='ocrx_word' id='word_1_603' title='bbox 1908 953 1995 987; x_wconf 90' lang='lat' dir='ltr'>velle</span> <span class='ocrx_word' id='word_1_604' title='bbox 2013 949 2058 988; x_wconf 74' lang='lat' dir='ltr'>ad</span> 
     </span>
     <span class='ocr_line' id='line_1_82' title="bbox 1120 995 2062 1047; baseline 0.003 -14"><span class='ocrx_word' id='word_1_605' title='bbox 1120 995 1331 1033; x_wconf 76' lang='lat' dir='ltr'>catholicam</span> <span class='ocrx_word' id='word_1_606' title='bbox 1352 998 1458 1036; x_wconf 85' lang='lat' dir='ltr'>redire</span> <span class='ocrx_word' id='word_1_607' title='bbox 1481 1000 1662 1044; x_wconf 84' lang='lat' dir='ltr'>unitatem,</span> <span class='ocrx_word' id='word_1_608' title='bbox 1688 1002 1885 1047; x_wconf 85' lang='lat' dir='ltr'>propositum</span> <span class='ocrx_word' id='word_1_609' title='bbox 1907 1002 2021 1037; x_wconf 87' lang='lat' dir='ltr'>distuli</span> <span class='ocrx_word' id='word_1_610' title='bbox 2049 1025 2062 1044; x_wconf 88' lang='lat'>,</span> 
     </span>
     <span class='ocr_line' id='line_1_83' title="bbox 1118 1046 2060 1097; baseline 0.004 -15"><span class='ocrx_word' id='word_1_611' title='bbox 1118 1046 1226 1082; x_wconf 85' lang='lat' dir='ltr'>donec</span> <span class='ocrx_word' id='word_1_612' title='bbox 1245 1048 1374 1092; x_wconf 69' lang='lat' dir='ltr'>plenius</span> <span class='ocrx_word' id='word_1_613' title='bbox 1395 1050 1612 1088; x_wconf 88' lang='lat' dir='ltr'>innotesceret</span> <span class='ocrx_word' id='word_1_614' title='bbox 1632 1078 1643 1095; x_wconf 93' lang='lat'><em>‚</em></span> <span class='ocrx_word' id='word_1_615' title='bbox 1678 1064 1774 1097; x_wconf 88' lang='lat' dir='ltr'>quem</span> <span class='ocrx_word' id='word_1_616' title='bbox 1801 1052 1935 1097; x_wconf 86' lang='lat' dir='ltr'>negotia</span> <span class='ocrx_word' id='word_1_617' title='bbox 1966 1061 2060 1088; x_wconf 90' lang='lat' dir='ltr'>tanta</span> 
     </span>
     <span class='ocr_line' id='line_1_84' title="bbox 1120 1097 2063 1146; baseline 0.004 -14"><span class='ocrx_word' id='word_1_618' title='bbox 1120 1097 1475 1136; x_wconf 67' lang='lat' dir='ltr'>sortirentur‘eventum</span> <span class='ocrx_word' id='word_1_619' title='bbox 1489 1127 1496 1134; x_wconf 93' lang='lat'><strong>.</strong></span> <span class='ocrx_word' id='word_1_620' title='bbox 1508 1102 1595 1137; x_wconf 74' lang='lat' dir='ltr'>Cum</span> <span class='ocrx_word' id='word_1_621' title='bbox 1605 1103 1694 1138; x_wconf 87' lang='lat' dir='ltr'>enim</span> <span class='ocrx_word' id='word_1_622' title='bbox 1705 1101 1941 1139; x_wconf 87' lang='lat' dir='ltr'>Theutonicus</span> <span class='ocrx_word' id='word_1_623' title='bbox 1949 1112 2063 1146; x_wconf 87' lang='lat' dir='ltr'>tyran-</span> 
     </span>
     <span class='ocr_line' id='line_1_85' title="bbox 1121 1149 2062 1196; baseline 0.005 -15"><span class='ocrx_word' id='word_1_624' title='bbox 1121 1158 1181 1181; x_wconf 89' lang='lat' dir='ltr'>nus</span> <span class='ocrx_word' id='word_1_625' title='bbox 1194 1149 1324 1184; x_wconf 90' lang='lat' dir='ltr'>sentiret</span> <span class='ocrx_word' id='word_1_626' title='bbox 1340 1151 1375 1185; x_wconf 89' lang='lat' dir='ltr'>se</span> <span class='ocrx_word' id='word_1_627' title='bbox 1393 1151 1537 1187; x_wconf 87' lang='lat' dir='ltr'>militum</span> <span class='ocrx_word' id='word_1_628' title='bbox 1551 1154 1695 1196; x_wconf 80' lang='lat' dir='ltr'>praefidio</span> <span class='ocrx_word' id='word_1_629' title='bbox 1709 1153 1899 1190; x_wconf 85' lang='lat' dir='ltr'>destitutum</span> <span class='ocrx_word' id='word_1_630' title='bbox 1913 1177 1926 1194; x_wconf 89' lang='lat'>,</span> <span class='ocrx_word' id='word_1_631' title='bbox 1951 1153 1986 1187; x_wconf 75' lang='grc' dir='ltr'>ἀ</span> <span class='ocrx_word' id='word_1_632' title='bbox 1998 1153 2062 1186; x_wconf 88' lang='lat' dir='ltr'>lta·</span> 
     </span>
     <span class='ocr_line' id='line_1_86' title="bbox 1120 1195 2061 1250; baseline 0.011 -21"><span class='ocrx_word' id='word_1_633' title='bbox 1120 1195 1170 1230; x_wconf 85' lang='lat' dir='ltr'>liae</span> <span class='ocrx_word' id='word_1_634' title='bbox 1189 1198 1337 1234; x_wconf 87' lang='lat' dir='ltr'>civitates</span> <span class='ocrx_word' id='word_1_635' title='bbox 1357 1200 1392 1235; x_wconf 88' lang='lat' dir='ltr'>in</span> <span class='ocrx_word' id='word_1_636' title='bbox 1404 1202 1507 1245; x_wconf 83' lang='lat' dir='ltr'>ipsum</span> <span class='ocrx_word' id='word_1_637' title='bbox 1535 1204 1652 1239; x_wconf 86' lang='lat' dir='ltr'>irruere</span> <span class='ocrx_word' id='word_1_638' title='bbox 1673 1214 1898 1250; x_wconf 82' lang='lat' dir='ltr'>properarent,</span> <span class='ocrx_word' id='word_1_639' title='bbox 1936 1203 1970 1237; x_wconf 71' lang='grc' dir='ltr'>ὅ(</span> <span class='ocrx_word' id='word_1_640' title='bbox 1992 1202 2061 1246; x_wconf 81' lang='lat' dir='ltr'>ipse.</span> 
     </span>
    </p>
   </div>
   <div class='ocr_carea' id='block_1_9' title="bbox 1120 1247 2064 1341">
    <p class='ocr_par' dir='ltr' id='par_1_9' title="bbox 1120 1247 2064 1341">
     <span class='ocr_line' id='line_1_87' title="bbox 1120 1247 2059 1297; baseline 0.009 -19"><span class='ocrx_word' id='word_1_641' title='bbox 1120 1247 1301 1281; x_wconf 76' lang='lat' dir='ltr'>temeritate</span> <span class='ocrx_word' id='word_1_642' title='bbox 1312 1251 1444 1284; x_wconf 89' lang='lat' dir='ltr'>suorum</span> <span class='ocrx_word' id='word_1_643' title='bbox 1454 1276 1466 1292; x_wconf 91' lang='lat'>‚</span> <span class='ocrx_word' id='word_1_644' title='bbox 1493 1253 1550 1293; x_wconf 88' lang='lat' dir='ltr'>qui</span> <span class='ocrx_word' id='word_1_645' title='bbox 1563 1252 1724 1288; x_wconf 78' lang='lat' dir='ltr'>Nobilem</span> <span class='ocrx_word' id='word_1_646' title='bbox 1735 1255 1909 1297; x_wconf 75' lang='lat' dir='ltr'>quemdam</span> <span class='ocrx_word' id='word_1_647' title='bbox 1921 1251 2059 1296; x_wconf 89' lang='lat' dir='ltr'>Papien-</span> 
     </span>
     <span class='ocr_line' id='line_1_88' title="bbox 1121 1295 2064 1341; baseline 0.01 -14"><span class='ocrx_word' id='word_1_648' title='bbox 1121 1295 1186 1328; x_wconf 88' lang='lat' dir='ltr'>sem</span> <span class='ocrx_word' id='word_1_649' title='bbox 1200 1306 1445 1331; x_wconf 81' lang='lat' dir='ltr'>excoecaverant</span> <span class='ocrx_word' id='word_1_650' title='bbox 1459 1323 1470 1338; x_wconf 92' lang='lat'>,</span> <span class='ocrx_word' id='word_1_651' title='bbox 1496 1299 1601 1341; x_wconf 76' lang='lat' dir='ltr'>Papiae</span> <span class='ocrx_word' id='word_1_652' title='bbox 1621 1302 1761 1335; x_wconf 73' lang='lat' dir='ltr'>minime</span> <span class='ocrx_word' id='word_1_653' title='bbox 1781 1312 1873 1335; x_wconf 89' lang='lat' dir='ltr'>tutus</span> <span class='ocrx_word' id='word_1_654' title='bbox 1892 1303 1969 1336; x_wconf 77' lang='lat' dir='ltr'>esset</span> <span class='ocrx_word' id='word_1_655' title='bbox 1981 1325 1992 1341; x_wconf 90' lang='lat'>,</span> <span class='ocrx_word' id='word_1_656' title='bbox 2017 1302 2064 1335; x_wconf 85' lang='lat' dir='ltr'>ei·</span> 
     </span>
    </p>
   </div>
   <div class='ocr_carea' id='block_1_10' title="bbox 1120 1343 2070 2688">
    <p class='ocr_par' dir='ltr' id='par_1_10' title="bbox 1120 1343 2070 2688">
     <span class='ocr_line' id='line_1_89' title="bbox 1120 1343 2064 1390; baseline 0.007 -12"><span class='ocrx_word' id='word_1_657' title='bbox 1120 1355 1184 1388; x_wconf 81' lang='lat' dir='ltr'>que</span> <span class='ocrx_word' id='word_1_658' title='bbox 1205 1343 1444 1380; x_wconf 85' lang='lat' dir='ltr'>Maurianensis</span> <span class='ocrx_word' id='word_1_659' title='bbox 1455 1347 1498 1381; x_wconf 89' lang='lat' dir='ltr'>sic</span> <span class='ocrx_word' id='word_1_660' title='bbox 1517 1348 1705 1390; x_wconf 84' lang='lat' dir='ltr'>obsisteret,</span> <span class='ocrx_word' id='word_1_661' title='bbox 1742 1360 1779 1385; x_wconf 88' lang='lat' dir='ltr'>ut</span> <span class='ocrx_word' id='word_1_662' title='bbox 1799 1349 2064 1385; x_wconf 81' lang='lat' dir='ltr'>Lombatdorum</span> 
     </span>
     <span class='ocr_line' id='line_1_90' title="bbox 1121 1395 2062 1444; baseline 0.007 -15"><span class='ocrx_word' id='word_1_663' title='bbox 1121 1404 1236 1429; x_wconf 87' lang='lat' dir='ltr'>manus</span> <span class='ocrx_word' id='word_1_664' title='bbox 1254 1395 1345 1431; x_wconf 89' lang='lat' dir='ltr'>nulla</span> <span class='ocrx_word' id='word_1_665' title='bbox 1367 1397 1496 1432; x_wconf 90' lang='lat' dir='ltr'>ratione</span> <span class='ocrx_word' id='word_1_666' title='bbox 1517 1399 1606 1442; x_wconf 74' lang='lat' dir='ltr'>posse</span> <span class='ocrx_word' id='word_1_667' title='bbox 1625 1400 1761 1435; x_wconf 88' lang='lat' dir='ltr'>evadere</span> <span class='ocrx_word' id='word_1_668' title='bbox 1783 1401 1966 1441; x_wconf 87' lang='lat' dir='ltr'>videretur,</span> <span class='ocrx_word' id='word_1_669' title='bbox 1995 1401 2062 1444; x_wconf 90' lang='lat' dir='ltr'>ipsc</span> 
     </span>
     <span class='ocr_line' id='line_1_91' title="bbox 1121 1442 2063 1485; baseline 0.005 -5"><span class='ocrx_word' id='word_1_670' title='bbox 1121 1442 1265 1480; x_wconf 81' lang='lat' dir='ltr'>Comitis</span> <span class='ocrx_word' id='word_1_671' title='bbox 1287 1445 1528 1483; x_wconf 87' lang='lat' dir='ltr'>Blandratenfis</span> <span class='ocrx_word' id='word_1_672' title='bbox 1547 1448 1581 1482; x_wconf 91' lang='lat'>&amp;</span> <span class='ocrx_word' id='word_1_673' title='bbox 1604 1449 1810 1485; x_wconf 88' lang='lat' dir='ltr'>Marchionis</span> <span class='ocrx_word' id='word_1_674' title='bbox 1828 1451 1959 1485; x_wconf 86' lang='lat' dir='ltr'>Montis</span> <span class='ocrx_word' id='word_1_675' title='bbox 1983 1451 2063 1485; x_wconf 87' lang='lat' dir='ltr'>Fer-</span> 
     </span>
     <span class='ocr_line' id='line_1_92' title="bbox 1123 1494 2062 1540; baseline 0.006 -12"><span class='ocrx_word' id='word_1_676' title='bbox 1123 1494 1183 1528; x_wconf 91' lang='lat' dir='ltr'>rati</span> <span class='ocrx_word' id='word_1_677' title='bbox 1204 1495 1306 1528; x_wconf 90' lang='lat' dir='ltr'>fretus</span> <span class='ocrx_word' id='word_1_678' title='bbox 1326 1496 1477 1537; x_wconf 87' lang='lat' dir='ltr'>auxilio,</span> <span class='ocrx_word' id='word_1_679' title='bbox 1504 1498 1635 1533; x_wconf 86' lang='lat' dir='ltr'>divertit</span> <span class='ocrx_word' id='word_1_680' title='bbox 1650 1500 1682 1533; x_wconf 89' lang='lat' dir='ltr'>in</span> <span class='ocrx_word' id='word_1_681' title='bbox 1695 1509 1810 1534; x_wconf 86' lang='lat' dir='ltr'>terram</span> <span class='ocrx_word' id='word_1_682' title='bbox 1831 1498 2062 1540; x_wconf 88' lang='lat' dir='ltr'>Marchionis,</span> 
     </span>
     <span class='ocr_line' id='line_1_93' title="bbox 1122 1543 2062 1594; baseline 0.007 -18"><span class='ocrx_word' id='word_1_683' title='bbox 1122 1543 1240 1578; x_wconf 71' lang='lat' dir='ltr'>relictis</span> <span class='ocrx_word' id='word_1_684' title='bbox 1261 1545 1398 1589; x_wconf 86' lang='lat' dir='ltr'>triginta</span> <span class='ocrx_word' id='word_1_685' title='bbox 1410 1546 1574 1582; x_wconf 85' lang='lat' dir='ltr'>obsidibus</span> <span class='ocrx_word' id='word_1_686' title='bbox 1586 1548 1848 1584; x_wconf 90' lang='lat' dir='ltr'>Lombatdorum</span> <span class='ocrx_word' id='word_1_687' title='bbox 1863 1549 1948 1594; x_wconf 89' lang='lat' dir='ltr'>apud</span> <span class='ocrx_word' id='word_1_688' title='bbox 1963 1549 2062 1584; x_wconf 83' lang='lat' dir='ltr'>Blan-</span> 
     </span>
     <span class='ocr_line' id='line_1_94' title="bbox 1122 1592 2064 1644; baseline 0.01 -18"><span class='ocrx_word' id='word_1_689' title='bbox 1122 1592 1270 1628; x_wconf 89' lang='lat' dir='ltr'>dratum.</span> <span class='ocrx_word' id='word_1_690' title='bbox 1311 1594 1411 1630; x_wconf 83' lang='lat' dir='ltr'>Alios</span> <span class='ocrx_word' id='word_1_691' title='bbox 1431 1605 1541 1633; x_wconf 85' lang='lat' dir='ltr'>autem</span> <span class='ocrx_word' id='word_1_692' title='bbox 1569 1598 1718 1640; x_wconf 82' lang='lat' dir='ltr'>obfides,</span> <span class='ocrx_word' id='word_1_693' title='bbox 1745 1610 1828 1642; x_wconf 88' lang='lat' dir='ltr'>quos</span> <span class='ocrx_word' id='word_1_694' title='bbox 1847 1610 2014 1644; x_wconf 87' lang='lat' dir='ltr'>acceperat</span> <span class='ocrx_word' id='word_1_695' title='bbox 2051 1624 2064 1641; x_wconf 90' lang='lat'>,</span> 
     </span>
     <span class='ocr_line' id='line_1_95' title="bbox 1125 1643 2060 1693; baseline 0.012 -18"><span class='ocrx_word' id='word_1_696' title='bbox 1125 1652 1178 1687; x_wconf 89' lang='lat' dir='ltr'>per</span> <span class='ocrx_word' id='word_1_697' title='bbox 1197 1643 1298 1678; x_wconf 88' lang='lat' dir='ltr'>castra</span> <span class='ocrx_word' id='word_1_698' title='bbox 1317 1644 1645 1685; x_wconf 73' lang='lat' dir='ltr'>Marchionisdivisit</span> <span class='ocrx_word' id='word_1_699' title='bbox 1660 1649 1893 1684; x_wconf 88' lang='lat' dir='ltr'>custodiendos</span> <span class='ocrx_word' id='word_1_700' title='bbox 1906 1675 1915 1690; x_wconf 92' lang='lat'>,</span> <span class='ocrx_word' id='word_1_701' title='bbox 1944 1651 1978 1685; x_wconf 75' lang='grc' dir='ltr'>ὃ(</span> <span class='ocrx_word' id='word_1_702' title='bbox 1992 1652 2060 1693; x_wconf 84' lang='lat' dir='ltr'>ipse</span> 
     </span>
     <span class='ocr_line' id='line_1_96' title="bbox 1124 1694 2067 1740; baseline 0.011 -14"><span class='ocrx_word' id='word_1_703' title='bbox 1124 1704 1198 1726; x_wconf 89' lang='lat' dir='ltr'>cnm</span> <span class='ocrx_word' id='word_1_704' title='bbox 1212 1694 1342 1736; x_wconf 84' lang='lat' dir='ltr'>praefato</span> <span class='ocrx_word' id='word_1_705' title='bbox 1355 1695 1488 1729; x_wconf 82' lang='lat' dir='ltr'>Comite</span> <span class='ocrx_word' id='word_1_706' title='bbox 1498 1697 1531 1728; x_wconf 80' lang='grc' dir='ltr'>ἀ</span> <span class='ocrx_word' id='word_1_707' title='bbox 1546 1696 1744 1731; x_wconf 86' lang='lat' dir='ltr'>Marchione</span> <span class='ocrx_word' id='word_1_708' title='bbox 1757 1722 1766 1736; x_wconf 95' lang='lat'><em>‚</em></span> <span class='ocrx_word' id='word_1_709' title='bbox 1793 1699 1869 1740; x_wconf 86' lang='lat' dir='ltr'>quia</span> <span class='ocrx_word' id='word_1_710' title='bbox 1880 1710 1955 1733; x_wconf 84' lang='lat' dir='ltr'>eum</span> <span class='ocrx_word' id='word_1_711' title='bbox 1968 1701 2067 1736; x_wconf 84' lang='lat' dir='ltr'>Lom-</span> 
     </span>
     <span class='ocr_line' id='line_1_97' title="bbox 1125 1741 2068 1792; baseline 0.012 -18"><span class='ocrx_word' id='word_1_712' title='bbox 1125 1741 1215 1775; x_wconf 89' lang='lat' dir='ltr'>bardi</span> <span class='ocrx_word' id='word_1_713' title='bbox 1237 1753 1441 1787; x_wconf 86' lang='lat' dir='ltr'>congregato</span> <span class='ocrx_word' id='word_1_714' title='bbox 1460 1744 1605 1777; x_wconf 84' lang='lat' dir='ltr'>exercitu</span> <span class='ocrx_word' id='word_1_715' title='bbox 1629 1746 1731 1788; x_wconf 88' lang='lat' dir='ltr'>usque</span> <span class='ocrx_word' id='word_1_716' title='bbox 1752 1747 1792 1781; x_wconf 91' lang='lat' dir='ltr'>ad</span> <span class='ocrx_word' id='word_1_717' title='bbox 1821 1747 1938 1792; x_wconf 90' lang='lat' dir='ltr'>viginti</span> <span class='ocrx_word' id='word_1_718' title='bbox 1962 1750 2068 1785; x_wconf 87' lang='lat' dir='ltr'>millia</span> 
     </span>
     <span class='ocr_line' id='line_1_98' title="bbox 1125 1790 2069 1842; baseline 0.014 -21"><span class='ocrx_word' id='word_1_719' title='bbox 1125 1790 1269 1822; x_wconf 84' lang='lat' dir='ltr'>militurn</span> <span class='ocrx_word' id='word_1_720' title='bbox 1292 1791 1588 1834; x_wconf 89' lang='lat' dir='ltr'>prosequebantur,</span> <span class='ocrx_word' id='word_1_721' title='bbox 1617 1795 1650 1828; x_wconf 90' lang='lat'>&amp;</span> <span class='ocrx_word' id='word_1_722' title='bbox 1672 1795 1817 1830; x_wconf 81' lang='lat' dir='ltr'>obsidere</span> <span class='ocrx_word' id='word_1_723' title='bbox 1836 1798 2069 1842; x_wconf 85' lang='lat' dir='ltr'>decreverant,</span> 
     </span>
     <span class='ocr_line' id='line_1_99' title="bbox 1124 1838 2069 1893; baseline 0.014 -21"><span class='ocrx_word' id='word_1_724' title='bbox 1124 1849 1179 1882; x_wconf 89' lang='lat' dir='ltr'>per</span> <span class='ocrx_word' id='word_1_725' title='bbox 1198 1838 1326 1875; x_wconf 89' lang='lat' dir='ltr'>castella</span> <span class='ocrx_word' id='word_1_726' title='bbox 1350 1842 1482 1886; x_wconf 83' lang='lat' dir='ltr'>quafiin</span> <span class='ocrx_word' id='word_1_727' title='bbox 1506 1843 1619 1877; x_wconf 91' lang='lat' dir='ltr'>umbra</span> <span class='ocrx_word' id='word_1_728' title='bbox 1646 1847 1762 1879; x_wconf 87' lang='lat' dir='ltr'>mortis</span> <span class='ocrx_word' id='word_1_729' title='bbox 1786 1847 1919 1882; x_wconf 85' lang='lat' dir='ltr'>latitans</span> <span class='ocrx_word' id='word_1_730' title='bbox 1950 1849 2069 1893; x_wconf 83' lang='lat' dir='ltr'>fugita-</span> 
     </span>
     <span class='ocr_line' id='line_1_100' title="bbox 1125 1889 2069 1939; baseline 0.012 -17"><span class='ocrx_word' id='word_1_731' title='bbox 1125 1889 1201 1929; x_wconf 87' lang='lat' dir='ltr'>bat,</span> <span class='ocrx_word' id='word_1_732' title='bbox 1228 1900 1265 1924; x_wconf 90' lang='lat' dir='ltr'>ut</span> <span class='ocrx_word' id='word_1_733' title='bbox 1285 1890 1363 1932; x_wconf 81' lang='lat' dir='ltr'>vix,</span> <span class='ocrx_word' id='word_1_734' title='bbox 1388 1892 1467 1926; x_wconf 87' lang='lat' dir='ltr'>sicut</span> <span class='ocrx_word' id='word_1_735' title='bbox 1480 1893 1571 1935; x_wconf 88' lang='lat' dir='ltr'>ajunt</span> <span class='ocrx_word' id='word_1_736' title='bbox 1582 1894 1673 1937; x_wconf 89' lang='lat' dir='ltr'>probi</span> <span class='ocrx_word' id='word_1_737' title='bbox 1687 1896 1767 1935; x_wconf 87' lang='lat' dir='ltr'>viri,</span> <span class='ocrx_word' id='word_1_738' title='bbox 1794 1897 1880 1939; x_wconf 86' lang='lat' dir='ltr'>pleni</span> <span class='ocrx_word' id='word_1_739' title='bbox 1894 1897 2002 1933; x_wconf 84' lang='lat' dir='ltr'>fide&amp;</span> <span class='ocrx_word' id='word_1_740' title='bbox 2015 1910 2069 1935; x_wconf 90' lang='lat' dir='ltr'>au-</span> 
     </span>
     <span class='ocr_line' id='line_1_101' title="bbox 1124 1938 2070 1984; baseline 0.012 -12"><span class='ocrx_word' id='word_1_741' title='bbox 1124 1938 1284 1974; x_wconf 88' lang='lat' dir='ltr'>thoritate</span> <span class='ocrx_word' id='word_1_742' title='bbox 1297 1963 1308 1980; x_wconf 93' lang='lat'>,</span> <span class='ocrx_word' id='word_1_743' title='bbox 1333 1942 1390 1984; x_wconf 84' lang='lat' dir='ltr'>qui</span> <span class='ocrx_word' id='word_1_744' title='bbox 1414 1943 1653 1984; x_wconf 84' lang='lat' dir='ltr'>interfuerunt,</span> <span class='ocrx_word' id='word_1_745' title='bbox 1680 1945 1807 1980; x_wconf 89' lang='lat' dir='ltr'>duobus</span> <span class='ocrx_word' id='word_1_746' title='bbox 1819 1946 2000 1983; x_wconf 82' lang='lat' dir='ltr'>diebusaut</span> <span class='ocrx_word' id='word_1_747' title='bbox 2013 1950 2070 1983; x_wconf 88' lang='lat' dir='ltr'>tri-</span> 
     </span>
     <span class='ocr_line' id='line_1_102' title="bbox 1126 1988 2067 2039; baseline 0.012 -17"><span class='ocrx_word' id='word_1_748' title='bbox 1126 1988 1186 2022; x_wconf 88' lang='lat' dir='ltr'>bus</span> <span class='ocrx_word' id='word_1_749' title='bbox 1207 1989 1339 2023; x_wconf 80' lang='lat' dir='ltr'>auderet</span> <span class='ocrx_word' id='word_1_750' title='bbox 1360 1991 1394 2024; x_wconf 90' lang='lat' dir='ltr'>in</span> <span class='ocrx_word' id='word_1_751' title='bbox 1417 1993 1535 2026; x_wconf 87' lang='lat' dir='ltr'>eodem</span> <span class='ocrx_word' id='word_1_752' title='bbox 1561 1992 1703 2036; x_wconf 87' lang='lat' dir='ltr'>hospitio</span> <span class='ocrx_word' id='word_1_753' title='bbox 1723 1998 1929 2039; x_wconf 67' lang='lat' dir='ltr'>pernoCiare.</span> <span class='ocrx_word' id='word_1_754' title='bbox 1967 1997 2067 2034; x_wconf 88' lang='lat' dir='ltr'>Hanc</span> 
     </span>
     <span class='ocr_line' id='line_1_103' title="bbox 1126 2038 2068 2091; baseline 0.015 -21"><span class='ocrx_word' id='word_1_755' title='bbox 1126 2038 1287 2072; x_wconf 87' lang='lat' dir='ltr'>miseriam</span> <span class='ocrx_word' id='word_1_756' title='bbox 1307 2041 1470 2082; x_wconf 88' lang='lat' dir='ltr'>tyranni,</span> <span class='ocrx_word' id='word_1_757' title='bbox 1509 2054 1565 2077; x_wconf 84' lang='lat' dir='ltr'>aut</span> <span class='ocrx_word' id='word_1_758' title='bbox 1590 2044 1698 2087; x_wconf 74' lang='lat' dir='ltr'>potius</span> <span class='ocrx_word' id='word_1_759' title='bbox 1730 2047 1872 2091; x_wconf 84' lang='lat' dir='ltr'>gloriam</span> <span class='ocrx_word' id='word_1_760' title='bbox 1898 2048 1994 2089; x_wconf 86' lang='lat' dir='ltr'>Dei,</span> <span class='ocrx_word' id='word_1_761' title='bbox 2033 2050 2068 2084; x_wconf 75' lang='grc' dir='ltr'>δε</span> 
     </span>
     <span class='ocr_line' id='line_1_104' title="bbox 1127 2086 2067 2142; baseline 0.013 -22"><span class='ocrx_word' id='word_1_762' title='bbox 1127 2086 1273 2122; x_wconf 71' lang='lat' dir='ltr'>Ecclesiae</span> <span class='ocrx_word' id='word_1_763' title='bbox 1293 2090 1571 2131; x_wconf 81' lang='lat' dir='ltr'>consolationem,</span> <span class='ocrx_word' id='word_1_764' title='bbox 1598 2092 1638 2128; x_wconf 88' lang='lat' dir='ltr'>de</span> <span class='ocrx_word' id='word_1_765' title='bbox 1663 2095 1853 2130; x_wconf 83' lang='lat' dir='ltr'>vestratibus</span> <span class='ocrx_word' id='word_1_766' title='bbox 1876 2098 2009 2142; x_wconf 86' lang='lat' dir='ltr'>quidam</span> <span class='ocrx_word' id='word_1_767' title='bbox 2023 2100 2067 2132; x_wconf 88' lang='lat' dir='ltr'>vi·</span> 
     </span>
     <span class='ocr_line' id='line_1_105' title="bbox 1126 2137 2067 2186; baseline 0.015 -16"><span class='ocrx_word' id='word_1_768' title='bbox 1126 2137 1243 2172; x_wconf 90' lang='lat' dir='ltr'>derunt</span> <span class='ocrx_word' id='word_1_769' title='bbox 1265 2137 1429 2175; x_wconf 89' lang='lat' dir='ltr'>Canonici</span> <span class='ocrx_word' id='word_1_770' title='bbox 1452 2142 1720 2186; x_wconf 86' lang='lat' dir='ltr'>Noviomenses‚</span> <span class='ocrx_word' id='word_1_771' title='bbox 1747 2147 1780 2180; x_wconf 91' lang='lat'>&amp;</span> <span class='ocrx_word' id='word_1_772' title='bbox 1804 2148 1931 2183; x_wconf 88' lang='lat' dir='ltr'>Nuncii</span> <span class='ocrx_word' id='word_1_773' title='bbox 1945 2149 2067 2183; x_wconf 90' lang='lat' dir='ltr'>Comi-</span> 
     </span>
     <span class='ocr_line' id='line_1_106' title="bbox 1126 2187 2066 2242; baseline 0.014 -22"><span class='ocrx_word' id='word_1_774' title='bbox 1126 2187 1167 2221; x_wconf 88' lang='lat' dir='ltr'>tis</span> <span class='ocrx_word' id='word_1_775' title='bbox 1188 2188 1350 2230; x_wconf 89' lang='lat' dir='ltr'>Henrici‚</span> <span class='ocrx_word' id='word_1_776' title='bbox 1377 2191 1418 2225; x_wconf 88' lang='lat' dir='ltr'>de</span> <span class='ocrx_word' id='word_1_777' title='bbox 1439 2192 1648 2228; x_wconf 83' lang='lat' dir='ltr'>Nostratibus</span> <span class='ocrx_word' id='word_1_778' title='bbox 1669 2204 1779 2231; x_wconf 89' lang='lat' dir='ltr'>autem</span> <span class='ocrx_word' id='word_1_779' title='bbox 1801 2197 2066 2242; x_wconf 80' lang='lat' dir='ltr'>Legatiilluslris</span> 
     </span>
     <span class='ocr_line' id='line_1_107' title="bbox 1125 2237 2065 2287; baseline 0.014 -17"><span class='ocrx_word' id='word_1_780' title='bbox 1125 2237 1229 2282; x_wconf 85' lang='lat' dir='ltr'>Regis</span> <span class='ocrx_word' id='word_1_781' title='bbox 1250 2238 1458 2283; x_wconf 81' lang='lat' dir='ltr'>Anglorum,</span> <span class='ocrx_word' id='word_1_782' title='bbox 1488 2243 1568 2277; x_wconf 88' lang='lat' dir='ltr'>illuc</span> <span class='ocrx_word' id='word_1_783' title='bbox 1590 2244 1719 2287; x_wconf 61' lang='lat' dir='ltr'>profesti</span> <span class='ocrx_word' id='word_1_784' title='bbox 1743 2247 1845 2282; x_wconf 79' lang='lat' dir='ltr'>variis</span> <span class='ocrx_word' id='word_1_785' title='bbox 1859 2260 1900 2283; x_wconf 75' lang='lat' dir='ltr'>ex</span> <span class='ocrx_word' id='word_1_786' title='bbox 1931 2249 2065 2283; x_wconf 83' lang='lat' dir='ltr'>cauffis.</span> 
     </span>
     <span class='ocr_line' id='line_1_108' title="bbox 1127 2287 2068 2334; baseline 0.014 -14"><span class='ocrx_word' id='word_1_787' title='bbox 1127 2287 1368 2323; x_wconf 87' lang='lat' dir='ltr'>Noviomenses</span> <span class='ocrx_word' id='word_1_788' title='bbox 1387 2291 1478 2324; x_wconf 87' lang='lat' dir='ltr'>enim</span> <span class='ocrx_word' id='word_1_789' title='bbox 1500 2292 1605 2327; x_wconf 84' lang='lat' dir='ltr'>Archi</span> <span class='ocrx_word' id='word_1_790' title='bbox 1617 2311 1629 2318; x_wconf 93' lang='lat'>-</span> <span class='ocrx_word' id='word_1_791' title='bbox 1642 2295 1835 2331; x_wconf 89' lang='lat' dir='ltr'>Diaconum</span> <span class='ocrx_word' id='word_1_792' title='bbox 1858 2300 1952 2334; x_wconf 87' lang='lat' dir='ltr'>suum</span> <span class='ocrx_word' id='word_1_793' title='bbox 1967 2298 2068 2333; x_wconf 92' lang='lat' dir='ltr'>Boni-</span> 
     </span>
     <span class='ocr_line' id='line_1_109' title="bbox 1125 2337 2066 2393; baseline 0.013 -22"><span class='ocrx_word' id='word_1_794' title='bbox 1125 2337 1271 2378; x_wconf 89' lang='lat' dir='ltr'>facium,</span> <span class='ocrx_word' id='word_1_795' title='bbox 1299 2338 1404 2374; x_wconf 79' lang='lat' dir='ltr'>Italiae</span> <span class='ocrx_word' id='word_1_796' title='bbox 1424 2339 1659 2377; x_wconf 87' lang='lat' dir='ltr'>Marchionern</span> <span class='ocrx_word' id='word_1_797' title='bbox 1683 2368 1696 2385; x_wconf 86' lang='lat'>,</span> <span class='ocrx_word' id='word_1_798' title='bbox 1722 2356 1819 2389; x_wconf 89' lang='lat' dir='ltr'>quem</span> <span class='ocrx_word' id='word_1_799' title='bbox 1841 2348 2008 2393; x_wconf 89' lang='lat' dir='ltr'>elegerant</span> <span class='ocrx_word' id='word_1_800' title='bbox 2029 2349 2066 2383; x_wconf 88' lang='lat' dir='ltr'>in</span> 
     </span>
     <span class='ocr_line' id='line_1_110' title="bbox 1127 2387 2065 2434; baseline 0.016 -15"><span class='ocrx_word' id='word_1_801' title='bbox 1127 2387 1347 2431; x_wconf 86' lang='lat' dir='ltr'>Episcopum,</span> <span class='ocrx_word' id='word_1_802' title='bbox 1374 2389 1479 2425; x_wconf 90' lang='lat' dir='ltr'>virum</span> <span class='ocrx_word' id='word_1_803' title='bbox 1500 2390 1697 2434; x_wconf 81' lang='lat' dir='ltr'>honestum,</span> <span class='ocrx_word' id='word_1_804' title='bbox 1722 2396 1756 2429; x_wconf 71' lang='grc' dir='ltr'>ὅσ</span> <span class='ocrx_word' id='word_1_805' title='bbox 1785 2407 1855 2432; x_wconf 81' lang='lat' dir='ltr'>tota</span> <span class='ocrx_word' id='word_1_806' title='bbox 1884 2399 2065 2433; x_wconf 84' lang='lat' dir='ltr'>schismatis</span> 
     </span>
     <span class='ocr_line' id='line_1_111' title="bbox 1126 2438 2062 2487; baseline 0.013 -17"><span class='ocrx_word' id='word_1_807' title='bbox 1126 2438 1316 2482; x_wconf 81' lang='lat' dir='ltr'>tempestate</span> <span class='ocrx_word' id='word_1_808' title='bbox 1336 2438 1573 2482; x_wconf 89' lang='lat' dir='ltr'>Catholicum,</span> <span class='ocrx_word' id='word_1_809' title='bbox 1599 2443 1750 2478; x_wconf 88' lang='lat' dir='ltr'>reducere</span> <span class='ocrx_word' id='word_1_810' title='bbox 1763 2446 1966 2487; x_wconf 83' lang='lat' dir='ltr'>quaerebant.</span> <span class='ocrx_word' id='word_1_811' title='bbox 1995 2449 2062 2482; x_wconf 90' lang='lat' dir='ltr'>Co-</span> 
     </span>
     <span class='ocr_line' id='line_1_112' title="bbox 1126 2487 2057 2537; baseline 0.012 -17"><span class='ocrx_word' id='word_1_812' title='bbox 1126 2497 1193 2521; x_wconf 88' lang='lat' dir='ltr'>mes</span> <span class='ocrx_word' id='word_1_813' title='bbox 1211 2487 1376 2524; x_wconf 86' lang='lat' dir='ltr'>Henricus</span> <span class='ocrx_word' id='word_1_814' title='bbox 1396 2490 1514 2526; x_wconf 85' lang='lat' dir='ltr'>statum</span> <span class='ocrx_word' id='word_1_815' title='bbox 1535 2491 1725 2534; x_wconf 86' lang='lat' dir='ltr'>explorabat</span> <span class='ocrx_word' id='word_1_816' title='bbox 1745 2492 1875 2537; x_wconf 86' lang='lat' dir='ltr'>Imperii</span> <span class='ocrx_word' id='word_1_817' title='bbox 1892 2520 1898 2526; x_wconf 92' lang='lat'>.</span> <span class='ocrx_word' id='word_1_818' title='bbox 1928 2497 2057 2531; x_wconf 90' lang='lat' dir='ltr'>Nuncii</span> 
     </span>
     <span class='ocr_line' id='line_1_113' title="bbox 1128 2536 2064 2585; baseline 0.012 -14"><span class='ocrx_word' id='word_1_819' title='bbox 1128 2536 1204 2579; x_wconf 75' lang='lat' dir='ltr'>verti</span> <span class='ocrx_word' id='word_1_820' title='bbox 1225 2537 1329 2584; x_wconf 89' lang='lat' dir='ltr'>Regis</span> <span class='ocrx_word' id='word_1_821' title='bbox 1347 2538 1479 2584; x_wconf 79' lang='lat' dir='ltr'>Angliae.</span> <span class='ocrx_word' id='word_1_822' title='bbox 1495 2540 1676 2582; x_wconf 82' lang='lat' dir='ltr'>juramenta</span> <span class='ocrx_word' id='word_1_823' title='bbox 1700 2543 1907 2585; x_wconf 89' lang='lat' dir='ltr'>praestiterunt</span> <span class='ocrx_word' id='word_1_824' title='bbox 1927 2546 1966 2579; x_wconf 91' lang='lat' dir='ltr'>de</span> <span class='ocrx_word' id='word_1_825' title='bbox 1988 2547 2064 2582; x_wconf 88' lang='lat' dir='ltr'>Ma-</span> 
     </span>
     <span class='ocr_line' id='line_1_114' title="bbox 1127 2587 2062 2637; baseline 0.009 -15"><span class='ocrx_word' id='word_1_826' title='bbox 1127 2587 1287 2623; x_wconf 90' lang='lat' dir='ltr'>trimonio</span> <span class='ocrx_word' id='word_1_827' title='bbox 1307 2588 1538 2624; x_wconf 87' lang='lat' dir='ltr'>contrahendo</span> <span class='ocrx_word' id='word_1_828' title='bbox 1569 2589 1654 2625; x_wconf 90' lang='lat' dir='ltr'>inter</span> <span class='ocrx_word' id='word_1_829' title='bbox 1674 2592 1797 2626; x_wconf 86' lang='lat' dir='ltr'>Filium</span> <span class='ocrx_word' id='word_1_830' title='bbox 1822 2589 1944 2637; x_wconf 73' lang='lat' dir='ltr'>&#39;praefati</span> <span class='ocrx_word' id='word_1_831' title='bbox 1967 2595 2062 2630; x_wconf 79' lang='lat' dir='ltr'>Mar-</span> 
     </span>
     <span class='ocr_line' id='line_1_115' title="bbox 1126 2636 2061 2688; baseline 0.007 -16"><span class='ocrx_word' id='word_1_832' title='bbox 1126 2636 1256 2673; x_wconf 84' lang='lat' dir='ltr'>chionis</span> <span class='ocrx_word' id='word_1_833' title='bbox 1282 2639 1314 2673; x_wconf 86' lang='lat'>&amp;</span> <span class='ocrx_word' id='word_1_834' title='bbox 1337 2639 1487 2673; x_wconf 90' lang='lat' dir='ltr'>Sororem</span> <span class='ocrx_word' id='word_1_835' title='bbox 1508 2638 1612 2685; x_wconf 86' lang='lat' dir='ltr'>Regis</span> <span class='ocrx_word' id='word_1_836' title='bbox 1632 2642 1748 2676; x_wconf 81' lang='lat' dir='ltr'>Scotlae</span> <span class='ocrx_word' id='word_1_837' title='bbox 1761 2667 1772 2683; x_wconf 92' lang='lat'>‚</span> <span class='ocrx_word' id='word_1_838' title='bbox 1800 2644 1883 2678; x_wconf 87' lang='lat' dir='ltr'>&amp;ad</span> <span class='ocrx_word' id='word_1_839' title='bbox 1908 2644 1985 2688; x_wconf 73' lang='lat' dir='ltr'>saepe</span> <span class='ocrx_word' id='word_1_840' title='bbox 2006 2644 2061 2679; x_wconf 85' lang='lat' dir='ltr'>di-</span> 
     </span>
    </p>
   </div>
   <div class='ocr_carea' id='block_1_11' title="bbox 1101 2688 2064 2739">
    <p class='ocr_par' dir='ltr' id='par_1_11' title="bbox 1101 2688 2064 2739">
     <span class='ocr_line' id='line_1_116' title="bbox 1101 2688 2064 2739; baseline 0.009 -17"><span class='ocrx_word' id='word_1_841' title='bbox 1101 2719 1103 2722; x_wconf 18' lang='lat' dir='ltr'>t</span> <span class='ocrx_word' id='word_1_842' title='bbox 1125 2688 1212 2723; x_wconf 65' lang='lat' dir='ltr'>&amp;um</span> <span class='ocrx_word' id='word_1_843' title='bbox 1234 2698 1410 2730; x_wconf 88' lang='lat' dir='ltr'>tyrannum</span> <span class='ocrx_word' id='word_1_844' title='bbox 1432 2689 1619 2734; x_wconf 88' lang='lat' dir='ltr'>Legatione</span> <span class='ocrx_word' id='word_1_845' title='bbox 1642 2692 1742 2725; x_wconf 73' lang='lat' dir='ltr'>funeti</span> <span class='ocrx_word' id='word_1_846' title='bbox 1765 2694 1860 2734; x_wconf 89' lang='lat' dir='ltr'>sunt,</span> <span class='ocrx_word' id='word_1_847' title='bbox 1887 2696 1975 2730; x_wconf 87' lang='lat' dir='ltr'>utde</span> <span class='ocrx_word' id='word_1_848' title='bbox 1994 2696 2064 2739; x_wconf 85' lang='lat' dir='ltr'>opi-</span> 
     </span>
    </p>
   </div>
   <div class='ocr_carea' id='block_1_12' title="bbox 1126 2738 2061 3485">
    <p class='ocr_par' dir='ltr' id='par_1_12' title="bbox 1126 2738 2061 3485">
     <span class='ocr_line' id='line_1_117' title="bbox 1128 2738 2061 2782; baseline 0.009 -10"><span class='ocrx_word' id='word_1_849' title='bbox 1128 2739 1228 2773; x_wconf 88' lang='lat' dir='ltr'>nione</span> <span class='ocrx_word' id='word_1_850' title='bbox 1245 2738 1425 2772; x_wconf 86' lang='lat' dir='ltr'>multorum</span> <span class='ocrx_word' id='word_1_851' title='bbox 1448 2738 1564 2782; x_wconf 89' lang='lat' dir='ltr'>loquar</span> <span class='ocrx_word' id='word_1_852' title='bbox 1584 2763 1596 2779; x_wconf 91' lang='lat'>,</span> <span class='ocrx_word' id='word_1_853' title='bbox 1620 2742 1687 2782; x_wconf 82' lang='lat' dir='ltr'>quo</span> <span class='ocrx_word' id='word_1_854' title='bbox 1706 2742 1747 2776; x_wconf 87' lang='lat' dir='ltr'>sic</span> <span class='ocrx_word' id='word_1_855' title='bbox 1768 2746 1852 2777; x_wconf 84' lang='lat' dir='ltr'>vires</span> <span class='ocrx_word' id='word_1_856' title='bbox 1865 2745 1898 2778; x_wconf 71' lang='grc' dir='ltr'>ὅ(</span> <span class='ocrx_word' id='word_1_857' title='bbox 1921 2747 2061 2780; x_wconf 83' lang='lat' dir='ltr'>familia-</span> 
     </span>
     <span class='ocr_line' id='line_1_118' title="bbox 1126 2788 2060 2834; baseline 0.01 -13"><span class='ocrx_word' id='word_1_858' title='bbox 1126 2788 1253 2823; x_wconf 81' lang='lat' dir='ltr'>ritatem</span> <span class='ocrx_word' id='word_1_859' title='bbox 1287 2788 1520 2831; x_wconf 82' lang='lat' dir='ltr'>praetendentes</span> <span class='ocrx_word' id='word_1_860' title='bbox 1549 2790 1680 2834; x_wconf 79' lang='lat' dir='ltr'>Imperii</span> <span class='ocrx_word' id='word_1_861' title='bbox 1710 2802 1850 2827; x_wconf 85' lang='lat' dir='ltr'>terreant</span> <span class='ocrx_word' id='word_1_862' title='bbox 1881 2795 2022 2830; x_wconf 86' lang='lat' dir='ltr'>Francos</span> <span class='ocrx_word' id='word_1_863' title='bbox 2054 2822 2060 2829; x_wconf 89' lang='lat'><strong><em>.</em></strong></span> 
     </span>
     <span class='ocr_line' id='line_1_119' title="bbox 1127 2837 2057 2886; baseline 0.008 -14"><span class='ocrx_word' id='word_1_864' title='bbox 1127 2838 1188 2872; x_wconf 85' lang='lat' dir='ltr'>Sed</span> <span class='ocrx_word' id='word_1_865' title='bbox 1209 2838 1370 2872; x_wconf 85' lang='lat' dir='ltr'>calliditas</span> <span class='ocrx_word' id='word_1_866' title='bbox 1392 2837 1460 2873; x_wconf 80' lang='lat' dir='ltr'>haec</span> <span class='ocrx_word' id='word_1_867' title='bbox 1481 2840 1517 2874; x_wconf 90' lang='lat' dir='ltr'>in</span> <span class='ocrx_word' id='word_1_868' title='bbox 1550 2842 1751 2876; x_wconf 89' lang='lat' dir='ltr'>contrarium</span> <span class='ocrx_word' id='word_1_869' title='bbox 1776 2844 1904 2886; x_wconf 73' lang='lat' dir='ltr'>prorsus</span> <span class='ocrx_word' id='word_1_870' title='bbox 1930 2846 2057 2879; x_wconf 83' lang='lat' dir='ltr'>exitum</span> 
     </span>
     <span class='ocr_line' id='line_1_120' title="bbox 1128 2888 2058 2937; baseline 0.009 -15"><span class='ocrx_word' id='word_1_871' title='bbox 1128 2889 1248 2933; x_wconf 89' lang='lat' dir='ltr'>pergit.</span> <span class='ocrx_word' id='word_1_872' title='bbox 1288 2888 1404 2922; x_wconf 88' lang='lat' dir='ltr'>Franci</span> <span class='ocrx_word' id='word_1_873' title='bbox 1427 2889 1583 2933; x_wconf 81' lang='lat' dir='ltr'>siquidem</span> <span class='ocrx_word' id='word_1_874' title='bbox 1604 2892 1710 2937; x_wconf 84' lang='lat' dir='ltr'>magis</span> <span class='ocrx_word' id='word_1_875' title='bbox 1730 2894 1942 2935; x_wconf 83' lang='lat' dir='ltr'>animantur,</span> <span class='ocrx_word' id='word_1_876' title='bbox 1976 2895 2058 2930; x_wconf 91' lang='lat' dir='ltr'>dum</span> 
     </span>
     <span class='ocr_line' id='line_1_121' title="bbox 1129 2936 2057 2989; baseline 0.01 -19"><span class='ocrx_word' id='word_1_877' title='bbox 1129 2937 1236 2972; x_wconf 89' lang='lat' dir='ltr'>vident</span> <span class='ocrx_word' id='word_1_878' title='bbox 1259 2936 1367 2972; x_wconf 83' lang='lat' dir='ltr'>hostes</span> <span class='ocrx_word' id='word_1_879' title='bbox 1392 2940 1478 2979; x_wconf 82' lang='lat' dir='ltr'>quasi</span> <span class='ocrx_word' id='word_1_880' title='bbox 1514 2940 1676 2975; x_wconf 86' lang='lat' dir='ltr'>desolatos</span> <span class='ocrx_word' id='word_1_881' title='bbox 1695 2967 1707 2983; x_wconf 92' lang='lat'>‚</span> <span class='ocrx_word' id='word_1_882' title='bbox 1742 2943 1848 2978; x_wconf 78' lang='lat' dir='ltr'>immo</span> <span class='ocrx_word' id='word_1_883' title='bbox 1879 2944 2057 2989; x_wconf 88' lang='lat' dir='ltr'>desperatos</span> 
     </span>
     <span class='ocr_line' id='line_1_122' title="bbox 1126 2988 2056 3038; baseline 0.008 -17"><span class='ocrx_word' id='word_1_884' title='bbox 1126 2988 1328 3022; x_wconf 88' lang='lat' dir='ltr'>emendicata</span> <span class='ocrx_word' id='word_1_885' title='bbox 1349 2988 1498 3034; x_wconf 83' lang='lat' dir='ltr'>suffragia</span> <span class='ocrx_word' id='word_1_886' title='bbox 1518 2992 1705 3034; x_wconf 70' lang='lat' dir='ltr'>quaerirare,</span> <span class='ocrx_word' id='word_1_887' title='bbox 1743 2994 1776 3027; x_wconf 87' lang='lat'>&amp;</span> <span class='ocrx_word' id='word_1_888' title='bbox 1796 2994 1870 3028; x_wconf 89' lang='lat' dir='ltr'>illos</span> <span class='ocrx_word' id='word_1_889' title='bbox 1887 2995 2056 3038; x_wconf 86' lang='lat' dir='ltr'>implorare</span> 
     </span>
     <span class='ocr_line' id='line_1_123' title="bbox 1129 3038 2056 3088; baseline 0.006 -16"><span class='ocrx_word' id='word_1_890' title='bbox 1129 3047 1304 3081; x_wconf 69' lang='lat' dir='ltr'>patmum,</span> <span class='ocrx_word' id='word_1_891' title='bbox 1330 3038 1448 3082; x_wconf 87' lang='lat' dir='ltr'>quibus</span> <span class='ocrx_word' id='word_1_892' title='bbox 1474 3052 1557 3084; x_wconf 90' lang='lat' dir='ltr'>opus</span> <span class='ocrx_word' id='word_1_893' title='bbox 1575 3040 1621 3075; x_wconf 87' lang='lat' dir='ltr'>est</span> <span class='ocrx_word' id='word_1_894' title='bbox 1633 3039 1818 3078; x_wconf 84' lang='lat' dir='ltr'>defensore.</span> <span class='ocrx_word' id='word_1_895' title='bbox 1846 3045 1935 3078; x_wconf 89' lang='lat' dir='ltr'>Dum</span> <span class='ocrx_word' id='word_1_896' title='bbox 1950 3048 2056 3088; x_wconf 83' lang='lat' dir='ltr'>itaque</span> 
     </span>
     <span class='ocr_line' id='line_1_124' title="bbox 1130 3089 2056 3137; baseline 0.006 -16"><span class='ocrx_word' id='word_1_897' title='bbox 1130 3089 1164 3122; x_wconf 88' lang='lat' dir='ltr'>in</span> <span class='ocrx_word' id='word_1_898' title='bbox 1183 3089 1283 3122; x_wconf 88' lang='lat' dir='ltr'>tantis</span> <span class='ocrx_word' id='word_1_899' title='bbox 1310 3089 1484 3124; x_wconf 88' lang='lat' dir='ltr'>versaretur</span> <span class='ocrx_word' id='word_1_900' title='bbox 1499 3091 1676 3134; x_wconf 87' lang='lat' dir='ltr'>Imperator</span> <span class='ocrx_word' id='word_1_901' title='bbox 1694 3093 1872 3137; x_wconf 88' lang='lat' dir='ltr'>angustiis,</span> <span class='ocrx_word' id='word_1_902' title='bbox 1897 3096 1931 3128; x_wconf 71' lang='lat' dir='ltr'>&lt;sc</span> <span class='ocrx_word' id='word_1_903' title='bbox 1951 3095 2056 3129; x_wconf 89' lang='lat' dir='ltr'>omni·</span> 
     </span>
     <span class='ocr_line' id='line_1_125' title="bbox 1130 3137 2054 3182; baseline 0.008 -11"><span class='ocrx_word' id='word_1_904' title='bbox 1130 3137 1173 3171; x_wconf 80' lang='lat' dir='ltr'>no</span> <span class='ocrx_word' id='word_1_905' title='bbox 1191 3137 1369 3182; x_wconf 90' lang='lat' dir='ltr'>desperaret</span> <span class='ocrx_word' id='word_1_906' title='bbox 1381 3139 1422 3174; x_wconf 88' lang='lat' dir='ltr'>de</span> <span class='ocrx_word' id='word_1_907' title='bbox 1442 3140 1534 3174; x_wconf 85' lang='lat' dir='ltr'>exitu</span> <span class='ocrx_word' id='word_1_908' title='bbox 1547 3164 1557 3180; x_wconf 92' lang='lat'>,</span> <span class='ocrx_word' id='word_1_909' title='bbox 1585 3144 1784 3177; x_wconf 60' lang='lat' dir='ltr'>contraitum</span> <span class='ocrx_word' id='word_1_910' title='bbox 1799 3144 1911 3178; x_wconf 85' lang='lat' dir='ltr'>habuit</span> <span class='ocrx_word' id='word_1_911' title='bbox 1922 3156 1995 3177; x_wconf 90' lang='lat' dir='ltr'>cum</span> <span class='ocrx_word' id='word_1_912' title='bbox 2010 3143 2054 3175; x_wconf 86' lang='lat' dir='ltr'>vi-</span> 
     </span>
     <span class='ocr_line' id='line_1_126' title="bbox 1129 3187 2053 3232; baseline 0.002 -11"><span class='ocrx_word' id='word_1_913' title='bbox 1129 3191 1170 3221; x_wconf 86' lang='lat' dir='ltr'>ris</span> <span class='ocrx_word' id='word_1_914' title='bbox 1189 3187 1383 3232; x_wconf 87' lang='lat' dir='ltr'>Religiosis,</span> <span class='ocrx_word' id='word_1_915' title='bbox 1410 3200 1493 3232; x_wconf 86' lang='lat' dir='ltr'>quos</span> <span class='ocrx_word' id='word_1_916' title='bbox 1512 3190 1678 3225; x_wconf 82' lang='lat' dir='ltr'>constabat</span> <span class='ocrx_word' id='word_1_917' title='bbox 1700 3195 1763 3228; x_wconf 72' lang='lat' dir='ltr'>esse</span> <span class='ocrx_word' id='word_1_918' title='bbox 1783 3194 1893 3227; x_wconf 85' lang='lat' dir='ltr'>fideles</span> <span class='ocrx_word' id='word_1_919' title='bbox 1913 3192 2053 3226; x_wconf 87' lang='lat' dir='ltr'>Domini</span> 
     </span>
     <span class='ocr_line' id='line_1_127' title="bbox 1129 3237 2055 3285; baseline 0.004 -14"><span class='ocrx_word' id='word_1_920' title='bbox 1129 3237 1240 3282; x_wconf 74' lang='lat' dir='ltr'>Papae,</span> <span class='ocrx_word' id='word_1_921' title='bbox 1264 3237 1418 3274; x_wconf 78' lang='lat' dir='ltr'>simulans</span> <span class='ocrx_word' id='word_1_922' title='bbox 1440 3240 1471 3273; x_wconf 89' lang='lat' dir='ltr'>se</span> <span class='ocrx_word' id='word_1_923' title='bbox 1482 3250 1556 3273; x_wconf 89' lang='lat' dir='ltr'>cum</span> <span class='ocrx_word' id='word_1_924' title='bbox 1569 3239 1709 3277; x_wconf 86' lang='lat' dir='ltr'>Ecclesia</span> <span class='ocrx_word' id='word_1_925' title='bbox 1722 3244 1785 3277; x_wconf 87' lang='lat' dir='ltr'>Dei</span> <span class='ocrx_word' id='word_1_926' title='bbox 1809 3253 1916 3285; x_wconf 85' lang='lat' dir='ltr'>pacem</span> <span class='ocrx_word' id='word_1_927' title='bbox 1939 3242 1999 3275; x_wconf 74' lang='lat' dir='ltr'>elie</span> <span class='ocrx_word' id='word_1_928' title='bbox 2013 3243 2055 3275; x_wconf 82' lang='lat' dir='ltr'>fa-</span> 
     </span>
     <span class='ocr_line' id='line_1_128' title="bbox 1129 3288 2054 3326; baseline 0.003 -4"><span class='ocrx_word' id='word_1_929' title='bbox 1129 3290 1270 3322; x_wconf 72' lang='lat' dir='ltr'>cturum.</span> <span class='ocrx_word' id='word_1_930' title='bbox 1297 3288 1354 3321; x_wconf 87' lang='lat' dir='ltr'>Est</span> <span class='ocrx_word' id='word_1_931' title='bbox 1378 3298 1486 3322; x_wconf 76' lang='lat' dir='ltr'>autem</span> <span class='ocrx_word' id='word_1_932' title='bbox 1505 3290 1538 3323; x_wconf 91' lang='lat' dir='ltr'>in</span> <span class='ocrx_word' id='word_1_933' title='bbox 1564 3290 1679 3325; x_wconf 83' lang='lat' dir='ltr'>Domo</span> <span class='ocrx_word' id='word_1_934' title='bbox 1701 3291 1912 3326; x_wconf 77' lang='lat' dir='ltr'>Carthufienfi</span> <span class='ocrx_word' id='word_1_935' title='bbox 1938 3292 2054 3325; x_wconf 73' lang='lat' dir='ltr'>vii-ad-</span> 
     </span>
     <span class='ocr_line' id='line_1_129' title="bbox 1131 3337 2056 3382; baseline 0.004 -12"><span class='ocrx_word' id='word_1_936' title='bbox 1131 3337 1264 3372; x_wconf 78' lang='lat' dir='ltr'>modum</span> <span class='ocrx_word' id='word_1_937' title='bbox 1286 3337 1474 3382; x_wconf 87' lang='lat' dir='ltr'>Religiosus</span> <span class='ocrx_word' id='word_1_938' title='bbox 1488 3364 1499 3380; x_wconf 96' lang='lat'>,</span> <span class='ocrx_word' id='word_1_939' title='bbox 1526 3340 1692 3382; x_wconf 79' lang='lat' dir='ltr'>quondam</span> <span class='ocrx_word' id='word_1_940' title='bbox 1713 3341 1973 3375; x_wconf 80' lang='lat' dir='ltr'>familiariffimus</span> <span class='ocrx_word' id='word_1_941' title='bbox 1995 3341 2056 3374; x_wconf 87' lang='lat' dir='ltr'>lm-</span> 
     </span>
     <span class='ocr_line' id='line_1_130' title="bbox 1133 3387 2056 3439; baseline 0.002 -18"><span class='ocrx_word' id='word_1_942' title='bbox 1133 3387 1295 3431; x_wconf 85' lang='lat' dir='ltr'>peratori‚</span> <span class='ocrx_word' id='word_1_943' title='bbox 1319 3387 1375 3430; x_wconf 91' lang='lat' dir='ltr'>qui</span> <span class='ocrx_word' id='word_1_944' title='bbox 1387 3387 1481 3423; x_wconf 90' lang='lat' dir='ltr'>abeo</span> <span class='ocrx_word' id='word_1_945' title='bbox 1501 3390 1623 3432; x_wconf 88' lang='lat' dir='ltr'>pridem</span> <span class='ocrx_word' id='word_1_946' title='bbox 1645 3392 1806 3423; x_wconf 75' lang='lat' dir='ltr'>recesserat</span> <span class='ocrx_word' id='word_1_947' title='bbox 1834 3390 1878 3424; x_wconf 90' lang='lat' dir='ltr'>ob</span> <span class='ocrx_word' id='word_1_948' title='bbox 1889 3391 2056 3439; x_wconf 64' lang='lat' dir='ltr'>conscien-</span> 
     </span>
     <span class='ocr_line' id='line_1_131' title="bbox 1134 3435 2057 3485; baseline 0 -12"><span class='ocrx_word' id='word_1_949' title='bbox 1134 3438 1211 3474; x_wconf 87' lang='lat' dir='ltr'>tiam</span> <span class='ocrx_word' id='word_1_950' title='bbox 1221 3435 1398 3475; x_wconf 70' lang='lat' dir='ltr'>sthismatis</span> <span class='ocrx_word' id='word_1_951' title='bbox 1409 3461 1421 3481; x_wconf 83' lang='lat'>‚</span> <span class='ocrx_word' id='word_1_952' title='bbox 1432 3439 1506 3475; x_wconf 82' lang='lat' dir='ltr'>&amp;ei</span> <span class='ocrx_word' id='word_1_953' title='bbox 1519 3440 1660 3485; x_wconf 84' lang='lat' dir='ltr'>plurimo</span> <span class='ocrx_word' id='word_1_954' title='bbox 1671 3440 1925 3484; x_wconf 76' lang='lat' dir='ltr'>compatiebatur</span> <span class='ocrx_word' id='word_1_955' title='bbox 1936 3440 2057 3474; x_wconf 63' lang='lat' dir='ltr'>affestu,</span> 
     </span>
    </p>
   </div>
   <div class='ocr_carea' id='block_1_13' title="bbox 1623 3488 2014 3525">
    <p class='ocr_par' dir='ltr' id='par_1_13' title="bbox 1623 3488 2014 3525">
     <span class='ocr_line' id='line_1_132' title="bbox 1623 3488 2014 3525; baseline 0.008 -4"><span class='ocrx_word' id='word_1_956' title='bbox 1623 3488 1660 3520; x_wconf 94' lang='lat' dir='ltr'><strong>T</strong></span> <span class='ocrx_word' id='word_1_957' title='bbox 1712 3499 1734 3524; x_wconf 86' lang='lat'><em>2</em></span> <span class='ocrx_word' id='word_1_958' title='bbox 1947 3491 2014 3525; x_wconf 85' lang='lat' dir='ltr'>Hic</span> 
     </span>
    </p>
   </div>
  </div>
 </body>
</html>
