2358 3776
505 100 546 146 S.
596 95 895 144 THOMAE
940 91 1342 142 CANTUAR.
1392 92 1532 141 LIB.
1567 98 1621 142 V.

1877 119 1899 161 3
1905 118 1971 166 47

110 185 196 221 didit
211 184 407 224 imminere,
432 182 606 218 nobiscum
617 192 728 226 pacem
741 181 820 215 fecit
831 202 843 220 ,
856 177 1048 223 promittens
1103 171 1309 220 Apostolum
1329 173 1422 208 Sedis
1439 175 1602 217 speramus
1622 182 1898 228 praesumptionem
1914 188 2038 224 tantam

110 237 268 274 firmiter,
293 235 382 278 quod
403 234 445 268 de
461 244 530 269 tota
549 232 702 266 Mandati
725 230 822 266 vestri
844 228 1049 263 continentia

106 295 178 321 non
202 286 267 327 jota
287 292 457 328 praetenret
480 294 535 318 aut
546 283 692 326 apicem,
718 282 799 325 quin
823 290 894 314 eam
919 278 1049 321 penitus

109 333 302 378 adimpleret
321 360 329 368 .
366 333 454 369 cum
475 345 583 368 autem
608 333 650 366 fic
674 331 861 366 declinaffet
882 327 1048 363 turbinem

110 385 275 419 sententiae
288 383 512 423 imminentis,
537 383 570 416 in
583 382 774 428 quibusdam
798 378 942 414 articulis
963 378 981 411 a
994 389 1044 421 pa·

112 436 221 469 stione
234 434 344 468 resiliit
355 459 367 476 ,
389 431 577 468 subtrahens
591 431 684 478 nobis
693 432 801 465 adhuc
813 429 965 473 quasdam
980 430 1048 471 pos·

108 486 259 519 seffiones
273 486 418 519 Ecclesiae
431 508 443 525 ,
468 494 545 528 quas
557 482 698 517 decessor
722 479 828 514 noster
848 479 883 512 in
894 478 1048 513 omnibus

112 535 227 569 diebus
239 538 310 569 vitae
325 537 383 568 suae
394 534 586 568 inconcusse
598 531 732 576 possedit
745 552 756 569 ,
781 531 813 563 δε
833 539 893 563 nos
905 529 1026 563 exinde
1037 553 1046 569 ,

109 583 217 619 donec
239 587 273 619 in
296 585 516 629 Anglicanam
538 582 711 617 Ecclesiam
735 578 930 622 tempestatis
953 578 1048 621 hujus

118 635 260 678 procella
285 634 443 669 surrexit.
469 634 645 667 Promittit
667 641 774 666 tamen
797 629 960 664 interdum
972 628 1048 663 curn

111 683 203 727 super
225 697 335 719 earum
357 684 562 719 restitutione
585 679 808 719 convenitura
829 679 945 719 nobis,
971 680 1048 723 quia

113 732 137 766 si
150 735 434 778 exspectaverimus
445 737 473 767 ei
487 733 698 768 devotionem
711 729 876 773 pristinam
887 729 1048 764 exhiben-

112 792 183 822 tes,
210 785 299 826 quod
312 785 355 818 ita
368 784 542 819 satisfaciet
555 782 671 820 nobis,
701 790 736 813 ut
760 781 847 814 nulla
862 780 950 824 justae
971 791 1049 814 con·

116 833 295 876 questionis
308 832 662 878 relinquaturoccasio.
691 830 850 864 Caeteium
872 829 1047 874 promistio-

113 882 212 916 nibus
234 884 330 918 fidem
352 885 488 918 demunt
525 882 559 916 δε
595 891 703 915 mores
726 879 872 914 hominIs
896 880 1048 924 &operis

110 943 181 966 non
193 931 375 974 exhibitio,
400 932 476 977 quia
495 932 580 965 nihil
593 931 699 965 adhuc
711 930 752 964 ab
766 942 806 965 eo
831 940 940 974 praeter
954 930 1048 963 verba

112 982 280 1025 potuimus
293 983 477 1026 impetrare.
506 981 607 1029 Quod
622 992 656 1015 ut
668 980 763 1015 vobis
775 980 961 1015 evidentius
972 992 1050 1014 con·

111 1031 195 1072 stet,
220 1031 355 1067 latorem
368 1032 568 1075 praesentium
591 1032 779 1072 &litteras‚
807 1032 913 1075 quasa
927 1030 1048 1064 Procu-

110 1082 294 1122 ratotibus,
327 1084 382 1125 qui
408 1084 539 1128 negotia
564 1082 671 1116 nostra
697 1082 730 1115 in
750 1080 876 1126 Anglia
900 1081 1051 1124 expedire

111 1129 290 1166 debuerant
303 1156 313 1172 ‚
341 1132 381 1167 ad
393 1132 567 1167 sanctitatis
580 1131 684 1167 vestrae
704 1131 901 1175 praesentiam
928 1130 1051 1164 curavi·

115 1181 371 1216 musdestinari:
401 1183 532 1217 interim
545 1182 749 1226 quantumin
775 1179 871 1214 nobis
883 1179 948 1221 est,
974 1190 1050 1213 mo-

113 1229 165 1264 dis
175 1231 330 1266 omnibus
340 1243 489 1267 caventes
504 1232 680 1266 rescindere
703 1232 791 1275 pacis
803 1231 892 1264 initae
907 1240 1051 1263 conven-

114 1280 240 1315 tionem
264 1306 275 1322 ,
311 1282 388 1316 licet
412 1282 649 1316 conscientiam
671 1281 812 1314 nostram
835 1278 1013 1313 remordeat
1040 1301 1069 1316 „

114 1378 150 1412 a&
161 1389 221 1421 pro
230 1378 353 1420 justitia
367 1379 431 1412 Dei
451 1376 683 1417 exulantibus,
710 1378 743 1410 ἀ
765 1377 971 1419 proscriptis,
998 1377 1050 1410 Sa·

112 1427 272 1463 cerdotali
299 1440 367 1463 non
388 1428 589 1471 exquirimus
609 1427 808 1460 authoritate
823 1451 830 1458 .
875 1426 1056 1459 Timemus

117 1477 209 1510 enim
223 1479 314 1520 supra
326 1478 460 1512 modum
480 1476 621 1520 exempli
646 1476 820 1520 perniciem
844 1476 1015 1510 coaetaneis
1042 1497 1054 1513 ,

117 1527 175 1559 nisi
189 1526 313 1562 Divina
325 1527 434 1562 Pietas
452 1527 618 1561 medeatur
631 1551 641 1566 ‚
661 1527 695 1560 δε
717 1525 848 1569 posteris
873 1525 1016 1559 nocituri
1045 1549 1053 1556 .

116 1575 179 1611 Sed
191 1577 267 1619 quia
280 1578 374 1612 nobis
386 1579 429 1612 sic
440 1578 624 1613 faciendum
639 1576 701 1610 esse
723 1576 883 1619 Maiestati
899 1576 1003 1609 vestrae
1017 1575 1052 1608 δε

117 1626 345 1661 Dominorutn
371 1628 577 1668 nostrorum,
604 1626 660 1670 qui
683 1627 766 1660 circa
805 1636 861 1659 vos
887 1627 959 1659 sunt
978 1624 1054 1658 Pru-

119 1674 232 1710 dentia
243 1678 370 1712 censuit
382 1702 392 1719 ,
420 1689 477 1721 pro
488 1677 578 1711 bono
592 1677 678 1720 pacis
689 1677 875 1710 siluimus&
893 1677 1018 1709 silemus
1043 1698 1054 1715 ‚

118 1724 334 1761 nihilDivini
346 1727 450 1771 Juris,
478 1728 567 1771 quod
579 1728 753 1770 inspectore
764 1727 912 1760 cordium
928 1725 1006 1759 teste
1020 1726 1054 1758 in
1071 1723 1075 1782 l

120 1775 253 1809 auribus
264 1777 375 1811 vestris
386 1778 419 1811 δε
432 1777 577 1811 Ecclefiae
587 1776 747 1816 dicimus,
774 1773 1056 1817 impoenitentibus
1072 1783 1076 1817 ι

118 1824 325 1859 remittentes
336 1836 391 1859 aut
404 1826 559 1859 remissuri
581 1849 588 1856 .
615 1824 742 1858 Scimus
763 1835 872 1857 autem
886 1848 895 1864 ,
922 1824 1008 1867 quod
1023 1823 1058 1856 in

118 1883 268 1909 extremo
279 1877 430 1910 examine
440 1875 599 1909 distristus
618 1874 719 1918 judex
741 1885 807 1907 non
833 1872 1006 1917 praeteribit
1020 1874 1059 1906 ir-

120 1924 292 1968 requisita,
312 1926 353 1960 ad
363 1937 460 1970 quem
474 1924 751 1969 lachrymabiliter
770 1923 918 1967 quotidie
938 1923 1058 1956 clamat

120 1974 319 2010 concussa&
340 1977 477 2010 lacerata
505 1974 645 2008 Ecclesia
662 1986 673 2016 ς
699 1976 824 2005 Domine
843 1978 909 2005 vim
921 1977 1022 2013 patior
1048 1995 1060 2012 ,

121 2021 266 2065 responde
276 2033 329 2068 pro
344 2036 404 2058 me.
436 2024 523 2058 Cum
538 2024 647 2067 ipsa&
669 2033 726 2066 pro
749 2022 818 2065 ipsa
840 2022 1020 2056 clamamus
1047 2044 1078 2061 „

122 2073 159 2106 &
171 2084 231 2107 nos
241 2073 333 2116 juxta
344 2075 526 2110 Consilium
540 2076 575 2108 ἀ
587 2073 784 2107 Mandatum
808 2072 944 2106 vestrum
957 2096 967 2112 ,
993 2082 1057 2105 am·

124 2122 439 2166 'plestentesinterim
455 2126 540 2168 pacis
557 2123 739 2158 umbratilis
755 2123 955 2157 occafionem
975 2146 986 2162 ‚
1003 2120 1062 2155 do-

123 2183 185 2205 nec
204 2173 341 2215 adspiret
362 2174 452 2215 dies,
478 2175 510 2207 δε
532 2175 759 2208 evanescentes
783 2172 980 2206 inclinentur
993 2182 1060 2205 um·

126 2222 208 2256 brae.
238 2222 452 2266 Captabimus
470 2234 579 2258 autem
603 2223 741 2268 gratiam
763 2221 927 2260 hominis,
963 2232 1063 2265 quan·

130 2281 344 2316 tunicamque
357 2274 441 2307 salva
461 2273 607 2307 libertate
627 2274 660 2307 δε
683 2272 854 2307 honestate
879 2270 1025 2305 Ecclesiae
1049 2294 1061 2311 ‚

127 2322 307 2365 poterimus
349 2347 359 2362 ,
410 2324 443 2357 ὅ(
487 2323 674 2357 testimonio
713 2324 916 2365 experientiae
951 2321 1064 2355 nostrae

128 2373 388 2413 experimentum
426 2374 540 2408 facturi
579 2397 591 2413 ,
640 2384 682 2407 an
719 2373 770 2406 vel
806 2373 847 2406 sic
883 2372 987 2406 valeat
1025 2367 1064 2403 ad

130 2422 413 2457 mansuetudinem
436 2423 580 2457 revocari
628 2448 635 2455 .
675 2422 766 2456 Misit
787 2421 880 2455 nobis
916 2422 1065 2456 Clemen-

130 2471 176 2504 tia
196 2471 296 2505 vestra
319 2471 442 2507 litteras
465 2496 476 2512 ,
505 2482 584 2517 quas
606 2471 646 2506 ad
672 2473 911 2515 correptionem
932 2472 965 2506 ὅ(
990 2482 1064 2504 cor-

130 2521 308 2554 rectionem
321 2530 387 2555 tam
415 2522 622 2557 Eboracensis
648 2520 940 2565 Archi-Episcopi,
969 2522 1064 2563 quam

132 2570 417 2613 Coepiscoporum
441 2572 624 2604 nostrorum
642 2582 767 2606 certum
788 2573 832 2605 est
846 2596 856 2612 ,
885 2572 1019 2605 dictatas
1033 2572 1065 2604 δι

131 2620 466 2664 conceptasaSpiritu
479 2621 621 2660 Sanno,
647 2620 680 2654 δε
703 2632 773 2663 quae
796 2621 897 2663 Regis
922 2623 1065 2654 excessus

131 2668 331 2704 authoritate
353 2695 365 2711 ,
399 2682 470 2713 quae
492 2671 702 2705 successorem
726 2667 812 2703 Petri
835 2671 868 2703 ἃ
894 2669 1064 2703 Vicarium

132 2717 253 2752 Christi
272 2719 366 2761 decet
386 2744 396 2759 ‚
422 2720 619 2765 redarguunt
656 2744 663 2751 .
691 2719 751 2754 Sed
771 2718 846 2763 quia
866 2720 1018 2753 timemus
1057 2743 1067 2759 ,

134 2778 177 2802 ne
199 2779 321 2803 teneras
344 2771 414 2804 Viri
434 2772 638 2814 praepotentis
659 2781 749 2803 aures
771 2769 904 2803 verbum
930 2770 1067 2804 mordax

132 2820 319 2859 exulceret,
345 2820 380 2854 ἀ
404 2832 504 2864 nuper
527 2821 642 2855 initam
666 2830 777 2863 pacem
790 2819 970 2862 impediat,
999 2821 1063 2854 san·

134 2868 353 2905 &itativessrae
364 2881 433 2906 tota
445 2870 623 2905 devotione
643 2870 790 2914 prostrati
813 2869 1030 2912 supplicamus
1055 2894 1066 2910 ,

137 2928 296 2961 quatenus
321 2921 455 2955 detracta
478 2922 648 2956 mentione
667 2922 850 2954 excessuum
873 2919 975 2964 Regis
995 2942 1005 2958 ,
1032 2920 1065 2953 ἀ

138 2970 316 3003 enormiter
352 2971 479 3015 praestiti
506 2970 678 3012 juramenti
699 2994 709 3010 ‚
734 2969 767 3003 δε
793 2969 1064 3004 consuetudinum

140 3019 357 3061 perversarum
371 3044 382 3060 ,
398 3022 430 3056 &
441 3031 510 3054 non
523 3023 635 3055 exasiae
646 3020 809 3055 cautionis
820 3021 853 3054 in
868 3019 1065 3054 Coronatio-

139 3078 184 3102 ne
206 3069 283 3102 novi
308 3069 408 3115 Regis
430 3093 441 3110 ,
473 3069 610 3105 eandem
632 3072 820 3106 sententiam
843 3069 877 3103 in
899 3072 1065 3114 praefatum

140 3117 513 3164 Archi-Episcopum&
526 3121 890 3165 Episcoposinfligatis‚
916 3121 958 3155 ed
975 3120 1065 3165 qudd

141 3168 178 3200 in
201 3167 375 3204 Provincia
397 3171 526 3210 nostra,
549 3171 647 3205 nobis
669 3182 724 3214 pro
745 3171 864 3215 justitia
876 3171 1066 3206 &libertate

142 3215 291 3253 Ecclefiae
301 3219 506 3255 exulantibus
524 3245 534 3261 ‚
560 3221 806 3255 coronationem
827 3220 911 3255 hanc
921 3233 1067 3255 exercere

143 3268 354 3312 praesumpfit:
381 3282 457 3305 cum
478 3269 629 3304 omnibus
650 3272 793 3311 constet,
823 3269 911 3315 quod
924 3270 1064 3304 Ecclesia

142 3317 251 3352 nostra
264 3322 450 3361 permultos
471 3331 575 3355 annos
594 3321 771 3355 coronandi
785 3321 885 3366 Regis
910 3321 1067 3364 possessio-

143 3377 218 3401 nem
231 3366 367 3410 habuit,
392 3369 427 3403 ὅ(
447 3370 535 3414 quod
554 3382 590 3404 ea
610 3382 678 3405 non
703 3370 847 3406 debuerit
862 3371 1069 3414 xsinejudicio

143 3418 293 3461 spoliari.
320 3419 375 3454 Sic
395 3421 484 3455 enim
506 3420 545 3454 ad
567 3420 704 3464 gloriam
725 3421 791 3456 Dei
812 3447 824 3463 ,
855 3423 891 3457 δε
911 3421 1071 3457 honorem

115 1330 205 1372 quod
217 1331 337 1365 damna
352 1331 500 1364 Ecclesiae
520 1330 606 1368 Dei,
632 1329 666 1361 δε
690 1327 812 1360 Christi
836 1326 1027 1370 pauperibus
1040 1349 1050 1365 ,
1067 1324 1070 1439 1

1106 223 1202 262 facile
1222 224 1256 258 ἀ
1279 223 1454 258 commode
1475 227 1562 268 posse
1585 229 1711 270 puniri,
1734 235 1768 268 ἀ
1791 237 1862 279 9201
1881 237 2034 273 Ecdefiae

1108 275 1235 311 nullum
1246 285 1287 308 ex
1300 272 1365 308 hoc
1376 274 1494 308 adferri
1503 275 1774 319 impedimentum
1788 308 1795 317 ,
1815 287 2037 323 Neceffirjum

1108 335 1238 371 quoqne
1262 324 1433 363 ducimus,
1468 333 1503 359 ut
1520 325 1675 360 Domino
1698 327 1783 373 Regi
1799 337 1940 372 scribatis
1962 338 2036 373 «ᾗ.

1109 377 1219 411 ἂιιοεὲ
1229 398 1240 415 ,
1267 377 1342 416 quia
1354 375 1395 410 ad
1409 375 1523 409 hocin
1543 377 1668 419 specula
1680 379 1784 413 totius
1795 381 1945 421 Ecelefiae
1960 389 2037 423 Do·-

1110 427 1219 460 minus
1233 424 1347 460 Sedem
1369 426 1598 469 Apostolicam
1620 426 1808 471 ordinavit,
1833 442 1870 466 ut
1892 439 2041 471 omnium

1105 475 1259 510 fidelium
1271 487 1306 510 ca
1312 477 1382 510 usas
1392 474 1555 510 examinet
1567 499 1578 515 ,
1602 477 1635 510 dc
1647 480 1834 522 promerito
1847 481 1881 516 in
1906 486 2040 520 retribu-

1109 527 1201 560 tione
1214 537 1315 569 poenae
1325 537 1381 561 aut
1392 526 1512 569 pramii
1533 527 1723 569 respondeat
1749 531 1925 566 universis.
1952 533 2042 572 ldeo-
2074 570 2077 572 μ

1108 587 1172 620 que
1184 578 1349 611 neminem
1362 574 1477 611 debere
1490 575 1632 618 turbari,
1659 579 1682 611 si
1703 591 1740 613 ea
1761 579 1925 622 distante,
1950 583 2046 627 quili-

1110 627 1162 661 bet
1176 628 1210 660 in
1225 626 1294 660 sinn
1305 626 1441 671 colligat
1451 628 1583 661 causam
1592 627 1679 662 suam
1692 654 1704 670 ,
1726 641 1767 664 ne
1779 642 1889 666 coram
1903 632 2043 678 Angelis

1109 678 1141 711 δε
1154 675 1343 711 hominibus
1354 688 1395 711 ex
1407 678 1502 712 causa
1513 677 1823 721 indisciplinationis
1847 683 1995 716 mittatur
2004 683 2045 716 *in

1110 729 1221 771 ignem
1233 736 1388 761 aeternum
1400 751 1408 759 .
1432 727 1520 772 Regi
1541 728 1718 772 plurimum
1729 731 1888 766 detulistis
1901 754 1912 773 ,
1940 732 1992 766 sed
2005 731 2044 766 li·

1109 778 1158 811 cet
1172 778 1201 810 ei
1215 778 1413 820 peperceritis
1423 801 1434 818 ,
1459 777 1655 813 dissimulare
1667 790 1734 814 non
1757 781 1883 816 audetis
1896 782 2048 817 excessus

1110 827 1289 861 &crim-ina
1302 827 1513 862 Sacerdotum
1527 852 1535 860 .
1564 830 1618 863 Ad
1632 828 1697 863 haec
1708 831 1784 874 quia
1812 844 1956 867 vetemur
1969 855 1980 872 ,
2005 842 2046 865 ne

1112 889 1172 920 pax
1186 887 1294 910 recens
1308 888 1348 911 ex
1363 878 1457 912 variis
1469 879 1568 913 causis
1578 879 1726 923 impediri
1743 880 1846 916 valcat
1860 895 1915 918 aut
1940 882 2048 917 turba.-

1112 928 1136 960 ri
1151 952 1162 967 ‚
1189 927 1423 970 suspensionem
1448 939 1503 962 aut
1525 931 1903 967 excommunicationem
1917 933 2050 976 Episco-

1112 988 1226 1020 porum
1254 977 1388 1019 nostro,
1413 979 1469 1021 qui
1488 977 1527 1012 ad
1550 979 1615 1014 Dei
1637 982 1670 1015 ὅ(
1696 981 1833 1017 vestrum
1848 982 2011 1016 honorem
2036 1005 2050 1023 ‚

1110 1028 1197 1071 quod
1214 1026 1247 1060 in
1264 1027 1361 1061 verbo
1372 1027 1440 1071 ejus
1462 1029 1622 1070 dicimus,
1653 1032 1766 1066 omnia
1789 1045 1849 1077 pro
1871 1033 1993 1068 viribus
2009 1043 2051 1066 ex

1110 1079 1311 1112 conscientia
1334 1079 1528 1120 referemus,
1556 1080 1577 1113 fi
1600 1085 1702 1124 placet
1722 1083 1941 1118 committatis
1964 1082 2048 1117 arbi-

1110 1129 1195 1168 trio,
1222 1128 1422 1172 excipientes
1436 1153 1447 1170 ,
1473 1130 1496 1162 fi·
1509 1130 1616 1164 visum
1638 1131 1733 1166 fuerit
1755 1133 2052 1176 &vestrojudicio

1112 1179 1310 1212 reservantes
1333 1178 1672 1223 Archi-Episcopum
1698 1182 1938 1219 Eboracensern
1953 1208 1964 1224 ‚
1988 1181 2049 1226 qui

1111 1228 1273 1261 malorum
1285 1230 1437 1262 omnium
1450 1231 1600 1263 incentor
1615 1231 1756 1275 &caput
1780 1234 1825 1267 est
1839 1258 1846 1266 .
1878 1234 1919 1267 Et
1932 1241 2048 1277 quam-

1111 1275 1206 1319 quam
1219 1275 1459 1310 Londoniensis
1472 1278 1653 1320 Episcopus
1676 1283 1817 1324 Signifer
1838 1284 1941 1317 totius
1956 1281 2051 1323 hujus

1114 1325 1300 1363 seditionis,
1331 1335 1372 1358 ne
1392 1323 1571 1360 schismatis
1581 1327 1727 1361 dicamus
1749 1351 1760 1367 ,
1786 1330 1945 1365 exstiterit
1966 1355 1977 1371 ,
2004 1341 2053 1364 ro·

1115 1386 1252 1420 gamus,
1279 1384 1315 1409 ut
1327 1374 1424 1408 nobis
1435 1385 1501 1409 tam
1515 1375 1563 1409 illi
1579 1401 1588 1415 ,
1608 1388 1706 1418 quam
1718 1378 1944 1414 saresberiensi
1962 1380 2054 1423 Epis·

1117 1437 1202 1468 copo
1215 1425 1307 1458 liceat
1319 1425 1459 1458 misereri
1471 1449 1481 1463 ‚
1511 1426 1533 1457 si
1548 1425 1612 1459 fine
1626 1426 1806 1462 schismatis
1816 1430 2052 1464 instauratione

1117 1476 1208 1517 juxta
1220 1472 1417 1506 Mandatum
1430 1473 1566 1507 vestrum
1591 1476 1698 1518 puniri
1723 1489 1790 1511 non
1816 1480 1968 1522 possunt.
2008 1479 2055 1512 Et

1119 1525 1194 1568 quia
1221 1524 1432 1567 praecepistis,
1459 1534 1494 1557 ut
1517 1524 1549 1557 in
1574 1526 1673 1559 verbo
1687 1526 1750 1561 hoc
1772 1527 1863 1571 juxta
1878 1529 2053 1563 consilium

1121 1573 1383 1609 Christianiffimi
1401 1574 1500 1618 Regis
1514 1574 1715 1610 Francorum
1727 1580 1991 1621 procederemus,
2013 1589 2056 1612 re·-

1124 1624 1295 1668 primendo
1308 1624 1572 1658 veloslendendo
1583 1625 1705 1660 litteras
1728 1628 1864 1669 vestras,
1885 1631 1961 1664 sicut
1985 1639 2054 1672 pro·

1122 1674 1267 1709 cedimus
1287 1675 1328 1707 de
1349 1675 1486 1708 consilio
1508 1677 1575 1718 ejus
1591 1699 1602 1714 ,
1629 1678 1795 1711 monentis
1813 1703 1823 1718 ,
1850 1689 1887 1713 ut
1909 1679 2058 1722 speciales

1123 1726 1245 1758 litteras
1264 1726 1472 1767 impetremus
1495 1724 1513 1756 a
1537 1723 1631 1758 vobis
1651 1723 1691 1757 de
1705 1725 1909 1767 suspensione
1934 1728 2060 1761 Ebora-

1124 1775 1223 1808 censis
1235 1772 1300 1806 fine
1312 1773 1437 1806 laesione
1450 1772 1551 1817 Regis
1563 1796 1574 1812 ,
1600 1773 1633 1807 ἀ
1650 1774 1783 1809 αἰῐειςάε
1794 1778 2066 1811 excommunica-

1123 1824 1216 1857 tione
1226 1821 1368 1856 duorum
1383 1822 1640 1866 Episcoporurn,
1666 1825 1698 1859 ὅ(
1720 1825 1828 1860 tertias
1848 1827 1889 1861 de
1911 1827 2063 1861 omnium

1126 1874 1327 1916 suspensione
1341 1873 1577 1916 Episcopatum
1589 1891 1597 1898 ·
1629 1873 1708 1907 Hoc
1729 1877 1830 1909 etiam
1851 1875 2036 1920 impetrato·
2054 1898 2068 1915 ,

1125 1933 1160 1956 ut
1177 1922 1311 1966 singulis
1325 1932 1455 1955 utamur
1466 1946 1477 1962 ,
1506 1933 1601 1965 prout
1620 1933 1747 1968 tempus
1758 1924 1945 1972 exegerit&
1958 1924 2067 1961 nece'ss

1125 1973 1196 2006 sitas
1209 1972 1322 2005 causae.
1351 1972 1500 2006 Fluituat
1512 1974 1603 2007 enim
1617 1997 1628 2014 ‚
1642 1973 1731 2008 lice‘t
1742 1976 1782 2011 ad
1796 1988 1926 2020 portum
1940 1977 2062 2011 venisse

1126 2022 1272 2056 videatur
1285 2045 1296 2061 ,
1326 2021 1463 2056 Ecclesia
1491 2023 1678 2068 Anglicana
1696 2026 1770 2060 .‘Et
1793 2028 1850 2061 nisi
1865 2028 1937 2062 Rex
1949 2028 1978 2061 ei
1993 2038 2064 2070 pro-

1126 2073 1224 2106 miffae
1240 2072 1327 2116 pacis
1339 2071 1547 2107 conditiones
1561 2074 1764 2117 impleverit,
1791 2080 1915 2112 necesse
1929 2075 2024 2111 habet
2049 2100 2067 2116 „

1125 2132 1162 2156 ut
1174 2121 1324 2156 adversus
1336 2122 1466 2157 insidias
1478 2122 1730 2169 malignantium
1741 2151 1752 2166 ,
1770 2127 1804 2161 ἀ
1823 2129 2062 2171 persecutorum

1126 2172 1288 2213 incursus,
1316 2174 1482 2207 muniatur
1504 2175 1601 2208 armis
1623 2177 1834 2220 protectionis
1861 2178 1895 2212 δι
1917 2177 2069 2212 consola-

1126 2223 1228 2256 tionis
1242 2222 1368 2255 vestrae.
1401 2223 1503 2269 Qiod
1515 2226 1646 2268 quidem
1670 2226 1781 2261 ira-fiet
1795 2253 1805 2269 ,
1830 2228 1852 2261 si
1875 2227 1990 2262 litteris
2004 2237 2068 2262 ve*-

1126 2271 1197 2305 stris
1209 2271 1416 2314 praeceperitis
1430 2271 1617 2308 Venerabili
1632 2276 1748 2311 'Fratri
1763 2277 1896 2312 'Nostro
1910 2278 2063 2312 Domino

1128 2320 1286 2354 Meldensi
1301 2344 1311 2359 ,
1339 2320 1373 2354 ὃς
1385 2319 1525 2364 probatae
1539 2322 1725 2368 Religionis
1745 2326 1831 2362 Viro
1858 2328 1884 2362 B
1899 2353 1986 2362 .....
2000 2327 2068 2362 Ab·

1128 2369 1196 2405 bati
1208 2371 1238 2405 S.
1251 2370 1394 2413 Crispini
1406 2372 1635 2408 Sueffionenfis
1645 2400 1655 2415 ,
1675 2379 1973 2422 quatenusRegem
1984 2390 2065 2413 con·

1129 2422 1284 2460 veniant,
1310 2429 1346 2453 ut
1371 2421 1575 2463 possessiones
1598 2424 1744 2457 Ecclesiae
1767 2449 1777 2465 ,
1804 2428 1837 2459 ἀ
1860 2426 1979 2462 damna
2005 2439 2064 2462 no·

1129 2471 1199 2504 stris
1220 2471 1254 2504 dt
1277 2469 1370 2503 nobis
1394 2471 1480 2504 illata
1503 2470 1647 2505 restituat
1666 2496 1677 2512 ,
1702 2473 1837 2509 sciturus
1860 2477 2061 2514 severitatem

1133 2519 1387 2555 Ecclesiasticam
1399 2520 1611 2554 exercendam
1626 2522 1658 2554 in
1671 2523 1774 2566 ipsum
1786 2526 1820 2560 δε
1834 2536 1949 2562 terram
1961 2529 2063 2570 suam,

1131 2571 1187 2605 nifi
1210 2570 1376 2604 Mandatis
1401 2569 1509 2603 vestris
1529 2569 1801 2615 obtemperaverit
1816 2601 1823 2608 .
1837 2577 1886 2611 Et
1903 2578 1931 2611 si
1947 2580 2063 2614 necsic

1130 2621 1256 2656 duxerit
1268 2619 1538 2662 adquiescendum
1550 2645 1561 2661 ,
1586 2623 1734 2657 conferte
1747 2623 1843 2660 nobis
1854 2652 1864 2668 ,
1890 2628 1913 2664 fi
1935 2629 2039 2672 placet
2051 2652 2065 2670 ,

1129 2671 1361 2705 authoritatem
1377 2691 1388 2707 ‚
1413 2680 1511 2713 quam
1533 2671 1685 2706 Domino
1710 2673 1972 2723 Rothomagensi
1984 2690 2065 2714 con-

1129 2721 1269 2759 tulistis,
1296 2720 1330 2753 &
1355 2719 1518 2763 Episcopo
1540 2721 1756 2766 Nive-mensi,
1783 2738 1838 2760 aut
1866 2728 1966 2761 etiam
1990 2740 2065 2764 am-

1130 2772 1264 2815 pliorem
1278 2782 1288 2802 .·
1315 2769 1391 2813 quia
1405 2771 1530 2813 quanto
1543 2771 1600 2805 ille
1611 2774 1975 2815 potentior&‘fer0cior
1992 2778 2059 2822 est,

1130 2819 1224 2856 tanto
1235 2820 1275 2854 ad
1287 2819 1391 2862 ipsum
1403 2820 1658 2857 vinciendum&
1668 2826 1906 2868 reprimendum
1926 2829 2062 2863 arctiora

1132 2870 1262 2905 vincula
1287 2869 1390 2914 magis
1412 2871 1583 2907 necessaria
1606 2874 1678 2908 sunt
1700 2876 1733 2909 ἀ
1755 2876 1868 2912 durior
1884 2877 2028 2912 baculus
2056 2903 2065 2912 .

1132 2920 1284 2955 Praeterea
1295 2921 1369 2962 quia
1381 2920 1620 2957 turbationibus
1641 2923 1827 2967 hujusmodi
1849 2928 2057 2962 seminarium

1130 2973 1163 3006 ὅ(
1174 2973 1278 3004 fomes
1290 2969 1414 3004 exstitit
1427 2996 1438 3012 ,
1465 2972 1555 3015 quod
1568 2973 1780 3010 Eboracensis
1795 2977 1933 3012 Ecclesia
1954 2976 2059 3011 Matri

1131 3023 1190 3055 suae
1200 3022 1229 3055 S.
1245 3021 1465 3055 Cantuariensi
1481 3022 1625 3056 Ecclefiae
1634 3022 1790 3060 subtraxit
1811 3027 2033 3061 obedientiam
2047 3051 2059 3068 ,

1130 3072 1363 3114 redintegrate,
1393 3070 1554 3115 siplacet,
1585 3072 1939 3122 Ecclesiae⁴Anglicanae
1955 3077 2059 3111 unita.

1129 3132 1218 3162 tem,
1246 3123 1481 3165 praecipiendo,
1507 3132 1666 3163 quatenus
1686 3126 2057 3170 omni-appellatione&

1128 3171 1297 3206 occasione
1309 3183 1454 3210 remota,
1481 3172 1690 3207 Eboracensis
1714 3174 2057 3219 Archfflpiscopus'&

1131 3222 1272 3255 Ecclesia
1285 3221 1338 3255 sua
1355 3221 1546 3263 nostraejure
1559 3222 1721 3257 primatus
1733 3226 1881 3259 obediat.
1911 3224 2013 3271 Qod
2030 3225 2052 3259 fi

1130 3272 1339 3306 Decessorum
1364 3272 1537 3304 vestrorum
1552 3273 1692 3318 'vestigia
1716 3275 1878 3309 volueritis
1897 3274 2017 3308 imitari
2043 3297 2056 3314 ,

1131 3321 1232 3365 liquet
1245 3321 1429 3356 faciendum
1443 3322 1505 3354 effe
1527 3321 1681 3366 Registris
1691 3335 1802 3358 eorum
1820 3323 2060 3369 'diligenteri'n-

1133 3372 1260 3414 spestis.
1290 3368 1507 3412 Neque-hoc,
1533 3373 1620 3414 quod
1635 3374 1724 3406 Deus
1745 3373 1859 3413 novit,
1886 3373 2057 3419 quaerimus

1134 3422 1173 3456 ad
1184 3422 1323 3466 gloriam
1336 3421 1478 3455 nostram
1490 3445 1500 3461 ,
1526 3423 1583 3465 qui
1600 3422 1727 3456 utinam
1751 3422 1912 3467 pastorale
1938 3434 2003 3457 non
2017 3425 2066 3457 su-

1818 3473 2022 3520 scepissemus
