2358 3776
349 146 420 194 qo
1120 123 1167 174 V

466 266 502 302 C
548 264 584 300 A
632 265 662 300 P
711 265 755 301 U
801 263 843 301 Τ
950 260 1051 297 Vll.

487 368 495 378 '
549 370 595 401 De
605 361 958 407 EboracenfiEpiscopm

489 462 1007 500 ·w1LHELMUs.

359 519 528 554 ERTUR
539 518 630 552 enim
641 516 758 550 dixisse
770 514 1007 549 eboracensem
1019 525 1027 546 ε
1049 513 1122 547 Οέῖο
1132 515 1228 547 millia

377 574 523 605 librarum
537 576 701 601 numeratae
709 570 844 609 pecuniae
855 590 866 606 ‚
892 567 954 596 Deo
959 569 1080 608 gratias
1093 588 1104 604 ‚
1129 564 1228 598 adhuc

278 622 420 664 apotheca
425 620 524 659 ‘nostra
531 618 666 661 reservat
678 642 688 657 ,
701 628 770 659 quae
775 614 803 657 fi
808 623 900 648 tanta
911 613 1067 656 dispendia
1079 616 1222 656 neceffitas

277 679 411 716 exegerit
424 697 432 710 ,
455 682 498 703 ex
508 671 565 713 offe
575 669 758 702 demolienda
777 672 834 700 erit
841 666 885 698 ad
895 667 1116 706 reprimendam
1126 674 1222 699 contu*

276 731 407 756 maciam
414 720 546 759 Tbomae,
556 720 810 760 diffipandamque
818 721 1035 759 arrogantiam,
1051 726 1118 757 quae
1128 717 1223 756 major

275 772 317 812 est
328 775 419 815 qucim
423 771 574 812 fortitudo
583 772 647 811 ejus
662 795 670 802 .
699 773 750 801 Ne
756 766 854 808 quaeso
872 790 881 804 ,
887 765 1008 811 fratres
1022 790 1034 806 ‚
1045 767 1222 809 Religionem

276 822 408 861 vestram
417 826 632 854 circumveniat
644 845 651 851 .
665 822 813 851 Adeamus
821 815 921 858 pom'cs
935 818 1094 848 Dominum
1104 819 1221 860 Regem,

275 878 330 916 qui
342 871 429 914 usque
448 874 480 904 m*
504 871 675 904 hodiernum
697 870 777 901 diem
788 865 908 910 causam
921 890 933 906 ‚
957 867 1116 909 quaea'nter
1123 878 1176 899 nos
1187 868 1222 900 ό·

273 924 360 956 illum
371 923 483 955 diutius
496 927 641 957 vertitur,
657 918 740 959 fideli
746 922 914 960 patrocimo
922 915 1091 960 consecutus
1103 941 1114 955 ,
1139 918 1174 950 (9⁹
1182 918 1219 949 de

276 981 394 1012 emero,
406 970 459 1012 nisi
462 980 519 1014 per
531 983 581 1004 nos
587 971 719 1010 steterit,
730 969 776 1001 ad
783 965 1055 1010 consummationem
1065 968 1212 1007 expediet.

281 1025 315 1056 Si
334 1022 493 1064 refilieritis
510 1021 700 1055 adbaerentes
718 1024 751 1052 ei
767 1040 778 1057 ,
813 1028 901 1061 quem
912 1016 1003 1050 babet
1011 1015 1217 1059 adversarium

274 1074 291 1115 (
304 1083 455 1114 nunquam
464 1078 543 1104 enim
547 1070 608 1113 post
624 1074 728 1103 ‘tantas
745 1073 918 1102 inimicitias
929 1091 941 1107 ,
959 1069 995 1101 Θ
1017 1067 1216 1101 inexorabiles

274 1121 529 1165 redintegrabitur
530 1122 658 1165 gratia)
674 1130 726 1152 nos
737 1121 775 1151 de
786 1122 904 1151 ratione
913 1126 1068 1159 tamquam
1078 1116 1215 1159 transfu-

264 1208 266 1210 ,
267 1183 328 1216 gas
333 1171 486 1211 judicabit
499 1195 507 1202 .
532 1173 579 1203 Et
596 1168 625 1210 fi
641 1168 770 1208 districi?
780 1173 870 1212 egerit
894 1165 1045 1209 vobiscum
1055 1191 1068 1207 ‚
1093 1168 1216 1205 dejuris

271 1226 418 1263 «equitate
426 1223 447 1252 ἃ
467 1220 571 1261 vestris
589 1218 794 1261 pffffionibue
806 1229 860 1251 vos
870 1218 987 1256 dejiciet
1000 1242 1008 1248 .
1047 1219 1137 1260 ,Quid
1148 1219 1214 1260 ergo

265 1269 384 1313 satiari
394 1269 459 1311 estis
471 1271 488 1302 ,ἲ
518 1273 613 1303 Dicite
624 1293 633 1308 ,
649 1269 753 1310 quibus
765 1274 797 1300 in
809 1274 897 1300 terris
911 1291 921 1307 ‚
934 1273 1033 1308 inopes
1045 1278 1145 1300 rerum
1151 1267 1212 1307 fa-

267 1321 432 1354 miliarium
444 1345 454 1360 ,
479 1318 711 1353 mendicabitis?
726 1320 760 1350 5}
777 1320 851 1351 vero
875 1319 893 1350 e*
915 1315 1055 1359 conversi)
1068 1316 1213 1356 steteritis

266 1382 334 1404 cum
346 1383 401 1413 quo
405 1370 524 1411 stetistis
537 1395 547 1410 ,
571 1370 651 1412 quid
658 1366 938 1409 ampliusfaeiurus
954 1366 993 1406 est
1002 1372 1117 1409 quivos
1132 1367 1215 1399 dam·

267 1426 360 1454 navit
371 1423 383 1453 ?
393 1424 476 1453 Fecit
486 1421 567 1463 quod
570 1423 671 1462 potuit
678 1424 711 1452 in
721 1429 775 1452 vos
787 1429 796 1450 ι
826 1419 1012 1451 Sententiam
1017 1425 1074 1460 per
1079 1425 1215 1460 pravam

259 1469 469 1515 suggestionem
480 1469 598 1511 extorjfit
606 1494 616 1501 .

437 1567 471 1601 C
521 1566 554 1600 A
602 1566 632 1599 Ρ
681 1566 724 1600 U
772 1564 813 1598 T
912 1564 1037 1599 vlu.

300 1672 346 1701 De
356 1665 507 1710 Episcopis
530 1670 638 1708 Regem
649 1669 758 1696 iterum
769 1671 873 1695 contra
885 1662 973 1697 Archi
986 1661 1167 1706 Episcopum

620 1710 832 1755 instigantibus
845 1737 853 1743 .

456 1815 495 1848 H
522 1812 551 1847 E
578 1812 610 1846 R
638 1811 654 1845 1
680 1810 707 1844 Β
734 1811 763 1844 Ε
790 1810 821 1844 R
846 1809 885 1843 T
914 1809 952 1845 U
980 1810 1002 1844 S
1011 1833 1019 1840 .

348 1867 383 1900 T
406 1865 512 1899 ILLE
525 1865 639 1897 tertius
649 1861 731 1896 duos
741 1861 783 1894 fic
792 1862 1027 1900 commovit‚ut
1037 1859 1212 1894 confestim

373 1916 615 1950 transfretantes
626 1912 753 1956 Regem
764 1912 893 1945 adirent
904 1935 911 1942 .
934 1910 1045 1957 Qem
1059 1911 1092 1943 in
1111 1909 1214 1944 Nort-

260 1979 338 2003 man
346 1968 396 2000 nia
408 1964 598 2008 reperientes
610 1962 720 2006 paucis
738 1961 854 1996 diebus
871 1971 947 1994 ante
970 1961 1124 1994 Natalem
1144 1960 1213 1995 Do-

260 2017 348 2052 mini
363 2041 372 2056 ‚
382 2015 569 2049 salutatoeo
581 2015 620 2046 ad
630 2012 726 2055 pedes
736 2011 804 2055 ejus
815 2022 896 2044 mox
908 2010 940 2044 se
952 2010 1208 2053 prostraverunt,

260 2081 324 2113 pro
335 2067 468 2110 Regno,
478 2075 538 2106 pro
550 2063 757 2102 Sacerdotio,
769 2063 803 2095 ἃ
817 2071 874 2104 pro
886 2059 1059 2102 semetipsis
1070 2059 1211 2104 Regiam

258 2115 472 2153 clementiam
483 2115 517 2148 ἀ
526 2112 681 2156 justinam
692 2111 811 2155 pariter
828 2109 1079 2153 interpellantes:
1095 2109 1211 2144 Unam

261 2166 486 2203 contestantes
496 2177 506 2197 ι
511 2164 599 2206 psum
610 2160 725 2195 debere
737 2160 950 2201 laeiis,laedenti
962 2160 1104 2193 alteram.
1121 2160 1210 2205 Que-

263 2218 336 2254 1ulo
351 2218 458 2259 itaque
470 2215 503 2249 δι
514 2212 681 2247 exacerbat
689 2214 742 2245 ivo
754 2213 901 2245 sermone
912 2221 991 2243 mox
1001 2218 1191 2244 enarrarunt
1202 2233 1214 2250 ,

262 2268 362 2313 quarn
378 2266 611 2308 praecipitanter
622 2263 738 2304 ,quam
751 2261 881 2299 temere,
893 2259 992 2301 quam
1005 2257 1138 2300 superbe
1152 2259 1210 2291 Ar-

262 2318 319 2353 chi
339 2316 516 2360 Episcozms
535 2314 569 2348 in
591 2313 749 2346 adventus
759 2310 806 2343 sui
818 2309 917 2343 initio
930 2310 1086 2351 Regnum
1106 2308 1215 2342 turba-

259 2371 340 2403 verit
355 2368 389 2401 &
403 2368 421 2399 S'
430 2364 624 2399 «cerdonum
637 2386 648 2404 ,
656 2372 735 2406 pace
746 2359 788 2394 de
798 2358 906 2404 Regia
917 2358 1124 2393 miseratione
1133 2369 1206 2394 con-

258 2419 343 2454 cessa
357 2416 457 2450 fibi&
469 2417 533 2449 suis
545 2414 683 2447 abutens
694 2437 702 2443 .

473 2471 528 2501 W
553 2465 568 2496 l
596 2463 625 2496 L
652 2463 687 2495 H
716 2461 743 2494 E
770 2459 799 2494 L
826 2459 867 2493 M
894 2460 926 2494 u
954 2460 976 2493 S
986 2483 994 2491 .

314 2516 382 2550 ET
391 2516 436 2549 ait
449 2512 675 2547 Eboracensis:
702 2512 791 2544 Domi
793 2521 828 2544 ne
838 2514 904 2543 Rex
917 2533 926 2550 ,
953 2509 1027 2542 mibi
1034 2507 1089 2552 fiili
1101 2515 1208 2543 mutire

256 2573 449 2610 permittitur
459 2589 469 2604 ,
495 2562 606 2597 duobus
614 2561 701 2605 sociis
711 2569 785 2595 meis
796 2561 842 2593 bis
853 2585 864 2601 ,
889 2560 995 2603 quibus
1008 2571 1088 2602 aqua
1098 2561 1132 2593 (9·
1144 2565 1208 2603 igni

263 2612 522 2651 inter.115iumest,
549 2613 738 2653 confabulari
752 2616 835 2645 nenio
852 2610 965 2652 potest,
991 2608 1047 2651 nili
1059 2607 1209 2652 sementia

263 2668 466 2699 damnationis
477 2664 583 2694 eadem
595 2673 651 2703 qua
656 2661 811 2702 feriuntur
821 2683 831 2700 ,
854 2662 887 2693 Θ
901 2658 963 2703 ipse
977 2661 1139 2702 colloquens
1154 2665 1206 2693 in·-

265 2717 411 2750 volvatur
423 2736 432 2751 ‚
456 2723 545 2754 quam
557 2719 691 2753 ingratus
703 2712 752 2742 ille
765 2735 774 2750 ,
799 2710 947 2752 permiffae
970 2708 1142 2750 reverfionis
1154 2716 1209 2742 im-

267 2763 377 2799 memor
386 2789 395 2804 ‚
407 2771 439 2794 in
450 2763 513 2794 illos
525 2761 559 2794 (5
568 2772 667 2793 omnes
681 2763 871 2792 coronationi
875 2759 932 2800 filii
943 2766 986 2793 tui
1001 2758 1205 2802 consentientes

265 2814 379 2855 effudit.
405 2817 494 2845 Nunc
503 2819 603 2844 autem
612 2818 715 2851 patria
724 2809 821 2850 pomis
841 2817 1017 2850 praecavens
1027 2822 1063 2843 ne
1078 2812 1113 2842 de
1125 2819 1208 2843 caete-

267 2878 303 2899 ro
311 2862 511 2906 proscribatur
521 2885 532 2901 ,
544 2862 634 2894 multo
645 2866 781 2892 comitatu
790 2865 920 2900 equitum
932 2861 1121 2902 peditumque
1127 2868 1208 2902 prae·

266 2926 404 2950 euntium
425 2915 459 2946 Θ·
474 2910 714 2954 subsequentium
721 2909 848 2950 stipatus
867 2911 976 2942 incedit
990 2934 1000 2949 ,
1023 2915 1163 2943 circulens
1175 2911 1209 2944 <⁴5

268 2975 421 3008 quaerem,
430 2968 506 2994 utin
515 2960 653 3001 praefidia
665 2966 827 3000 recipiatur>
846 2963 919 2992 Non
929 2962 1120 2999 nor‚Domine
1130 2962 1207 3000 Rex,

270 3014 362 3057 usque
373 3014 446 3045 adeo
459 3017 630 3045 vexationes
643 3011 747 3050 affidue
758 3017 896 3049 movent,
925 3019 982 3041 non
995 3011 1109 3044 labores
1119 3010 1199 3053 fran

263 3073 345 3109 gunt
356 3087 368 3104 ‚
395 3072 451 3096 non
472 3064 585 3093 damna
596 3066 728 3094 enormia
735 3058 897 3101 sollicitant
908 3083 918 3098 ‚
939 3070 1006 3100 quae
1026 3068 1080 3100 pro
1090 3066 1210 3092 minimo

271 3117 406 3147 ducimus
419 3137 429 3151 ,
454 3113 611 3144 dummodci
632 3110 688 3143 tibi
709 3111 834 3142 Domino
854 3112 930 3152 Regi
937 3109 998 3150 fide
1004 3107 1131 3150 servata
1140 3112 1209 3152 pla-

270 3175 408 3205 ceamus,
428 3159 488 3204 sed
486 3160 662 3203 frequentes
670 3159 839 3193 exactiones
852 3182 861 3197 ‚
882 3157 1027 3201 sedoffi‘cii
1047 3158 1132 3198 nostri
1143 3171 1194 3192 mu

272 3216 364 3248 tilata
378 3215 530 3256 dignitas,
552 3210 609 3254 sed
609 3209 710 3251 famae
715 3209 917 3251 periclitantis
928 3210 1091 3241 diminutio
1116 3210 1215 3252 ,Quast

268 3263 419 3307 'flagitium
435 3267 714 3304 perpetraverimus
729 3284 740 3299 ‚
773 3258 966 3301 speHaculum
980 3257 1062 3300 fadi
1077 3256 1179 3301 sumus
1199 3285 1207 3300 ‚

273 3319 371 3352 reique
377 3314 547 3352 judicamur
555 3336 565 3351 ,
586 3311 653 3344 cum
660 3311 697 3343 de
714 3316 849 3351 puritate
858 3307 1039 3351 conscientiae
1060 3320 1117 3341 non
1129 3310 1207 3342 dubi-

271 3369 368 3394 temur
381 3374 391 3392 .·
418 3361 599 3404 Respondit
619 3360 694 3393 Rex
707 3373 718 3392 .-
750 3360 785 3391 si
800 3369 901 3391 omnes
923 3364 1211 3392 excommunicationi

273 3410 428 3455 subjacent
449 3415 635 3443 coronationi
648 3411 721 3442 Filii
734 3415 790 3441 mei
809 3406 1019 3450 *consentientes
1039 3431 1049 3446 ,
1068 3420 1116 3451 ego
1131 3432 1142 3447 ,
1158 3418 1211 3450 per

274 3463 370 3494 ocutos
381 3462 510 3500 Dei‚non
518 3461 662 3494 excludor.
674 3459 737 3495 Sed
750 3458 862 3493 intulit
876 3457 1213 3502 Eboracenfisfflqua-

1234 124 1483 177 ITA

1291 216 1414 247 nimiter
1420 213 1555 256 ferenda
1566 211 1722 255 tempestas
1733 211 1773 253 est
1780 238 1790 254 ,
1802 224 1891 256 quam
1899 217 2045 252 declinare
2058 230 2116 252 non
2125 226 2230 260 potes,

1290 271 1324 295 ut
1335 275 1373 296 ex
1384 271 1486 306 quieta
1496 274 1593 297 mente
1600 267 1634 298 <et
1648 263 1785 305 modestia
1796 267 1961 300 tolerantia
1970 269 2106 310 laceffitus
2119 270 2152 303 er
2156 267 2223 311 pas
2218 286 2232 294 -

1285 310 1338 355 fiis
1350 317 1477 355 injurias
1486 315 1587 348 videri
1602 320 1741 347 merearis
1752 338 1761 345 .
1782 316 1877 358 Quod
1885 315 1983 357 facile
1996 317 2064 358 fieri
2072 318 2160 361 potest
2172 343 2183 359 ,
2202 316 2233 360 fi

1290 363 1458 403 difflmulare
1466 373 1549 406 potes
1561 371 1594 398 in
1602 362 1828 407 praesentiarum
1848 370 1999 411 irrogata,
2024 368 2060 402 ό·
2078 371 2229 411 injurian-

1287 420 1347 447 tem
1357 438 1367 455 ,
1377 413 1462 457 quafi
1462 413 1595 458 securum
1609 416 1739 449 dimittis
1748 416 1791 448 ad
1800 423 1916 458 tempus
1925 441 1934 449 .

1476 514 2053 551 HERtBERTU&

1335 561 1459 599 POST
1480 564 1547 600 haec
1564 566 1599 601 &
1620 565 1671 600 his
1689 566 1804 600 iimilia
1817 589 1829 607 ,
1853 566 1886 601 &
1909 568 2028 609 majora
2048 562 2099 600 his
2108 564 2229 601 dietim

1285 622 1340 656 per
1349 614 1398 654 se,
1408 615 1441 649 ὅτ,
1454 626 1508 659 per
1528 616 1706 660 complices
1717 618 1789 651 suos
1805 617 1930 662 Regem
1942 617 1976 651 in
1990 614 2230 651 Archi-Praesti·-

1285 662 1347 696 lem
1357 664 1540 709 instigabat.
1552 666 1676 701 Verum
1686 667 1868 710 qualiter&
1878 667 2038 712 quantum
2052 667 2125 700 Rex
2139 677 2229 701 com-

1285 723 1393 747 motus
1405 738 1417 754 ,
1442 715 1512 750 imo
1523 716 1556 750 in
1569 717 1698 761 qualem
1709 717 1744 750 &
1757 729 1826 761 qua
1833 727 1927 752 ntum
1947 719 2091 752 furorem
2104 740 2115 755 ,
2141 715 2231 750 insti·

1283 764 1437 808 gantibus
1449 765 1588 809 talibus,
1614 767 1790 803 conversus
1800 768 1921 809 fuerit,
1942 769 2077 812 sequens
2089 765 2231 801 historia:

1281 814 1367 850 ordo
1376 813 1553 851 declarabit
1564 841 1571 849 .

1479 915 1512 950 C
1560 914 1593 951 A
1643 916 1672 951 P
1725 916 1765 953 U
1814 917 1854 952 T
1951 917 2022 952 lx.

1350 1015 1495 1059 ,Qualiter
1506 1014 1774 1061 Archi-Episcopus
1797 1016 1970 1058 prohibitus
1975 1026 2032 1062 per
2043 1022 2153 1063 Regem

1631 1079 1670 1101 ne
1680 1068 1852 1109 procederet
1864 1093 1872 1101 .

1323 1162 1504 1212 TAQJE
1516 1189 1528 1206 ,
1552 1174 1590 1200 ut
1613 1167 1729 1210 prefati
1754 1167 1863 1202 sumus
1875 1191 1886 1207 ,
1912 1165 2016 1202 Archi
2027 1182 2036 1192 a
2047 1166 2231 1210 Episcopus
2255 1211 2257 1213 Ι

1348 1213 1561 1250 Cantuariam
1575 1221 1708 1251 veniens
1722 1218 1791 1261 post
1801 1228 1921 1260 paucos
1933 1218 2090 1252 adventus
2101 1217 2151 1251 sui
2161 1217 2229 1249 dies

1346 1265 1432 1299 misit
1441 1266 1481 1300 ad
1490 1277 1659 1311 egregium
1672 1268 1765 1300 illum
1778 1278 1913 1310 puerum
1927 1268 2114 1302 Henricum
2126 1290 2138 1307 ,
2162 1265 2226 1300 Re-

1275 1313 1327 1358 gis
1341 1315 1445 1349 filium
1457 1339 1468 1356 ,
1492 1328 1571 1351 tunc
1587 1318 1714 1362 Regem
1727 1318 1744 1350 a
1768 1318 1920 1361 suspensis
1946 1316 2116 1362 Episcopis
2135 1325 2229 1350 coro·

1277 1375 1390 1399 natum
1417 1389 1428 1406 ‚
1455 1366 1655 1402 Richardum
1685 1368 1833 1401 Priorem
1855 1369 1963 1403 Sancti
1987 1366 2149 1406 Martini,
2177 1367 2229 1398 vi·-

1275 1425 1348 1448 rum
1361 1416 1435 1450 satis
1443 1415 1649 1460 eloquentem
1665 1418 1698 1453 δε
1718 1416 1911 1452 industrium
1933 1443 1945 1459 ,
1972 1417 2079 1462 postea
2101 1417 2134 1449 in
2156 1413 2230 1450 sede

1277 1465 1507 1500 Cantuarienfi
1529 1468 1625 1518 suunt
1644 1469 1874 1502 successorem.
1901 1468 1971 1516 Qii
1991 1467 2032 1502 ad
2042 1468 2170 1511 Regem
2182 1473 2233 1499 ve*

1276 1517 1369 1549 niens
1379 1516 1484 1559 ipsum
1495 1518 1645 1551 nomine.
1656 1515 1922 1553 Archi-Praesulis
1939 1516 2169 1553 officiofiffime
2188 1516 2231 1551 sa·

1275 1565 1392 1598 lutavit
1402 1589 1414 1605 ‚
1424 1566 1456 1599 &
1469 1567 1539 1609 ejus
1554 1567 1734 1602 adventum
1751 1571 1784 1601 in
1793 1579 1910 1603 terram
1924 1569 2108 1607 nunciavit,
2122 1567 2230 1610 ipsum

1274 1612 1316 1647 de
1338 1614 1546 1656 suspensione
1567 1617 1806 1660 Episcoporurn
1818 1643 1828 1658 ,
1857 1619 1940 1653 ficut
1962 1619 2148 1662 injuncium
2155 1617 2231 1651 fue*

1276 1672 1322 1696 rat
1333 1686 1343 1703 ,
1370 1664 1528 1697 excusans
1551 1664 1585 1698 dc
1605 1666 1696 1706 quod
1722 1666 1763 1697 de
1776 1667 1983 1707 permistione
2005 1667 2108 1710 Regis
2125 1665 2236 1702 Patris

1276 1713 1321 1744 su·
1338 1711 1456 1745 factum
1470 1713 1577 1747 fuisset
1590 1715 1631 1747 fic
1642 1739 1649 1746 .
1680 1714 1807 1748 Verum
1827 1725 1905 1757 puer
1918 1715 1974 1750 ille
1993 1716 2065 1751 Rex
2076 1726 2138 1749 nec
2151 1724 2231 1748 uun⁴

1274 1761 1362 1792 cium
1378 1784 1388 1799 ,
1407 1770 1470 1793 nec
1482 1762 1576 1793 verba
1590 1763 1702 1794 nuncii
1718 1773 1884 1804 acceptare
1895 1765 2065 1799 videbatur
2079 1789 2086 1796 .
2111 1766 2155 1799 Et
2167 1764 2232 1799 hoc

1275 1809 1423 1851 quidem,
1434 1820 1467 1843 ut
1481 1820 1538 1852 pro
1548 1820 1641 1844 certo
1651 1810 1904 1850 dicebatur,non
1916 1813 1957 1846 de
1970 1814 2140 1849 voluntate
2151 1814 2231 1857 pne*

1276 1860 1300 1891 ri
1316 1860 1464 1901 provenit
1479 1883 1490 1900 ,
1509 1859 1562 1894 sed
1574 1851 1651 1903 quia
1663 1861 1756 1894 aliter
1770 1873 1827 1904 pro
1839 1861 1932 1906 Rege
1946 1863 2038 1897 patre
2049 1874 2118 1897 non
2132 1863 2231 1898 aude·

1277 1908 1330 1942 bat
1343 1933 1353 1949 ,
1365 1919 1424 1943 nec
1437 1921 1493 1952 pro
1507 1908 1636 1945 Aulicis
1646 1910 1741 1954 ipsius
1754 1909 1933 1957 pedagogis
1946 1937 1957 1954 ‚
1969 1914 2090 1955 quibus
2101 1910 2229 1948 Filium

1275 1959 1368 1992 suum
1381 1960 1587 1994 commiserat
1599 1984 1610 2001 ,
1634 1962 1690 2004 qui
1707 1963 1778 2005 plus
1789 1961 1916 1996 Patrem
1926 1964 2025 2005 quam
2037 1963 2160 1999 Filium
2175 1974 2229 1998 ve-

1274 2007 1442 2043 rebantur.
1470 2009 1577 2044 Unde
1588 2022 1726 2045 nuncrus
1739 2037 1747 2051 ,
1771 2023 1829 2045 nec
1844 2011 1884 2045 ab
1896 2011 1946 2047 his
1960 2024 2019 2048 nec
2030 2038 2041 2054 ,
2064 2013 2106 2047 ab
2115 2014 2228 2049 imsin

1276 2057 1364 2091 Aula
1375 2059 1517 2103 benigne
1527 2071 1688 2104 acceptus,
1699 2064 1732 2095 in
1746 2062 1833 2096 brevi
1844 2063 1986 2098 reversus
2001 2062 2085 2099 nihil
2096 2061 2226 2100 cet-tuni

1278 2106 1561 2154 Archi-Episcopo
1573 2110 1681 2146 tetulit
1692 2136 1699 2143 .
1900 2128 1902 2130 ·
1954 2124 1957 2126 ’
2141 2127 2145 2131 ¹

1325 2158 1451 2192 Verum
1463 2159 1524 2193 Vir
1550 2161 1615 2194 Dei
1637 2161 1789 2196 constans
1810 2161 2033 2199 nihilominus
2053 2166 2086 2199 se
2107 2174 2225 2210 praepa-

1275 2206 1363 2241 rabat
1377 2207 1417 2241 ad
1430 2210 1489 2242 iter
1499 2234 1511 2249 ,
1537 2211 1652 2245 volens
1673 2212 1842 2246 alumnum
1871 2225 2006 2257 puerum
2029 2215 2136 2249 videre
2159 2214 2228 2251 Re·

1274 2269 1349 2302 gem
1359 2280 1369 2295 ‚
1397 2259 1430 2292 &
1446 2258 1552 2302 postea
1571 2259 1781 2296 Provinciam
1792 2263 1810 2296 a
1824 2274 1886 2306 qua
1897 2264 2147 2306 tamdiuabsens
2157 2262 2226 2300 fue-

1274 2309 1503 2347 rar,circumrre
1518 2320 1703 2352 properans,
1713 2311 1747 2345 ὅ(
1760 2311 1916 2347 anhelans
1927 2314 1967 2348 ad
1980 2312 2225 2350 discurrendum*

1274 2356 1394 2401 ubique
1405 2381 1416 2397 ,
1438 2367 1473 2391 ut
1484 2358 1633 2392 evelleret
1645 2360 1677 2393 &
1688 2360 1861 2393 eradicaret
1874 2373 1942 2403 quae
1960 2364 1994 2396 in
2007 2363 2151 2400 absentia
2168 2366 2224 2400 sua.

1275 2408 1306 2441 in
1320 2406 1419 2441 horto
1431 2407 1571 2441 Domini
1584 2408 1718 2442 distorte
1727 2410 1759 2443 ὃς
1773 2411 1991 2453 incomposite
2002 2423 2221 2450 excreverant.

1274 2458 1385 2502 ltaque
1395 2458 1464 2501 post
1474 2468 1594 2501 paucos
1605 2458 1674 2492 dies
1687 2459 1706 2492 ὲ
1733 2459 1909 2493 Cantuaria
1921 2462 2080 2503 profectus
2092 2463 2125 2496 in
2140 2464 2225 2498 mul-

1274 2517 1310 2542 to
1321 2508 1481 2543 comitatu
1508 2508 1721 2557 Londoniam
1734 2509 1837 2542 venit.
1850 2509 1938 2544 Cum
1948 2511 2023 2545 vero
2030 2513 2155 2546 civitati
2167 2523 2221 2557 ap-

1272 2560 1501 2602 propinquaret
1510 2559 1659 2592 universa
1675 2558 1801 2599 Civitas
1813 2568 1981 2595 commota
2003 2573 2063 2604 prae
2073 2560 2194 2606 gaudio
2208 2586 2222 2603 ,

1272 2609 1420 2650 civesque
1440 2609 1575 2642 universi
1590 2608 1834 2643 Archi-Ptaesuli
1854 2621 2065 2645 occurrerunt
2080 2636 2091 2651 ,
2112 2613 2218 2656 ipsum

1271 2670 1346 2693 cum
1358 2659 1482 2703 gaudio
1494 2659 1526 2692 &
1537 2658 1742 2693 exultatione
1757 2661 1859 2695 multa
1873 2662 2088 2702 suscipientes.
2100 2660 2138 2695 ln
2154 2673 2224 2696 cra-

1273 2709 1357 2743 stino
1373 2711 1451 2742 vero
1461 2709 1536 2743 cum
1551 2710 1583 2742 se
1596 2720 1780 2752 praepararet
1789 2710 1828 2743 ad
1852 2709 2091 2752 procedendum
2107 2736 2118 2752 ,
2143 2724 2222 2747 ecce

1273 2761 1368 2793 mane
1378 2758 1480 2803 Regis
1491 2757 1630 2802 junioris
1657 2759 1782 2793 Nuncii
1797 2784 1807 2801 ,
1826 2758 1867 2793 de
1892 2760 2027 2795 nomine
2045 2761 2150 2806 Regis
2161 2761 2221 2795 Ar-

1272 2862 1346 2894 fiam
1361 2860 1449 2892 suam
1464 2869 1671 2893 reverteretur
1682 2884 1689 2891 .
1719 2857 1954 2893 ArchiPraesul
1972 2860 2049 2894 vero
2061 2870 2219 2905 tanquam

1273 2911 1385 2955 spiritu
1407 2910 1533 2942 fervens
1557 2919 1635 2942 mox
1657 2909 1821 2959 respondit
1845 2911 1876 2943 se
1891 2910 2077 2945 nullatenus
2090 2921 2221 2954 propter

1272 2958 1504 2994 inhibitionem
1519 2958 1820 3002 hancregreffurum
1840 2985 1849 2999 ,
1875 2960 1931 2993 nifi
1954 2962 2031 3003 quia
2053 2972 2133 2994 tunc
2152 2972 2222 2996 ram

1274 3009 1428 3045 solemnis
1451 3009 1588 3054 urgebat
1609 3008 1676 3042 dies
1699 3032 1710 3048 ,
1737 3009 1887 3043 videlicet
1908 3010 2038 3044 Natalis
2056 3008 2221 3052 Domini,

1274 3072 1339 3103 quo
1362 3059 1510 3093 Ecclefiae
1529 3059 1590 3092 suae
1608 3056 1711 3092 adesse
1723 3059 1830 3093 voluit
1847 3084 1854 3091 .
1883 3060 1979 3095 Etita
2006 3061 2219 3096 Cantuariam

1275 3110 1431 3146 reversus.

1325 3157 1472 3193 Audiens
1486 3156 1593 3202 itaque
1611 3157 1652 3190 fic
1667 3168 1706 3191 ne
1721 3158 1907 3201 procederet
1918 3182 1928 3198 ‚
1940 3159 2067 3194 inimici
2079 3159 2147 3203 ejus
2158 3170 2220 3193 ex·-

1278 3211 1423 3245 tulerunt
1434 3218 1552 3252 caput,
1574 3208 1608 3241 &
1623 3207 1791 3250 ipsiusjam
1803 3210 1901 3251 capiti
1915 3209 2140 3245 minabantur.
2175 3208 2220 3244 Et

1276 3259 1443 3305 praesertim
1468 3258 1639 3302 progenies
1663 3257 1717 3291 illa
1732 3259 1911 3301 viperarum
1929 3284 1940 3300 ,
1967 3271 2037 3302 quae
2054 3258 2222 3293 dicebatur

1275 3311 1315 3346 de
1330 3307 1484 3343 Brocheis
1500 3332 1511 3349 ,
1538 3307 1684 3350 turpibus
1705 3309 1737 3342 δε
1763 3308 1989 3352 ignominiosis
2010 3310 2135 3353 injuriis
2161 3308 2219 3342 Ar-

1276 3362 1328 3396 chi
1340 3379 1350 3385 -
1365 3359 1561 3403 Episcopum
1575 3358 1608 3391 &
1620 3358 1692 3390 suos
1703 3358 1917 3392 lacescebant.
1946 3359 2100 3407 Qorum
2113 3368 2196 3392 unus
2207 3382 2219 3398 ,

1279 3409 1443 3445 Robertus
1465 3407 1568 3443 didius
1587 3408 1629 3441 de
1661 3408 1743 3442 Broc
1766 3434 1776 3449 ,
1814 3408 1959 3442 Clericus
1974 3434 1986 3450 ‚
2023 3410 2058 3442 in
2078 3408 2221 3453 ignomi-

1260 3462 1368 3501 ,niam
1414 3459 1447 3493 δε
1489 3468 1714 3503 contemptum
1762 3457 2054 3504 Archi-Episcopi
2097 3458 2223 3501 jumen-

2108 3517 2182 3542 tum

1271 2809 1479 2844 chi-Praesuii
1493 2807 1677 2843 inhibente-s
1688 2820 1729 2842 ne
1742 2809 1952 2852 procederet,
1977 2809 2028 2844 sed
2051 2812 2090 2845 ad
2112 2810 2222 2846 Eccre-
2284 2818 2286 2820 '
