2358 3776
582 73 623 119 s.
656 67 965 117 THoMAE
999 61 1684 133 CAN-211UAR.L113.11.

132 160 167 198 δι
189 158 301 196 Abbas
324 157 468 194 canora>
482 165 684 203 exegerunt,
717 164 755 190 ut
774 155 822 190 eis
843 151 1073 187 resarcirentur

139 208 279 251 damna,
303 218 372 254 quae
386 206 458 242 Rex
470 208 599 254 Angliae
617 208 652 242 &
670 206 720 241 sui
744 205 814 250 post
839 213 989 248 treguam
1011 203 1076 237 illis

138 258 335 298 intulerant.
364 257 475 293 Abbas
495 259 585 293 enim
605 255 847 291 Monasterium
871 255 965 288 suum
977 252 1074 296 adjus

134 309 238 354 Regis
249 309 394 345 Francia
412 310 430 343 a
451 319 596 352 tempore
615 306 728 341 Caroli
753 303 894 349 Magni,
912 302 969 345 qui
991 302 1074 338 illud

133 359 286 395 fundavit
299 383 311 400 ,
338 359 497 403 pertinere
508 357 639 393 dicebat
651 381 658 388 .
686 354 763 390 Post
775 355 894 389 multas
905 361 1015 387 autem
1028 354 1076 387 di-

130 409 353 453 screpationes
369 407 447 444 hinc
467 407 545 444 inde
566 406 714 448 habitas,
740 404 885 450 promisit
908 402 985 436 Rex
1007 403 1074 437 An·

132 459 207 504 gliae
223 459 253 492 se
265 457 512 494 Pinavienfibus
523 458 630 493 ablata
641 456 845 490 redditurum
856 477 867 494 ,
889 452 941 487 sed
954 452 1075 488 Mona·

137 509 237 544 sterio
251 510 455 555 nequaquam
466 534 477 550 ,
501 508 578 552 quia
588 509 681 542 suum
691 506 802 540 erat&
813 502 956 539 Domini
969 501 1071 547 Papae.

137 558 295 594 Tandem
317 570 430 595 tamen
447 558 533 594 dixit
550 558 661 592 senon
672 567 731 600 pro
743 555 810 599 jure
819 552 924 598 Regis
933 553 1072 588 Franco·

136 609 276 649 rum‚sed
289 621 347 653 pro
355 619 466 644 amore
475 607 556 647 Dei,
567 607 601 642 ἀ
612 606 758 641 Comitis
769 605 796 638 F
797 603 928 638 landriae
938 628 949 644 ,
960 604 994 638 δι
1005 604 1074 638 Do-

133 659 217 693 mini
231 657 602 694 WilhelmiCardinalis
615 680 627 698 ,
654 654 778 690 Abbati
789 654 1009 689 restituturum
1025 676 1037 693 ,
1049 653 1072 687 si

138 707 217 753 quid
231 709 274 743 de
285 710 343 743 suo
354 707 526 743 habuerat.
553 708 627 743 Rex
640 704 726 740 =vero
748 704 969 745 Francorum,
994 703 1072 738 cum

135 758 275 793 audisset
286 758 332 794 ibi
345 758 554 794 Cardinalem
565 757 627 791 esse
637 756 671 790 in
683 755 824 790 consilio
834 754 935 799 Regis
948 754 1073 798 Anglie

131 817 243 842 motus
253 808 298 843 est
310 808 444 849 dicens,
469 809 502 842 se
512 818 581 842 non
592 805 742 849 meruisse
764 803 806 840 ab
826 803 969 839 Ecclesia
996 803 1071 838 Ro-

133 867 231 892 mana
241 881 253 898 ,
278 868 315 892 ιιι
327 857 512 901 Cardinalis
525 880 537 896 ,
547 856 630 891 sicut
640 856 766 900 semper
777 854 930 890 haetenus
939 855 1073 899 fecerat,

130 908 260 942 foveret
270 906 378 942 hostes
389 908 486 948 suos,
509 906 587 941 &se
608 917 678 941 non
698 914 901 950 recepturum
927 903 990 939 hac
1000 904 1072 946 vice

129 955 312 1000 quidquam
336 967 398 1002 pro
416 966 527 992 amore
549 956 694 991 Comitis
716 957 768 991 vel
785 955 991 996 Cardianus,
1018 952 1073 989 sed

129 1017 190 1052 pro
202 1006 270 1051 jure
279 1007 360 1050 suo,
386 1007 409 1042 si
423 1006 497 1043 Rex
508 1005 640 1052 Angliae
651 1006 768 1041 vellet.
796 1006 900 1053 Qiod
922 1005 998 1039 cum
1014 1004 1072 1038 ille

129 1057 311 1099 refutasset,
335 1057 480 1092 omnino
488 1056 681 1091 submonuit
690 1067 766 1091 eum
774 1055 849 1091 Rex
861 1057 889 1090 F
891 1056 1007 1091 ranciae
1017 1065 1077 1098 perv

132 1105 232 1141 fidem
244 1118 308 1151 qua
321 1108 352 1142 se
365 1107 568 1152 obligaverat
582 1130 594 1146 ,
619 1116 655 1141 ut
666 1107 832 1142 accederet
843 1107 882 1141 ad
896 1106 1034 1140 fluvium

133 1156 190 1190 ubi
202 1168 243 1190 ex
254 1156 412 1192 condicto
431 1156 637 1200 colloquium
663 1157 726 1191 esse
738 1156 870 1196 debuit,
895 1157 914 1189 a
934 1165 1003 1199 quo
1015 1165 1071 1197 per

131 1206 216 1240 duos
228 1206 297 1240 dies
308 1217 451 1246 remotus
461 1207 620 1241 manserat
630 1205 767 1241 duarum
779 1206 883 1249 spatio
892 1205 1069 1242 leucarum,

132 1255 186 1289 sed
194 1254 251 1288 ille
261 1266 329 1290 non
342 1255 529 1299 adquievit.
558 1255 635 1290 Rex
647 1256 722 1290 vero
742 1256 943 1289 Francorum
954 1277 966 1293 ,
992 1252 1068 1285 cum

132 1301 200 1338 fere
222 1305 323 1347 usque
342 1303 386 1337 ad
406 1306 568 1348 vesperam
589 1305 796 1347 exspeetaffet
808 1327 820 1343 ,
846 1301 994 1337 transivit
1012 1301 1066 1335 flu-

132 1364 231 1393 men,
256 1353 343 1387 &ex
352 1354 450 1388 altera
463 1363 551 1397 parte
561 1353 703 1387 residens
723 1351 802 1387 lavit
826 1362 942 1386 manus
962 1352 1033 1385 suas

133 1402 169 1436 δε
189 1401 272 1437 bibit
283 1413 393 1438 coram
404 1402 559 1438 omnibus
571 1403 763 1446 protestatus
776 1403 808 1437 se
824 1402 922 1436 sidem
942 1402 1067 1446 pastio-

131 1453 183 1485 nis
193 1451 374 1496 implevisse
385 1478 396 1495 ‚
418 1455 453 1489 ἀ
465 1454 508 1487 sic
519 1453 639 1487 dimisit
647 1453 817 1488 Comitem
827 1452 1070 1492 Flandrensem,

133 1501 168 1541 δι
188 1502 272 1536 alios
292 1513 438 1546 proceres
446 1527 458 1545 ‚
476 1504 674 1546 exspectans
684 1503 730 1537 ibi
742 1514 820 1537 cum
841 1503 951 1547 paucis
971 1502 1070 1545 usque

130 1550 173 1586 ad
193 1553 437 1596 crepusculum.
464 1553 599 1587 Miserat
620 1564 732 1588 autem
751 1552 793 1588 ad
815 1554 916 1587 alium
941 1552 1069 1596 Regem

131 1601 307 1642 Nuncios,
333 1604 500 1647 quiillum
522 1603 790 1643 summonerent,
816 1613 853 1636 ut
874 1601 1071 1636 satisfaceret

131 1651 174 1685 de
198 1651 264 1686 side
286 1652 357 1687 laesa
371 1676 379 1685 .
403 1653 487 1701 Qo
499 1651 616 1687 audito
634 1652 693 1687 ille
713 1653 852 1688 detentis
863 1651 1007 1686 Nunciis
1030 1650 1072 1684 se-

133 1711 211 1735 cum
223 1725 236 1742 ,
260 1711 338 1736 cum
349 1702 565 1736 multitudine
576 1701 721 1737 militum
744 1703 954 1742 loricatorum
974 1701 1008 1734 &
1017 1711 1073 1745 ga-

132 1750 295 1785 leatorum
317 1761 461 1786 armatus
483 1750 573 1785 venit
586 1751 628 1784 ad
648 1752 773 1786 flumen
791 1775 804 1792 ,
840 1762 902 1785 nec
922 1751 1075 1784 Nuncios

133 1799 277 1844 permisit
287 1809 324 1833 ut
334 1800 548 1843 praecederent
560 1820 572 1837 ,
595 1800 631 1832 ἀ
653 1798 782 1843 Regem
803 1806 1038 1842 praemonerent

131 1848 250 1884 Franci
274 1846 420 1883 videntes
439 1847 505 1882 hoc
524 1858 613 1882 arma
633 1848 883 1892 corripuerunt,
923 1846 978 1881 sed
1002 1858 1071 1880 nox

131 1909 201 1932 non
213 1897 352 1942 permisit
364 1898 644 1943 utconvenirent,
670 1897 705 1932 ὅ(
718 1899 759 1932 s1c
780 1897 858 1934 Rex
879 1896 1010 1942 Angliae
1030 1907 1075 1930 re-

132 1949 240 1983 versus
250 1947 296 1982 est
315 1972 324 1981 .
351 1948 521 1985 prosecuti
546 1948 619 1983 sunt
641 1959 719 1982 eum
740 1947 891 1983 Comites
910 1946 1076 1982 Robertus

130 1998 242 2033 Frater
252 1998 356 2043 Regis
364 2022 376 2040 ,
402 1999 438 2034 δε
450 1996 633 2043 Stephanus
644 1998 754 2032 Frater
764 1997 910 2032 Comitis
922 1997 1076 2035 Henrici,

131 2048 253 2093 quibus
271 2046 452 2083 admodum
467 2049 680 2092 supplicavit,
708 2058 744 2080 ut
770 2046 994 2090 persuaderent
1016 2046 1078 2079 Re·

130 2098 190 2144 gi,
218 2109 258 2133 ne
269 2098 375 2142 ipsum
396 2099 607 2142 compelleret
626 2098 804 2142 confugere
823 2097 865 2131 ad
886 2095 993 2130 hostes
1013 2095 1078 2129 Re·

130 2149 191 2194 gni
205 2149 372 2189 Franciae,
397 2149 581 2184 &multam
593 2148 628 2182 in
649 2147 757 2181 verbis
782 2145 1001 2190 praetendebat
1019 2143 1078 2179 hu·

131 2198 308 2234 militatem
322 2223 330 2232 .
356 2199 424 2234 Die
435 2198 511 2233 verti
525 2197 670 2242 sequenti
684 2196 765 2231 misit
776 2197 960 2232 Carnotum
981 2195 1077 2229 Nun-

130 2250 204 2282 cios
215 2250 289 2282 suos
303 2272 315 2289 ,
341 2259 378 2281 ut
390 2249 519 2293 Regem
531 2248 729 2283 inclinarent
738 2247 780 2282 ad
790 2257 906 2292 pacem
916 2270 929 2289 ,
940 2256 997 2282 aut
1011 2245 1076 2280 Co-

134 2300 250 2332 mitem
274 2297 434 2333 Flandriae
454 2299 695 2334 summonerent
716 2309 772 2343 per
799 2297 898 2334 fidem
919 2320 931 2337 2
964 2307 1027 2341 ‘1¹¹²
1045 2297 1076 2330 se

133 2348 338 2396 obligaverat
351 2373 363 2391 ,
389 2359 427 2384 ut
448 2351 571 2384 veniret
594 2351 629 2384 in
655 2349 860 2384 deditionem
882 2348 985 2394 Regis
1006 2345 1076 2382 An-

133 2400 229 2447 gliz,
255 2399 309 2435 sed
331 2401 407 2436 Rex
420 2400 622 2436 Francorum
635 2399 666 2434 se
676 2409 751 2434 cum
765 2409 930 2444 eo‘pacem
951 2398 1076 2434 habitu-

133 2462 206 2490 rum
217 2451 377 2497 negavit,
401 2450 578 2498 anrequim
598 2450 644 2486 eis
665 2450 795 2487 satisfiat
808 2451 841 2487 δι
868 2450 1011 2495 Regno,
1037 2451 1077 2484 de

132 2500 199 2538 hoc
212 2501 301 2546 quod
313 2511 455 2537 armatus
469 2525 482 2543 ,
505 2503 538 2539 δε
554 2501 620 2538 fere
630 2502 670 2537 de
682 2503 781 2536 nossu
790 2500 878 2536 sicin
890 2512 967 2536 eum
980 2503 1076 2535 irrue·

132 2563 182 2587 rat
193 2576 205 2592 ,
231 2562 292 2586 nec
302 2561 413 2585 tamen
427 2550 576 2587 unumde
586 2552 725 2588 Francia
746 2562 878 2586 movere
888 2560 1013 2595 potetat
1036 2551 1077 2585 de

141 2601 222 2638 loco
231 2602 290 2637 suo
303 2625 312 2633 .
341 2599 476 2644 Adiecit
486 2612 594 2636 autem
606 2603 638 2635 se
649 2612 794 2645 paratum
805 2601 976 2637 ostendere
985 2625 997 2643 ,
1026 2602 1075 2636 vel

135 2653 172 2689 in
184 2649 351 2692 marchia,
377 2650 429 2685 vel
443 2652 477 2685 in
491 2650 590 2685 Curia
613 2650 757 2685 Comitis
781 2652 963 2692 Flandriae,
987 2651 1075 2695 quod

134 2701 288 2746 &ipsum
301 2701 471 2736 Comitem
484 2726 495 2742 ,
517 2700 667 2741 aranos,
692 2701 749 2744 qui
770 2699 1011 2736 intercesserant
1035 2713 1075 2736 ex

135 2762 227 2798 parte
252 2752 307 2786 sua
330 2751 520 2786 liberaverat
539 2751 581 2786 ab
601 2750 827 2795 obligatione.
853 2750 980 2785 Nuncii
1002 2751 1078 2786 vero

137 2803 241 2848 Regis
254 2802 385 2847 Angliae
395 2812 436 2836 ex
450 2802 583 2836 adverso
593 2800 827 2845 responderunt
847 2801 974 2846 Regem
984 2802 1075 2835 suum

139 2852 343 2887 ostensurum
357 2852 391 2886 in
403 2852 503 2886 Curia
513 2851 724 2895 Imperatoris
734 2875 746 2891 ,
760 2850 810 2884 vel
822 2850 954 2896 Regum
966 2875 977 2891 ,
1003 2851 1077 2886 Na-

142 2902 290 2939 varienfis
304 2926 316 2943 ,
342 2913 398 2936 aut
425 2901 644 2947 Aragonensis
667 2901 814 2941 scilicet,
839 2900 958 2945 quibus
978 2902 1078 2937 Filias

140 2952 215 2988 suas
225 2950 300 2988 dare
309 2952 474 2996 disponit,
498 2951 588 2996 quod
612 2951 679 2995 ipse
697 2951 794 2986 fidem
814 2951 988 2987 servaverat
1009 2975 1020 2991 ,
1044 2953 1077 2986 δι

145 3001 269 3036 Comes
280 3001 436 3038 Flandriae
444 3026 455 3043 ,
481 3003 513 3039 δι
525 3003 583 3037 alii
595 3002 813 3036 intercessores
823 3002 851 3036 F
852 3001 966 3037 ranciae
976 3003 1075 3037 fidem

138 3051 306 3091 laeserant,
330 3052 363 3086 δε
379 3053 513 3088 interim
536 3052 727 3098 petebantur
751 3051 907 3092 induciae,
932 3053 986 3087 sed
1009 3064 1075 3087 non

137 3102 213 3139 sunt
224 3100 388 3136 exauditi,
415 3102 470 3139 sic
491 3113 601 3138 autem
624 3103 664 3137 ad
683 3103 811 3147 propria
831 3102 951 3147 singuli
973 3103 1073 3137 redie-

138 3161 216 3188 tunt
226 3176 234 3184 .
263 3151 355 3187 Huic
366 3151 534 3195 colloquio
547 3153 761 3189 interfuerunt
777 3153 928 3187 Britones
940 3177 951 3192 ,
977 3155 1009 3187 δι
1023 3153 1075 3186 Pi-

1139 161 1202 197 pa,
1226 149 1409 185 &Ecclesia
1421 150 1858 204 Romanatriumphaverat,
1883 160 1920 197 δι
1940 172 1978 197 ιιι
2003 164 2073 201 Do.

1139 202 1247 238 minus
1256 200 1500 236 Cantuariensis
1510 201 1600 236 fieret
1621 208 1834 247 opprobrium
1857 209 2034 248 hominum
2060 239 2074 256 ,

1139 250 1275 294 abjetffio
1286 250 1410 294 plebis,
1437 251 1654 286 &suiomnes
1668 278 1678 293 ,
1705 254 1826 294 litteras
1845 261 1988 297 Domini
2013 263 2074 299 Pa-

1140 313 1206 345 με,
1233 301 1352 345 quibus
1362 300 1453 336 dedit
1471 302 1502 336 ei
1524 301 1752 346 impunitatem
1776 313 1931 348 peccandi
1945 338 1958 355 ,
1983 323 2073 348 mn.

1139 350 1232 387 scribi
1242 351 1317 386 fecit
1329 376 1341 393 ,
1367 352 1400 386 δι
1411 351 1452 387 ad
1466 351 1633 396 utriusque
1645 352 1755 398 Regni
1768 354 1922 396 Ecclefias
1933 387 1944 403 ‚
1963 363 1998 398 ὅ(
2011 375 2078 408 pet.

1139 403 1233 437 sonas
1243 399 1398 436 destinari
1416 427 1424 436 .
1453 402 1624 436 Gloriatus
1634 403 1678 437 est
1690 404 1790 438 etiam
1802 405 1834 438 se
1855 410 1934 444 tales
1950 415 2076 449 amicos

1139 450 1256 486 habere
1267 452 1302 485 in
1313 451 1416 487 Curia
1428 476 1440 493 ,
1466 452 1523 494 qui
1534 463 1648 488 omnes
1656 464 1794 489 conatus
1805 454 1911 490 Archi
1922 473 1934 481 -
1942 459 2074 503 Episco-

1138 503 1171 546 pi
1182 502 1423 537 Cantuariensis
1433 502 1634 538 evacuabant
1653 527 1666 545 ,
1691 503 1726 539 &
1743 504 1789 540 ita
1810 504 1911 540 seduli
1950 508 2024 543 sunt
2042 512 2079 546 in

1138 552 1371 597 promovendis
1382 551 1525 598 negotiis
1534 553 1603 596 ejus
1611 578 1622 594 ,
1649 561 1686 588 ut
1696 565 1757 589 nec
1767 566 1867 590 unam
1880 556 2079 600 petitionem

1139 603 1301 646 porrigere
1321 603 1439 647 possit,
1469 603 1519 637 vel
1540 603 1665 648 aliquid
1688 604 1880 649 impetrare,
1906 607 1997 651 quod
2023 619 2079 653 per

1137 654 1262 687 amicos
1274 664 1342 687 non
1352 654 1502 688 mittatur
1520 652 1566 687 -ad
1589 654 1714 697 ipsum.
1741 656 1915 690 Scimus&
1940 658 2081 694 nomina

1136 714 1251 738 eorum
1268 727 1279 744 ‚
1305 714 1447 747 quorum
1458 704 1728 746 consilioutitur‚
1753 704 1856 750 &qui
1882 717 1983 750 nuper
2006 719 2081 753 ege·

1137 754 1262 787 runtin
1276 752 1402 795 Curia,
1428 762 1465 788 ut
1484 754 1590 788 caussa
1611 754 1700 795 Dei,
1727 755 1762 789 &
1784 766 1939 800 pauperes
1956 756 2081 792 Christi

1138 802 1194 837 vili
1207 803 1313 847 pretio
1325 802 1556 838 venderentur.
1584 803 1705 848 Neque
1715 805 1806 839 enim
1817 807 1879 840 fuit
1892 807 2075 843 multitudo

1139 853 1495 889 incommutationibus
1506 865 1620 889 eorum
1635 879 1642 887 .
1669 855 1852 897 Nunquam
1863 856 1995 893 fuissent
2014 858 2079 892 illae

1138 903 1345 943 unciaeauri,
1371 903 1628 949 quibusimpulsi
1641 905 1715 940 sunt
1751 907 1969 949 utcaderent,
1995 919 2081 952 quos

1140 953 1287 989 Ecclefiae
1310 952 1496 990 Columnas
1518 964 1707 999 oportuerat
1722 955 1786 991 esse
1806 981 1815 990 .
1853 956 2018 1002 Adeoque
2038 957 2080 993 de

1135 1003 1311 1048 ,triumpho
1321 1004 1380 1038 suo
1400 1005 1505 1039 elatus
1526 1005 1573 1039 est
1596 1006 1672 1040 Rex
1685 1030 1697 1046 ,
1722 1007 1806 1041 utin
1828 1008 1942 1043 Domo
1955 1009 2010 1042 sua
2027 1018 2081 1042 ta-

1137 1054 1202 1089 ceri
1225 1065 1293 1088 non
1317 1053 1432 1098 poffit,
1461 1055 1517 1099 qui
1538 1055 1729 1091 Cardinales
1738 1055 1778 1092 de
1793 1057 1853 1091 illo
1876 1058 2078 1101 pestifero&

1139 1105 1255 1139 infami
1275 1115 1356 1139 auro
1379 1103 1462 1138 nihil
1487 1106 1692 1149 acceperint,
1717 1109 1814 1151 quive
1836 1109 2082 1151 procuraverint

1138 1153 1310 1197 quomodo
1332 1154 1590 1198 dispensaretur,
1616 1156 1690 1190 aliis
1717 1158 1810 1201 plus,
1837 1158 1911 1192 aliis
1933 1158 2045 1192 minus
2068 1181 2083 1197 ‚

1137 1204 1314 1238 secundum
1336 1205 1425 1247 quod
1448 1207 1552 1250 magis
1572 1216 1628 1239 aut
1644 1207 1755 1241 minus
1769 1217 2014 1250 promeruerant
2035 1207 2081 1241 ad

1135 1253 1262 1295 justitias
1282 1253 1520 1289 subversionem
1547 1280 1555 1286 .
1589 1255 1743 1289 Nuncius
1764 1257 1907 1291 Domini
1943 1257 2081 1300 Joannis

1136 1297 1358 1348 Neapolitani·
1374 1325 1386 1342 ,
1421 1301 1512 1345 quod
1533 1303 1661 1347 Regem
1694 1304 1894 1339 Francorum
1931 1318 1999 1340 non
2032 1306 2084 1340 la-

1137 1350 1224 1392 tuit,
1249 1350 1400 1386 aCastris
1410 1351 1500 1394 ejus,
1526 1350 1602 1385 cum
1613 1353 1750 1387 essemus
1763 1355 1849 1397 apud
1860 1365 2010 1390 montem
2023 1356 2086 1389 mi-

1137 1401 1274 1436 rabilem
1288 1425 1299 1442 ,
1325 1402 1475 1436 transivit
1485 1401 1527 1436 ad
1548 1402 1676 1446 Regem
1698 1402 1853 1449 Angliae,
1878 1405 2084 1447 &quosdam

1134 1451 1218 1486 alios
1242 1451 1391 1486 Ecclefiae
1411 1453 1627 1495 persecutores
1649 1477 1658 1487 .
1699 1452 1774 1487 Viri
1798 1453 1959 1499 Religiosr
1979 1480 1991 1496 ,
2023 1456 2083 1498 qui

1138 1501 1221 1535 stant
1234 1512 1309 1535 cum
1333 1502 1427 1545 Rege
1446 1501 1597 1545 Angliae,
1626 1500 1760 1544 quando
1782 1504 1956 1538 audierunt
1968 1505 2076 1547 praefa-

1138 1560 1184 1585 tas
1194 1550 1317 1584 litteras
1335 1573 1347 1591 ‚
1372 1550 1549 1585 doluerunt
1562 1551 1825 1594 supramodum,
1853 1554 1888 1588 ἀ
1911 1553 2082 1597 imprecati

1141 1603 1213 1635 sunt
1226 1600 1346 1644 Joanni
1359 1599 1601 1644 Neapolitano,
1628 1601 1662 1635 ἀ
1675 1600 1796 1645 Ioanni
1809 1603 1944 1646 Joannis
1954 1605 1987 1638 δι
1998 1603 2083 1638 Pau-

1141 1651 1163 1684 li
1177 1673 1188 1690 ,
1200 1651 1256 1694 qui
1265 1648 1462 1684 dicebantur
1474 1649 1631 1685 seduxisse
1642 1651 1827 1685 Dominum
1839 1652 1961 1697 Papam
1972 1679 1979 1686 .
2006 1653 2081 1688 Ma·

1167 1700 1239 1733 ister
1260 1699 1447 1744 Gaufredus
1468 1698 1678 1732 Pinavienfis
1699 1723 1710 1738 ,
1754 1700 1902 1736 Clericus
1935 1703 2081 1737 Domini

1142 1748 1316 1782 Wilhelmi
1339 1747 1547 1785 Cardinalis,
1572 1756 1642 1780 non
1660 1749 1825 1784 consensit
1842 1751 1981 1786 consilio
2002 1777 2012 1792 ,
2050 1753 2086 1787 ὅ(

1141 1796 1265 1831 astibus
1289 1795 1501 1830 Nunciorum
1523 1794 1626 1841 Regis
1639 1820 1650 1838 ,
1684 1800 1847 1841 quoniam
1869 1801 2031 1845 exspestat
2050 1803 2084 1836 dc

1141 1847 1208 1890 ipse
1220 1846 1376 1891 Regnum
1389 1847 1471 1881 Dei.
1498 1847 1559 1881 Sed
1572 1848 1678 1890 palam
1702 1849 1897 1892 protestatus
1914 1853 1960 1886 est
1972 1876 1984 1893 ,
2010 1851 2086 1887 illos

1142 1897 1205 1931 effe
1225 1897 1396 1940 perjuros,
1421 1897 1456 1931 ἀ
1478 1895 1686 1931 anathemate
1704 1899 1967 1942 condemnatos,
2005 1903 2085 1946 quia

1144 1947 1330 1990 juraverant
1342 1946 1426 1980 illud
1449 1946 1641 1980 mandatum
1662 1947 1909 1994 DominiPapae
1920 1952 2084 1987 secretum

1144 1997 1233 2037 fore,
1260 1996 1370 2037 eisque
1395 1996 1429 2029 in
1457 1997 1575 2030 virtute
1588 1996 1804 2039 obedientiae,
1828 1999 1930 2034 &sub
1949 2001 2084 2037 anathe«.

1145 2055 1232 2079 mate
1252 2045 1414 2088 injuxerat
1435 2046 1604 2080 Dominus
1618 2046 1704 2090 Papa
1717 2072 1729 2089 ,
1755 2060 1791 2084 ut
1811 2050 1988 2085 celaretur.
2027 2050 2083 2087 Illi

1146 2094 1244 2135 vero,
1264 2105 1301 2129 ut
1312 2106 1373 2130 nos
1382 2097 1647 2139 contemptibiles
1656 2098 1810 2134 omnibus
1822 2100 1992 2136 redderent
2006 2125 2018 2143 ‚
2043 2102 2079 2136 δε

1144 2142 1366 2179 subtraherent
1378 2146 1494 2181 solatia
1506 2148 1688 2183 amicorum
1701 2174 1712 2191 ,
1732 2151 1819 2196 quasi
1830 2151 1871 2186 de
1881 2163 1960 2198 pace
1971 2151 2084 2189 nostra

1142 2193 1402 2238 desperantium,
1426 2209 1502 2232 cum
1525 2198 1617 2244 Rege
1640 2202 1699 2235 suo
1711 2201 1896 2248 triumphos
1919 2204 1980 2238 suae
1990 2202 2085 2239 mali·

1142 2246 1193 2280 tiae
1204 2256 1427 2290 proeconanrur
1439 2271 1451 2288 ,
1477 2248 1519 2283 de
1532 2250 1724 2287 confusione
1736 2253 1883 2289 Ecclefiae
1895 2254 2082 2300 gloriantes.

1143 2296 1289 2332 Utinam
1300 2296 1360 2331 sint
1372 2308 1466 2334 aures
1478 2299 1707 2336 Cardinalium
1719 2304 1760 2337 ad
1772 2316 1827 2338 ora
1839 2306 2042 2340 Francorum
2071 2329 2084 2345 ,

1140 2346 1258 2393 quibus
1268 2349 1439 2384 occasione
1461 2347 1549 2383 verbi
1564 2348 1659 2394 hujus
1669 2352 1702 2384 in
1717 2354 1925 2397 proverbium
1937 2355 2081 2391 vertitur:

1141 2400 1235 2443 ,Quod
1245 2397 1376 2441 Ecclefiae
1389 2401 1542 2442 Principes
1554 2400 1687 2443 infideles
1694 2401 1766 2446 sum
1776 2402 1850 2447 socii
1854 2405 1962 2447 furum
1973 2431 1981 2437 .
2009 2405 2084 2440 Per-

1141 2450 1280 2484 mittunt
1291 2450 1428 2485 enim&
1452 2450 1599 2494 praestant
1618 2449 1849 2487 authoritatem
1872 2453 2085 2497 persecutori·

1143 2499 1203 2534 bus
1213 2499 1360 2534 Ecclefiae
1372 2510 1571 2540 concutere,
1596 2501 1753 2544 spoliare,
1778 2503 1813 2536 ὄι
1835 2503 2006 2546 depraedari
2023 2513 2082 2547 pa·-

1141 2549 1334 2584 trimonium
1356 2550 1516 2585 Crucifixi
1540 2548 1582 2582 ad
1605 2551 1720 2584 nefarii
1751 2551 1835 2585 lucri
1859 2554 2082 2596 participatio·

1141 2611 1237 2635 nem.
1266 2599 1411 2636 Utinam
1423 2597 1735 2635 Christianiffimum
1755 2601 1885 2647 Regem
1910 2601 2079 2637 audieritis

1140 2651 1266 2691 δινσε,
1292 2661 1389 2694 quem
1402 2648 1504 2683 timeo
1516 2647 1556 2683 de
1566 2659 1684 2685 caetero
1706 2653 1848 2686 revocari
1861 2663 1930 2687 non
1955 2655 2044 2696 posse
2069 2677 2082 2694 ,

1140 2701 1222 2743 quin
1237 2700 1275 2734 ad
1289 2710 1396 2743 preces
1405 2698 1615 2742 Imperatoris
1626 2702 1712 2736 inter
1733 2702 1853 2736 liberos
1874 2713 1989 2737 eorum
2002 2703 2082 2737 Ma-

1141 2750 1334 2785 trimonium
1342 2746 1553 2784 contrahatur
1564 2773 1572 2781 .
1598 2750 1677 2785 Hoc
1687 2753 1777 2786 enim
1792 2762 1942 2796 procurat
1956 2753 2080 2787 Comes

1141 2801 1326 2840 Hemicus,
1356 2798 1391 2833 &
1415 2800 1520 2843 sperat
1543 2799 1575 2833 se
1598 2802 1670 2836 voti
1690 2812 1877 2846 compotem
1901 2802 1971 2837 fore
1990 2827 1998 2835 .
2024 2802 2081 2836 De

1139 2861 1255 2886 caetero
1268 2861 1358 2883 nunc
1370 2850 1477 2893 quaeso
1489 2860 1640 2893 appareat
1651 2851 1806 2886 industria
1819 2877 1830 2894 ,
1857 2853 1891 2888 δι
1901 2852 2080 2897 diligentia

1141 2902 1262 2941 vestra,
1289 2899 1499 2935 &Dominus
1510 2899 1597 2944 Papa
1608 2903 1781 2947 quodjusti
1801 2902 1921 2946 judicis
1938 2903 1984 2937 cst
2007 2913 2081 2936 exe-

1140 2960 1279 2995 quatur.
1307 2949 1466 2984 Absolvat
1486 2950 1697 2987 innocentem
1713 2978 1723 2993 ‚
1750 2954 1807 2997 qui
1836 2954 1904 2987 fine
1927 2953 2080 2995 exemplo

1141 3002 1261 3046 ligatus
1272 2999 1317 3034 est
1332 3022 1343 3040 ,
1366 2999 1402 3034 δε
1428 3001 1627 3037 condemnet
1647 3003 1784 3047 impium
1799 3027 1809 3043 ,
1846 3003 1902 3045 qui
1925 3003 1957 3037 se
1980 3003 2080 3045 perse·

1139 3050 1265 3093 'quendi
1286 3049 1461 3085 Ecclesiam
1474 3052 1538 3086 toti
1559 3053 1685 3086 mundo
1707 3052 1826 3097 praebet
1849 3051 2036 3096 exemplum
2063 3075 2073 3083 -

1141 3102 1245 3146 Agite
1254 3102 1353 3135 etiam
1366 3125 1378 3142 ,
1402 3110 1439 3135 ut
1464 3101 1659 3137 Eboracenfi
1674 3102 1777 3138 Archi
1788 3118 1806 3126 ·-
1819 3102 1982 3146 Episcopo
1999 3112 2072 3145 prae-

1139 3151 1300 3195 cipiatur,
1326 3161 1488 3195 quatenus
1508 3150 1655 3186 Ecclesiae
1675 3152 1878 3188 Cantuariesi
1893 3177 1904 3193 ,
1929 3163 1998 3195 quae
2024 3158 2077 3184 tot

139 3201 224 3235 &avi
236 3227 247 3243 ,
274 3202 308 3236 ἀ
324 3202 450 3236 Nuncii
467 3201 565 3246 Regis
576 3203 712 3245 Scoriae,
737 3205 768 3238 ἀ
781 3204 912 3248 Regum
924 3203 1074 3242 Gualliae,
1122 3209 1124 3248 j
1139 3203 1172 3237 δι
1183 3201 1283 3236 tantis
1297 3200 1556 3246 oppreffionibus
1567 3202 1624 3237 diu
1636 3203 1732 3239 frasta
1753 3203 1800 3239 est
1812 3228 1823 3245 ,
1849 3199 2074 3238 obedientiam

139 3251 228 3295 Regi
239 3252 440 3287 Francorum
454 3252 613 3287 auxilium
628 3254 869 3295 promittentes,
894 3254 927 3289 δι
940 3253 1075 3288 obfides
1121 3252 1171 3291 l&
1181 3251 1408 3297 subjectionem
1419 3249 1587 3287 exhibeat.

138 3301 312 3339 offerentes
325 3326 336 3342 ‚
359 3303 393 3336 δι
406 3304 594 3338 recesserunt
606 3303 743 3348 obligati
757 3328 768 3346 ,
795 3303 941 3339 similiter
950 3305 982 3338 &
1005 3314 1073 3346 pro·

138 3362 225 3388 ceres
236 3351 433 3387 Guaseoniae
446 3379 453 3384 .
478 3351 596 3387 Soluto
608 3352 738 3397 Regum
751 3355 921 3398 colloquio
934 3376 944 3392 ,
969 3364 1010 3387 ne
1033 3354 1072 3387 la·

138 3411 207 3439 tare
218 3403 320 3446 posset
331 3426 343 3443 ‚
371 3402 542 3445 quomodo
554 3401 627 3436 Rex
640 3402 769 3449 Angliae
779 3403 819 3439 de
842 3405 996 3440 Domino
1016 3404 1075 3439 Pa·

226 3451 334 3496 Christ.
345 3455 424 3497 Lupi
435 3456 533 3497 opera
544 3455 624 3487 Tam.
639 3454 681 3487 X.

1568 3448 1677 3495 ἃς
1885 3445 2023 3483 81³1-
