2358 3776
1352 202 1429 237 sona
1442 201 1634 241 videantur,
1661 199 1791 235 facilem
1804 201 1994 243 praebeamus
2012 208 2170 241 assensum
2193 224 2199 239 ι
2239 209 2291 241 ln·

1349 250 1392 286 de
1414 252 1459 286 est
1481 252 1571 295 quod
1594 262 1654 291 ea,
1681 262 1751 295 quae
1761 250 1855 284 nobis
1869 264 1923 295 per
1943 254 2059 293 litteras
2081 256 2252 291 intimastis
2270 264 2289 296 i,

1353 312 1512 345 quatenus
1534 302 1668 336 facultas
1690 301 1822 335 indulsit
1844 327 1855 342 ,
1888 302 2042 346 diligenti
2067 308 2289 341 sollicitudine

1353 353 1533 386 studuimus
1553 362 1759 394 promovere.
1788 351 1878 385 Sicut
1893 353 1986 385 enim
1999 364 2040 386 ex
2060 366 2126 397 quo
2147 357 2290 392 Domini

1354 400 1455 446 Regis
1469 403 1594 435 notiam
1609 402 1730 435 fuimus
1742 401 1872 436 assecuti
1885 425 1895 441 ,
1923 401 2017 446 vigili
2028 414 2123 445 opera
2142 407 2290 442 elabora·-

1354 451 1458 486 vimus
1469 452 1594 485 efficere
1606 476 1617 492 ‚
1646 462 1682 486 ut
1705 462 1780 485 eum
1803 451 1947 485 Ecclesia
1969 451 2123 487 Romana
2144 465 2292 491 materno

1353 499 1422 534 sinu
1445 502 1624 544 specialiter
1647 502 1890 544 amplecteretur
1910 501 1947 535 δε
1966 502 2157 546 extolleret,
2183 505 2226 540 ita
2245 519 2288 540 ex

1353 561 1419 593 quo
1430 551 1686 595 perturbationes
1696 552 1891 586 emerserunt
1902 576 1913 591 ‚
1940 562 2017 586 cum
2028 553 2120 586 omni
2141 553 2294 589 sedulia—¹·

1353 610 1385 634 te
1395 602 1577 635 curavimus
1588 602 1719 635 suadere
1732 626 1743 641 ,
1770 611 1806 635 ut
1826 601 1998 636 tolerantia
2011 602 2226 646 praejudicium
2249 606 2290 639 se-

1355 651 1631 692 verstaifacerek,
1657 652 1691 685 ὃ(
1711 651 1826 696 Regiae
1842 650 2012 697 dignitatis
2030 652 2207 696 inspeffio,
2233 655 2291 688 ser-

1356 698 1497 744 vitiaque
1508 702 1676 736 innumera
1688 701 1882 745 ampliorem
1894 701 1950 735 sibi
1962 702 2093 743 locum,
2115 714 2212 746 quam
2232 703 2290 738 im-

1354 751 1480 784 minuta
1491 751 1625 786 devotio
1644 752 1678 785 &
1692 751 1864 785 reverentia
1886 751 2094 795 postmodum
2117 753 2200 787 forte
2222 751 2292 787 sub-

1355 801 1449 834 tracta
1469 801 1554 843 apud
1576 801 1803 845 Apostolicam
1820 802 2101 837 mansuetudinem
2131 802 2288 837 vendica—-

1353 860 1423 884 rent
1434 874 1441 882 .
1467 849 1565 885 Nihil
1587 850 1695 895 itaque
1706 875 1717 892 ,
1743 850 1853 886 labore
1865 852 1974 885 nostro
1987 852 2144 896 vigilique
2155 863 2228 886 cura
2243 853 2292 886 in-

1352 901 1573 942 terveniente,
1598 900 1706 936 adhuc
1715 901 1761 935 est
1785 901 1920 935 ultionis
1941 902 1994 936 seu
2005 903 2180 936 severitatis
2201 900 2292 936 adhi-

1354 949 1476 991 bitum,
1504 950 1652 994 nihilque
1665 952 1707 984 de
1723 960 1838 985 caetero
1849 962 2081 994 proventurum
2095 977 2106 993 ‚
2131 952 2222 994 quod
2233 951 2289 986 ab·

1352 999 1407 1041 sit,
1433 1010 1494 1034 nos
1513 999 1649 1035 authore
1669 1000 1823 1033 Domino
1835 1001 1994 1043 speramus
2017 1002 2205 1043 effecturos,
2230 1001 2290 1036 do-

1354 1059 1411 1082 nec
1422 1060 1476 1092 per
1495 1049 1748 1088 misericordiam
1760 1048 1825 1082 Dei
1837 1050 1997 1091 aperiatur
2009 1050 2108 1095 plenae
2120 1052 2207 1095 pacis
2216 1052 2283 1093 via,

1351 1098 1384 1132 &
1399 1098 1551 1141 pristinus
1570 1110 1662 1134 amor
1682 1099 1764 1133 inter
1787 1098 2005 1134 Ecclesiam&
2031 1100 2137 1144 ipsum
2157 1100 2284 1146 penitus

1352 1150 1570 1183 reformetur-2.
2138 1151 2140 1153 ’
2222 1166 2226 1172 ·

470 244 880 286 EprsToLA
983 247 1181 285 CXXXI.

429 357 556 387 Henrtco
574 354 649 396 Regi
671 351 786 393 Angltae
823 347 981 381 ailbertus
1009 348 1215 391 Londonlcnfit
1281 328 1284 331 >

724 396 888 440 Episcopus
902 420 910 430 .

422 499 582 538 -ANTA
609 510 690 538 nos,
716 498 864 533 Domine
878 497 1141 534 mandatimoles
1156 499 1197 533 ad
1221 510 1291 543 prae·

355 575 357 579 -
464 554 534 586 sens
546 550 704 592 opprimit
717 573 728 590 ‚
754 558 843 583 tanta
855 550 887 583 se
896 546 991 582 nobis
1002 549 1183 584 authoritas
1193 560 1291 593 oppo-

348 602 397 637 nit
409 626 420 641 ‚
447 611 483 634 ut
494 601 667 635 consilium
681 598 1039 642 pariter&auxiliuma
1062 599 1155 633 vobis
1166 610 1290 642 expete-

345 663 380 686 re
391 652 514 685 summa
526 649 762 692 compellamur
782 647 980 682 necestitate.
1009 647 1098 683 Nam
1120 647 1208 693 quod
1231 660 1290 682 au-

346 700 486 735 thoritas
497 699 690 743 Apostolica
701 698 867 742 praecipit,
892 695 957 732 hoc
966 699 1141 742 appellatio
1163 710 1232 733 non
1245 699 1290 732 su·

346 751 495 795 spendit.
522 750 596 785 Nec
607 747 755 784 adversus
773 747 963 782 mandatum
977 749 1079 793 potest
1101 749 1206 783 ullum
1228 748 1291 782 effe

348 801 545 839 remedium,
577 810 653 834 cum
667 797 755 842 quod
766 797 946 841 praecipitur
958 798 1092 842 implere
1103 800 1225 833 neceffe
1235 798 1286 838 sit,

328 859 404 890 ,aut
428 849 658 885 inobedientia:
679 858 803 882 reatum
836 846 994 882 incurrere
1016 872 1024 881 .
1060 849 1129 883 Die
1149 858 1291 892 namque

348 900 443 936 Beati
468 899 583 941 Pauli,
619 909 694 933 cum
717 896 888 932 Londonii
910 898 951 932 ad
976 898 1089 933 Altare
1111 898 1291 932 consistere-

344 962 419 986 mus
434 974 446 991 ,
474 950 595 985 litteras
608 948 749 983 Domini
762 946 856 991 Papae
866 947 907 982 de
920 960 1020 982 manu
1044 948 1207 992 cujusdam
1234 959 1289 982 no-

345 999 396 1036 bis
418 1001 546 1044 penitus
557 999 663 1045 ignoti
675 997 893 1042 suscepimus,
919 997 1035 1042 quibus
1046 998 1168 1043 legatio
1190 999 1224 1032 in
1241 1007 1291 1032 to-

342 1059 413 1086 tam
435 1049 596 1095 Angliam
617 1073 629 1090 ‚
664 1056 803 1092 excepto
826 1047 1021 1083 Eboracenfi
1052 1049 1248 1093 Episcopatu
1276 1071 1288 1087 ‚

341 1099 496 1134 Domino
519 1099 741 1134 Cantuariensi
762 1097 954 1133 conceditur
980 1123 992 1139 ‚
1026 1098 1061 1132 &
1089 1098 1289 1132 authoritate

339 1148 555 1184 confirmatur
575 1173 582 1180 .
618 1147 785 1185 Omnibus
811 1148 910 1183 etiam
932 1148 1027 1183 nobis
1049 1147 1145 1191 ipsius
1177 1147 1287 1192 Regni

343 1198 514 1243 Episcopis
541 1198 652 1235 eadem
670 1197 872 1234 authoritate
894 1197 1099 1244 injungitur,
1129 1208 1287 1241 quatenus

338 1249 396 1289 ei,
424 1251 580 1294 tanquam
592 1248 792 1292 Apostolicae
813 1248 904 1286 Sedis
930 1249 1059 1292 Legato
1083 1273 1093 1289 ,
1120 1247 1289 1281 humiliter

343 1298 560 1337 obediamus,
583 1299 616 1332 ὅ(
640 1296 680 1331 ad
701 1297 768 1339 ejus
790 1298 1000 1331 vocationem
1022 1296 1143 1340 absque
1164 1305 1286 1331 contra·

340 1347 486 1384 dictione
507 1346 762 1384 conveniamus,
787 1347 820 1380 ὅ(
834 1347 924 1390 super
945 1345 997 1380 his
1006 1357 1076 1388 quae
1086 1348 1125 1380 ad
1140 1347 1285 1380 nostrum

343 1398 485 1442 spefiant
503 1397 674 1437 officium,
698 1397 729 1430 ei
751 1395 847 1439 plene
877 1397 1147 1438 respondeamus,
1175 1397 1288 1439 &quae

342 1436 512 1489 staFuerit,
537 1446 673 1482 firmiter
693 1445 893 1480 observanda
903 1446 1130 1489 suscipiamus.
1158 1445 1286 1489 Adjici—

341 1507 396 1533 tur
407 1499 505 1531 etiam
517 1519 528 1536 ,
554 1506 591 1530 ut
612 1505 743 1536 omnes,
769 1493 998 1540 quiBeneficia
1010 1494 1216 1529 Clericorum
1228 1496 1288 1530 Ar-

341 1545 399 1581 chi
411 1564 422 1571 ·
433 1545 586 1589 Episcopi
606 1545 641 1578 in
652 1554 766 1578 eorum
777 1544 920 1578 absentia
933 1543 1090 1578 mandato
1105 1544 1209 1578 vestro
1222 1556 1286 1588 per·

342 1606 497 1640 ceperunt
511 1620 522 1636 ,
549 1593 589 1630 ad
601 1593 733 1637 plenam
756 1604 870 1629 eorum
883 1593 966 1628 infra
976 1593 1059 1627 duos
1068 1594 1191 1628 menses
1203 1594 1286 1627 resti-

344 1647 508 1682 tutionem
529 1642 747 1679 anathematis
762 1642 920 1678 sententia
930 1668 941 1684 ,
966 1643 1061 1677 omni
1074 1643 1289 1687 appellatione

344 1706 470 1732 remota
486 1720 496 1736 ,
523 1693 758 1735 compellamur
772 1717 779 1725 .
806 1694 992 1727 Denarium
1004 1692 1104 1727 etiam
1127 1694 1218 1728 Beati
1231 1692 1287 1727 Pe·

344 1747 389 1782 tri
409 1743 632 1780 astartibus&
647 1741 862 1785 Coepiscopis
872 1742 988 1776 nostris
1012 1743 1212 1786 praecipimur
1222 1743 1289 1776 exi-

342 1807 420 1841 gere
442 1819 453 1836 ,
480 1795 512 1829 &
534 1792 678 1830 Nunciis
695 1791 864 1827 destinatis
885 1791 927 1826 ad
957 1802 1017 1826 nos
1042 1791 1168 1836 integre
1189 1792 1288 1825 consi-

346 1857 472 1892 gnare.
499 1844 639 1878 Litteras
661 1841 761 1876 etiam
773 1839 966 1886 Legationis
973 1841 1040 1885 jam
1052 1841 1144 1876 dielae
1159 1865 1169 1882 ‚
1194 1842 1226 1875 δε
1239 1841 1288 1875 lit-

344 1906 429 1931 teras
453 1891 744 1935 Archi-Episcopi
763 1915 775 1932 .
801 1902 880 1936 quas
900 1891 940 1927 ad
964 1890 1069 1935 plures
1099 1891 1290 1926 transmittit

347 1946 560 1988 Episcopus,
578 1942 652 1984 ipsis
671 1949 727 1975 aut
739 1941 870 1976 mittere
880 1951 936 1976 aut
955 1943 1140 1985 praesentare
1151 1941 1289 1984 praecipi-

348 2005 444 2034 mur,
467 1993 491 2027 fi
514 1993 548 2027 in
561 1991 664 2029 nostri
681 1991 779 2025 status
804 1991 839 2025 ὅ(
859 1991 984 2026 ordinis
1005 1991 1191 2036 integritate
1211 1990 1289 2023 ulte-

344 2046 413 2083 rius
459 2044 654 2087 perseverare
673 2051 842 2076 curamus.
871 2039 926 2075 Ad
949 2040 1046 2084 pedes
1069 2042 1178 2085 itaque
1198 2039 1289 2073 subli-

347 2093 473 2132 mitatis
485 2091 593 2127 vestrae
602 2091 700 2127 corde
711 2090 845 2135 postrati
855 2090 1084 2134 desperemus,
1119 2101 1161 2125 ne
1171 2089 1216 2125 ob
1226 2100 1291 2123 ma-

348 2156 416 2191 gna
428 2142 581 2188 negotia,
609 2153 677 2186 quas
690 2152 767 2176 cura
778 2141 884 2187 Regia
896 2140 1117 2175 subministrat
1128 2164 1139 2180 ‚
1160 2140 1293 2183 respice-

347 2193 586 2230 redesinatisin
597 2203 659 2227 nos
679 2216 691 2233 ,
717 2191 824 2227 sedne
845 2193 880 2225 in
894 2192 1053 2225 summam
1076 2189 1178 2224 nostri
1198 2190 1289 2234 igno-

347 2243 487 2281 miniam
497 2255 539 2279 ex
550 2251 624 2279 toto
634 2241 819 2288 redigamur
839 2240 874 2275 in
898 2239 1061 2279 nihilum,
1088 2239 1208 2283 pietate
1231 2238 1292 2272 Re-

346 2295 403 2341 gia
413 2293 628 2339 provideatis.
655 2292 759 2340 Qud
771 2290 905 2335 quidem
916 2289 1001 2323 bene
1012 2289 1138 2323 facietis
1148 2313 1159 2328 ‚
1169 2289 1191 2322 si
1205 2299 1294 2322 man-

346 2345 434 2381 datis
448 2341 648 2387 Apostolicis
668 2351 747 2385 pace
769 2340 869 2374 vestra
891 2338 1019 2373 obediri
1040 2338 1257 2374 concesseritis
1283 2361 1294 2378 ,

347 2394 520 2430 &reddito
531 2391 678 2428 Denario
701 2390 794 2425 Beati
814 2389 923 2429 Petri,
947 2390 980 2425 ὅ(
1004 2388 1141 2424 Clericis
1150 2400 1221 2433 quae
1240 2389 1294 2423 sua

349 2445 470 2478 suntin
481 2441 699 2477 misericordia
719 2439 818 2475 vestra
828 2439 1005 2481 restitutis,
1031 2439 1203 2483 Episcopis
1226 2449 1292 2472 om-

1455 1248 1862 1285 EPISTOLA
1965 1249 2219 1286 CXXXIHL'
2270 1300 2277 1308 Ἰ.

1402 1348 1510 1382 Abbati
1532 1348 1632 1381 Sanlll
1653 1349 1824 1382 Edem-ndi·
1849 1352 1994 1394 Joannes
2007 1352 2044 1385 de
2055 1350 2238 1385 Saresberlae.
2272 1356 2278 1400 ’ὴ

1437 1447 1694 1484 rCERoNEM
1720 1448 1752 1481 in
1763 1447 1910 1491 Epistola
1922 1449 1961 1484 ad
1975 1449 2174 1485 Marcellum
2188 1452 2291 1494 scrip-⁵

1462 1499 1528 1532 sisse
1538 1499 1672 1532 memini
1694 1522 1705 1538 ‚
1732 1499 1808 1542 quia
1818 1498 2098 1543 sapientisjudicio
2107 1501 2202 1534 refert
2219 1499 2293 1544 -plu-

1352 1547 1492 1587 timum,
1518 1548 1570 1581 cui
1590 1549 1662 1590 quis
1673 1547 1859 1592 obligetur.
1882 1548 1926 1584 Et
1937 1548 2064 1584 honesti
2086 1548 2169 1584 Viri<
2183 1548 2296 1594 gravat

1350 1605 1403 1630 tur
1424 1596 1552 1631 animus
1563 1622 1573 1637 ,
1598 1599 1729 1638 quoties
1738 1609 1814 1631 eum
1824 1607 1882 1632 aut
1891 1600 1936 1633 rei
1947 1598 2115 1633 familiaris
2123 1599 2289 1644 angustia,

1352 1656 1408 1679 aut
1428 1646 1583 1680 articulus
1603 1647 1759 1689 temporis
1791 1646 1840 1679 illi
1874 1647 2045 1681 constituit
2073 1647 2254 1695 debitorem
2271 1647 2293 1698 *p

1326 1721 1329 1723 >
1351 1707 1448 1741 quem
1458 1697 1541 1730 ratio
1554 1694 1733 1730 honestatis
1742 1695 1776 1729 δε
1787 1705 1916 1730 morum
1930 1695 2043 1730 titulus
2054 1696 2119 1732 coli
2134 1697 2287 1741 prohib-es

1351 1746 1401 1779 vel
1412 1746 1511 1779 amari
1527 1769 1534 1776 .
1562 1746 1606 1778 Et
1617 1744 1683 1779 hoc
1694 1745 1850 1787 quidem,
1878 1756 1914 1779 ut
1934 1746 2095 1787 arbitror,
2130 1747 2295 1792 eleganter

1351 1795 1384 1828 &
1398 1793 1468 1828 vere
1478 1792 1598 1828 dissum
1608 1794 1653 1826 est
1667 1816 1676 1825 .
1691 1793 1808 1839 ‘Qod
1819 1792 1842 1826 fi
1855 1793 1990 1828 fideliter
1998 1797 2173 1830 exauditur
2187 1821 2198 1836 ‚
2227 1806 2288 1831 nec

1350 1845 1368 1877 a
1382 1853 1500 1877 naturae
1521 1841 1728 1876 consortibus
1747 1842 1914 1876 vinculum
1938 1843 2135 1879 subtrahitur
2153 1846 2294 1883 charita·
2339 1851 2341 1854 “

1352 1894 1392 1926 tis
1407 1917 1418 1933 ,
1445 1904 1505 1927 nec
1519 1891 1801 1935 contemplatione
1811 1894 1967 1928 naturalis
1976 1896 2150 1937 consortii,
2176 1895 2291 1930 erroris

1351 1954 1480 1986 quoque
1491 1942 1737 1986 participatione
1756 1943 1959 1978 confoederat
1978 1945 2124 1980 moribus
2144 1945 2293 1980 diffiden-

1352 2002 1416 2026 tes.
1445 1992 1532 2026 Bene
1544 1992 1643 2036 igitur
1653 2003 1731 2026 cum
1743 1990 1793 2026 his
1814 1995 1944 2038 agitur,
1969 1995 2025 2038 qui
2051 1995 2084 2028 in
2098 1995 2224 2030 ratione
2244 2006 2293 2030 ao-

1353 2041 1438 2085 cepti
1454 2041 1604 2076 beneficii
1618 2042 1698 2076 viris
1709 2040 1853 2077 honestis
1870 2044 2077 2079 solummodo
2087 2045 2289 2091 obligantur.

1356 2091 1508 2139 Qiorum
1529 2116 1540 2132 ,
1576 2100 1612 2126 ut
1633 2091 1674 2127 de
1690 2093 1881 2127 testimonio
1916 2096 2121 2130 conscientiae
2143 2096 2257 2140 loquar
2279 2119 2291 2137 ,

1355 2153 1438 2176 unus
1450 2153 1512 2186 ego
1525 2143 1615 2181 sum,
1641 2152 1738 2185 quem
1759 2143 1884 2179 Divina
1902 2144 2056 2190 dignatio
2079 2145 2246 2180 inductum
2266 2145 2288 2180 ὲ

1356 2192 1493 2236 procella
1506 2192 1704 2236 tempestatis
1717 2190 1810 2236 hujus
1821 2219 1831 2235 ,
1856 2196 2052 2240 emergentis
2061 2193 2103 2230 a'b
2117 2195 2288 2239 Aquilone

1355 2253 1468 2277 contra
1481 2242 1655 2277 Ecclesiam
1666 2266 1677 2283 ‚
1702 2253 1770 2276 non
1783 2243 1926 2286 permisit
1936 2245 1998 2279 effe
2008 2256 2048 2279 ex
2058 2246 2155 2280 causa
2179 2244 2293 2280 libera·

1354 2292 1465 2331 litatis,
1479 2291 1562 2326 mihi
1573 2304 1630 2327 aut
1641 2294 1721 2327 meis
1731 2291 1895 2334 exhibitae,
1907 2294 2085 2329 multorum
2095 2293 2290 2334 debitorem,

1353 2353 1429 2376 cum
1449 2354 1558 2376 tamen
1579 2342 1656 2377 ante
1676 2343 1839 2386 obsequiis
1865 2345 1900 2378 ἀ
1922 2344 2088 2378 beneficiis
2112 2344 2293 2388 promerue-

1355 2393 1414 2426 rim
1427 2392 1548 2426 multos
1559 2416 1566 2423 .
1592 2392 1761 2435 Siquidem
1774 2392 1839 2433 jam
1849 2389 1941 2426 exilii
1955 2395 2017 2426 mei
2030 2405 2163 2436 quartus
2183 2396 2292 2439 agitur

1353 2453 1478 2482 annus,
1506 2441 1541 2474 δε
1561 2443 1673 2476 tertius
1695 2441 1940 2484 proscriptionis
1954 2466 1965 2481 ‚
2004 2452 2062 2476 nec
2081 2444 2207 2486 possum
2232 2444 2289 2476 nisi

1356 2503 1533 2536 paucorum
1546 2491 1610 2525 fide
1628 2490 1809 2528 amicorum
1822 2491 1871 2524 vel
1884 2491 2027 2533 pauca&
2049 2504 2145 2536 parva
2166 2491 2205 2526 ad
2224 2493 2294 2526 ani·

1355 2554 1447 2578 mum
1459 2542 1608 2576 reducere
1630 2541 1852 2575 monimenta.
1875 2541 1963 2586 Nam
1984 2540 2114 2583 plurimi
2128 2543 2163 2577 iu
2175 2541 2297 2577 Focini'

1356 2593 1508 2629 videntur
1521 2590 1665 2626 incidisse
1676 2591 1867 2624 sententiam
1880 2614 1890 2629 ‚
1917 2588 2060 2632 dicentis
2075 2604 2083 2623 :

1455 2646 1519 2676 Dat
1548 2650 1670 2682 pinnam
1688 2640 1815 2672 laudata
1823 2627 1925 2681 fidus,
1947 2639 2222 2684 cumsusttnetillos,

1456 2695 1539 2736 ,Quos
1554 2690 1683 2733 fhrtuna
1691 2695 1820 2731 premit.
1850 2694 1940 2724 Fatis
1953 2692 2074 2730 accede,
2103 2690 2241 2735 Deisque.

1456 2746 1502 2774 Et
1523 2743 1579 2774 cole
1597 2739 1699 2782 filices
1712 2764 1722 2780 ,
1747 2737 1866 2782 miseros
1880 2737 1976 2783 fuge.
2008 2742 2113 2775 sidera
2132 2747 2239 2775 terrra.
2280 2754 2285 2757 “

1458 2797 1498 2825 Ur
1517 2791 1628 2830 distant
1640 2815 1650 2830 ,
1674 2789 1838 2830 utflamma
1849 2791 1948 2828 mart,
1967 2788 2007 2831 fic
2026 2793 2096 2823 utile
2120 2792 2194 2824 ree]-
2206 2816 2214 2824 .

1459 2842 1556 2874 Nulla
1572 2840 1651 2883 fides
1671 2851 1800 2882 unquam
1820 2837 1938 2881 miseros
1960 2841 2044 2882 elegit
2064 2847 2190 2873 amicos.

1407 2892 1488 2926 Haec
1510 2889 1653 2934 profesto
1671 2888 1718 2923 est
1741 2886 1931 2932 prudentia,
1959 2889 2034 2923 Deo
2056 2892 2168 2932 procul
2192 2890 2294 2926 dubio

1360 2942 1496 2976 inimica
1518 2966 1528 2981 ,
1549 2940 1689 2975 mendax
1711 2963 1722 2979 ,
1749 2938 1842 2981 plena
1881 2939 2082 2981 turpitudine
2103 2963 2113 2979 ,
2141 2940 2293 2974 vitiorum

1361 3001 1463 3027 mater
1472 2992 1506 3025 ὅ(
1517 2991 1624 3025 nutrix
1634 3014 1644 3030 ,
1671 2989 1706 3023 δε
1716 2998 1815 3031 quam
1827 2999 1939 3031 parens
1951 2989 1984 3022 ὅ(
1994 2990 2091 3023 altrix
2114 2992 2268 3024 virtutum
2280 3013 2292 3029 ,

1361 3042 1394 3076 ἀ
1418 3040 1605 3076 officiorum
1633 3038 1830 3072 moderatrix
1859 3036 2073 3082 Philosophia
2106 3051 2174 3075 non
2193 3038 2297 3074 modo

1363 3091 1508 3126 fidelium
1520 3114 1531 3130 ,
1557 3088 1610 3125 sed
1620 3087 1719 3123 etiam
1731 3087 1921 3122 Gentilium
1937 3090 2103 3124 veriffimis
2114 3090 2150 3124 &
2163 3089 2294 3125 eviden-

1363 3141 1488 3176 tiffimis
1509 3134 1688 3175 rationibus
1709 3137 1845 3173 damnat
1865 3139 1899 3172 δε
1918 3137 2092 3173 detestatur
2114 3163 2121 3171 .
2156 3138 2296 3174 Praescti-

1364 3191 1412 3226 bit
1434 3189 1546 3230 enim,
1572 3187 1730 3232 quoniam
1752 3188 1834 3222 utile
1852 3187 1886 3222 &
1907 3187 2078 3222 honestum
2099 3189 2130 3221 se
2151 3189 2296 3232 praedica·

352 2493 452 2529 nibus
463 2490 692 2527 mandaverit-is
701 2510 728 2533 ,›
739 2499 775 2525 ut
784 2491 808 2523 si
822 2490 856 2524 in
873 2490 988 2525 litteris
1007 2489 1110 2524 Archi
1123 2508 1133 2514 -
1142 2488 1295 2532 Episcopi

350 2540 501 2579 'adversus
511 2542 620 2587 Regni
631 2539 884 2578 consuetudines
893 2551 1067 2584 gravamen
1088 2538 1225 2584 aliquod
1247 2539 1295 2572 in—

354 2594 562 2633 tellexerint,
588 2591 629 2626 ad
652 2590 840 2624 Dominum
865 2589 990 2633 Papam
1011 2589 1119 2624 statim
1139 2614 1150 2631 ,
1181 2589 1234 2623 vel
1255 2588 1296 2622 ad

356 2644 515 2688 Legatos,
544 2642 601 2685 qui
614 2640 799 2685 diriguntur
809 2637 850 2674 ad
862 2650 940 2680 νος,
967 2640 1168 2674 confidenter
1191 2639 1296 2683 appel-

358 2694 441 2728 lent.
472 2693 525 2725 sic
537 2691 626 2724 enim
637 2701 719 2732 opus
736 2690 961 2724 misericordiae
971 2690 1160 2733 perficietis,
1185 2690 1217 2724 δε
1238 2700 1299 2723 nos

359 2742 400 2777 ab
410 2739 639 2775 inobedientiae
648 2750 736 2774 reatu
748 2738 999 2781 conservabitis,
1025 2741 1061 2775 δι
1082 2741 1182 2774 causae
1193 2739 1298 2773 vestrae

350 2804 405 2827 *oe
423 2793 457 2826 in
472 2791 585 2834 aliquo
613 2788 845 2827 detrimentum
864 2789 1023 2834 accipiat,
1048 2789 1216 2825 communi
1230 2801 1295 2823 om-

362 2843 457 2879 niurn
468 2838 688 2885 appellatione
698 2837 912 2882 providebitis
922 2864 929 2871 .
957 2841 1087 2875 Doceat
1101 2851 1156 2874 vos
1180 2835 1300 2874 Domi-

361 2902 423 2928 nus
433 2893 537 2926 facere
557 2890 758 2923 voluntatem
780 2889 891 2927 suam,
918 2890 1032 2924 &eam
1057 2890 1220 2924 sublevare
1230 2901 1298 2924 mo-

350 2951 440 2979 ·neat
453 2964 464 2980 ,
476 2951 573 2984 quam
583 2938 622 2973 ad
635 2939 767 2982 praesens
776 2938 958 2981 experimur
971 2962 982 2978 ,
1006 2941 1206 2985 angustiam.
1237 2939 1302 2974 Va-

364 2992 429 3031 leat
439 2988 605 3028 Dominus
618 2999 708 3023 meus
717 2988 753 3023 in
763 2987 895 3023 Christo
904 2986 1102 3025 charissimus
1113 3015 1121 3023 .

466 3078 873 3125 Eprs’roLA
976 3088 1207 3125 cxxxrr.

394 3190 584 3230 vvz'lbelmus
609 3188 760 3232 Papienfis
772 3188 903 3223 Gilberto
919 3188 1114 3230 Londoniensi
1123 3188 1282 3233 Episcopo.

1366 3243 1456 3277 tione
1468 3249 1581 3274 mutua
1592 3238 1881 3279 circumscribunt,
1906 3237 2038 3272 utnihil
2061 3239 2161 3273 unius
2185 3239 2301 3274 admit·

1366 3301 1414 3326 tat
1433 3300 1578 3329 nomen,
1603 3288 1693 3331 quod
1716 3300 1783 3322 non
1808 3288 1842 3322 ὅ(
1865 3287 1995 3322 alterius
2004 3289 2114 3333 exigat
2130 3288 2297 3324 rationem.

1367 3342 1446 3376 Hoc
1466 3338 1630 3382 utriusque
1659 3338 1865 3372 Testamenti
1894 3337 2029 3372 adstruit
2050 3338 2168 3383 pagina
2186 3362 2198 3379 ,
2234 3336 2298 3372 hoc

1370 3390 1511 3426 consona
1534 3399 1616 3423 voce
1640 3387 1788 3422 Ecclefiae
1809 3387 1969 3422 Doctores
1993 3389 2165 3431 praedicant
2185 3410 2198 3427 ,
2221 3398 2301 3430 quo-

1375 3442 1462 3478 niam
1483 3450 1551 3486 quae
1567 3437 1739 3475 inhonesta
1759 3439 1793 3473 δε
1826 3437 1931 3484 turpia
1957 3438 2030 3474 sunt
2056 3463 2070 3482 ‚
2097 3436 2305 3519 dispergdiuni

2138 3497 2193 3532 qui
2217 3497 2269 3522 em

464 3289 674 3326 MIClTlAE
701 3289 809 3330 ratio,
834 3299 899 3331 qua
919 3288 1013 3322 vobis
1045 3286 1272 3333 adstringimur
1297 3313 1308 3329 ,

490 3338 747 3375 &illustrissimo
760 3339 845 3383 Regi
869 3337 1025 3382 Angliae‚
1054 3338 1211 3372 serviendi
1235 3340 1307 3373 dili-

376 3392 540 3439 gendique
551 3389 746 3434 propositum
759 3388 944 3422 nullatenus
956 3388 1198 3422 immutandum
1220 3389 1310 3432 pluri—

378 3455 430 3480 ma
443 3439 625 3490 persuadet,
652 3451 687 3475 ut
709 3438 760 3474 his
780 3449 851 3483 quat
860 3435 980 3474 horrori
1001 3440 1060 3474 suo
1071 3437 1219 3475 acvestro
1237 3451 1312 3475 con-
