2358 3776
386 129 490 167 ‘3122'

471 293 876 335 EPISTOLA
976 281 1130 331 ctv.'

369 400 490 441 Thomae
523 397 733 440 cantuariensi
765 393 1031 438 Archi-Episbopo
1050 396 1205 443 Jocelinus

569 445 789 490 saresberiensis
815 442 980 492 Episcopus
992 470 1000 480 .

434 600 606 637 ENIENS
631 598 673 636 ad
694 610 754 635 nos
768 595 958 634 Monachus
977 596 1111 642 quidam
1129 609 1172 636 ex
1186 609 1253 643 par-

446 662 480 687 te
500 651 624 693 vestra,
651 660 688 685 ut
717 648 894 690 asserebat,
932 649 987 684 sua
1011 648 1110 685 nobis
1129 648 1256 686 relatio-

316 713 359 739 ne
381 702 541 738 indicavit
561 725 573 742 ‚
598 698 687 745 quod
709 699 807 734 vestra
831 696 1012 736 sublimitas
1066 709 1104 734 os
1132 699 1256 744 gravis-

314 750 391 788 time
410 751 566 798 arguebat
585 751 626 786 de
647 751 774 795 Ioanne
791 749 833 784 de
855 751 1008 793 Oxenefo
1067 774 1079 791 ,
1125 749 1256 784 Clerico

314 803 348 837 ὃς
367 802 457 838 fideli
480 801 623 838 Domini
643 800 743 836 nostri
762 799 891 845 Regis,
917 801 953 834 in
975 799 1183 836 Decanatum
1205 801 1256 834 Sa·

313 852 541 888 resberiensem
564 850 719 889 admisso,
743 860 841 895 quem
864 849 1001 896 quidem
1014 851 1184 886 communi
1202 860 1254 884 vo-

312 898 351 938 to
371 904 406 937 ἀ
427 903 576 940 unanimi
599 902 720 937 assensu
745 900 880 943 capituli
901 900 1003 937 nostri
1024 898 1184 937 canonice
1194 899 1254 935 ele-

312 954 402 989 stum
433 954 629 996 suscepimus
658 976 669 993 ‚
703 951 736 985 &
757 949 933 987 secundnm
967 952 1079 987 Deum
1106 952 1139 988 &
1163 951 1254 995 juxta

309 1003 584 1040 consuetudinem
606 1001 755 1037 Ecclefiae
773 1001 1063 1043 confirmavimus,
1090 997 1257 1037 attenden-

310 1061 360 1088 tes
381 1065 423 1087 ex
444 1053 509 1089 hoc
529 1054 600 1098 ipso
633 1052 788 1096 majorem
809 1050 970 1089 inchoata
1000 1051 1185 1097 dilectionis
1205 1050 1256 1084 fir·

309 1102 459 1138 mitatem
475 1105 560 1139 inter
580 1104 767 1138 Dominum
791 1101 917 1148 Papam
931 1103 965 1138 δι
986 1102 1174 1139 Dominum
1197 1112 1256 1135 no·

307 1151 410 1188 strum
430 1153 559 1199 Regem
580 1162 811 1197 proventuram
829 1178 839 1186 .
877 1152 1003 1190 Vestrae
1037 1151 1255 1188 nihilominus

308 1203 542 1239 commoditati
561 1204 787 1247 prospicientes
806 1227 819 1244 ,
854 1212 891 1238 ut
911 1202 1033 1239 exinde
1054 1203 1095 1238 ad
1117 1202 1253 1248 gratiam

309 1252 454 1288 Domini
478 1253 579 1287 nostri
617 1253 720 1297 Regis
759 1253 1011 1295 promerendum
1031 1252 1160 1288 facilior
1189 1253 1254 1285 san·

308 1303 414 1338 nitati
432 1302 538 1337 vestrae
548 1312 671 1346 pateret
692 1301 834 1336 access'us
858 1325 870 1343 ,
896 1314 967 1337 non
988 1302 1097 1337 minus
1122 1299 1253 1348 quidem

307 1351 349 1387 de
374 1352 477 1388 vestra
499 1377 511 1393 ‚
547 1352 645 1396 quam
662 1351 705 1386 de
726 1351 867 1387 Ecclesia
887 1351 1112 1388 Saresberienli
1137 1376 1150 1394 ,
1177 1363 1254 1396 pace

305 1402 537 1443 reformanda,
563 1403 597 1437 &
614 1401 766 1438 libertate
779 1402 999 1437 conservanda
1025 1403 1201 1448 diligentes
1221 1402 1255 1436 δε

307 1452 444 1486 solliciti
461 1477 468 1485 .
495 1452 587 1499 Qia
610 1451 687 1485 vero
704 1452 850 1495 praefatus
866 1451 1054 1487 Monachus
1072 1451 1253 1487 inauditam

305 1501 523 1544 suspensionis
541 1501 735 1535 sententiam
748 1524 760 1540 ,
796 1510 863 1535 tam
889 1500 931 1536 ab
951 1502 1051 1546 omni
1068 1501 1253 1537 Sacerdota-

303 1550 351 1590 li,
379 1549 477 1594 quam
500 1547 686 1593 Episcopali
707 1550 831 1583 Officio
851 1550 887 1584 in
909 1561 971 1584 nos
995 1551 1188 1595 proposuit,
1212 1561 1255 1585 ne

306 1610 402 1635 tanto
422 1598 612 1645 gravamine
631 1599 825 1633 innocentes
840 1599 1119 1643 opprimeremur,
1146 1600 1256 1635 absen-

307 1660 375 1691 tes,
401 1660 471 1684 non
491 1649 615 1689 citati,
654 1647 838 1688 indefensi,
864 1660 933 1683 non
956 1650 1091 1686 confeffi
1112 1675 1124 1692 ‚
1149 1660 1255 1694 neque

305 1700 446 1735 convicti
474 1724 485 1740 ‚
522 1699 562 1733 ad
580 1696 688 1732 sedem
719 1696 955 1741 appellavimus
986 1699 1216 1743 Apostolicam
1246 1725 1253 1733 .

305 1752 352 1786 Et
385 1751 467 1785 ficut
493 1760 575 1785 tunc
604 1746 704 1783 verbo
725 1771 738 1788 ,
773 1747 820 1782 ita
837 1758 926 1785 nunc
947 1748 1067 1793 scripto
1083 1749 1120 1782 in
1151 1749 1252 1784 vestra

304 1801 468 1846 praesentia
489 1798 690 1844 appellamus
710 1821 722 1838 ,
757 1805 824 1831 tam
847 1798 998 1841 personas
1031 1797 1130 1842 quam
1150 1807 1254 1833 totam

305 1850 489 1886 Ecclesiam
508 1849 652 1883 nostram
675 1846 871 1892 protectioni
900 1848 994 1883 Beati
1017 1847 1107 1882 Petri
1130 1846 1163 1883 δι
1183 1848 1253 1882 Do-

305 1902 391 1937 mini
413 1899 506 1944 Papae
526 1898 772 1934 submittentes.
810 1897 952 1933 Noverit
969 1898 1128 1933 Sausiitas
1149 1897 1252 1933 vestra

305 1964 376 1987 non
398 1951 530 1986 modica
551 1960 613 1984 nos
633 1946 850 1984 admiratione
878 1947 1004 1982 moveri
1024 1972 1037 1990 ,
1061 1949 1255 1993 ceterosque

306 2001 402 2046 hujus
421 2002 466 2036 rei
488 2000 676 2041 auditore-s,
702 2007 772 2033 tam
791 1997 900 2032 subito
921 2007 1038 2039 motu,
1075 2007 1142 2032 tarn
1163 1998 1254 2032 seve-

305 2064 344 2087 to
364 2051 510 2094 judicio,
538 2061 607 2084 non
627 2048 704 2084 dico
725 2047 882 2093 praecipiti
902 2048 1094 2089 voluntate,
1121 2048 1253 2083 Patrem

306 2103 344 2137 in
366 2100 472 2134 filium
504 2100 628 2134 irruisse
650 2099 864 2134 innocentem
883 2122 895 2140 ‚
921 2098 1145 2139 immeritum,
1183 2108 1252 2132 non

306 2160 562 2190 contumacem,
587 2151 657 2184 non
675 2147 797 2189 tertio,
823 2158 893 2184 non
924 2146 1089 2189 secundo,
1116 2146 1169 2182 sed
1191 2158 1253 2183 nec

303 2201 403 2239 semel
423 2200 584 2240 citatum,
618 2207 656 2234 ut
676 2199 863 2243 praedictum
887 2197 955 2238 est,
981 2197 1172 2238 absentem,
1206 2197 1252 2230 in-

306 2252 498 2294 defensum,
523 2262 594 2286 non
617 2249 801 2284 confessum
830 2272 842 2289 ,
876 2257 947 2280 non
968 2246 1154 2280 convictum
1175 2256 1252 2280 con·

307 2303 472 2338 demnaffe
485 2325 496 2342 ‚
520 2308 558 2334 ut
580 2299 716 2333 vestram
739 2296 942 2340 prudentiam
954 2296 1132 2339 praeteriilse
1146 2295 1253 2330 videa-

308 2362 362 2388 tur
381 2351 465 2386 illud
502 2347 658 2394 Gregorii
679 2359 687 2379 :
720 2347 809 2388 Saept'*
831 2351 865 2380 in
877 2343 1033 2389 solvendis
1057 2356 1093 2380 ac
1121 2345 1254 2390 ligandis

309 2403 442 2448 subditis
461 2397 523 2443 suae
540 2400 706 2433 voluntati:
726 2404 823 2430 morus
846 2419 858 2436 ‚
895 2407 953 2429 non
982 2405 1082 2430 autem
1099 2393 1255 2439 causarum

308 2458 417 2487 merita
434 2448 568 2493 sequitur
588 2447 713 2487 Pastor,
733 2445 828 2489 ficque
848 2444 914 2489 ipsa
938 2446 1053 2490 ligandi
1074 2453 1162 2489 atque
1193 2444 1254 2490 sol-

311 2502 406 2538 v‘endr
423 2498 567 2543 potestate
578 2495 613 2540 ft
634 2502 765 2539 privat,
790 2501 841 2539 qut
860 2495 939 2534 banc
954 2503 1011 2539 pro
1027 2494 1087 2540 sua
1119 2497 1256 2530 volunta-

310 2561 339 2587 te
362 2577 373 2593 ,
412 2561 470 2585 non
485 2558 544 2593 pro
561 2545 746 2591 fitbditorum
765 2545 892 2580 moribus
923 2555 1039 2580 exercet
1060 2570 1072 2587 ‚
1107 2551 1157 2589 qui
1187 2557 1257 2590 erga

314 2601 473 2646 quemlibet
488 2603 660 2642 proximum
681 2597 747 2629 odio
766 2597 819 2630 vel
829 2599 936 2640 gratia
958 2604 1109 2631 movetur.
1138 2595 1255 2631 Confi·

300 2649 494 2692 ,derandum
515 2656 582 2682 erat
596 2670 608 2686 ,
632 2646 721 2689 quod
746 2645 904 2690 subjedios
920 2656 1044 2692 magno
1066 2645 1257 2682 moderami-

313 2712 358 2737 ne
380 2698 520 2743 pastores
547 2695 670 2730 solvere
693 2695 833 2731 debeant
853 2696 904 2731 vel
925 2695 1027 2741 ligare
1048 2720 1057 2729 .
1105 2696 1255 2741 Dignum

316 2760 385 2787 erat
401 2748 557 2782 memoria
579 2744 662 2778 illud
680 2744 862 2788 Augustini
881 2757 889 2777 :
918 2745 1040 2788 Cepisti
1054 2745 1176 2780 *babere
1187 2747 1255 2789 fra·

317 2811 396 2836 trem
417 2809 500 2833 raum
518 2797 664 2838 tanquim
686 2794 898 2838 publicanum,
923 2795 1000 2839 ligas
1023 2806 1089 2831 earn
1110 2802 1143 2829 tn
1162 2805 1254 2837 terra,

315 2850 373 2896 sed
387 2858 420 2883 ut
446 2846 527 2889 jafie*
555 2846 681 2888 auges,
707 2846 798 2879 vnde.
829 2843 916 2883 Nam
927 2845 1043 2889 injusta
1057 2846 1188 2882 vincula
1210 2847 1252 2881 di·

319 2908 478 2943 rumpunt
496 2895 650 2940 justitiam
664 2918 672 2926 .
698 2895 795 2929 Scitis
806 2895 882 2939 quia
902 2896 959 2939 qui
980 2896 1061 2931 dicit
1082 2896 1200 2942 justum
1212 2898 1255 2931 in-

318 2950 439 2995 §ustum
476 2970 489 2987 ,
513 2957 569 2980 aut
587 2946 643 2989 qui
664 2943 818 2987 injustum
839 2944 957 2988 justum
983 2968 994 2985 ‚
1030 2946 1256 2982 abominabilis

322 3002 439 3044 utique
458 2997 503 3032 est
517 3021 525 3029 .
554 2994 688 3029 Avertat
711 2994 880 3030 Dominus
900 2995 919 3030 a
940 2994 1035 3031 Patre
1052 3008 1127 3032 meo
1145 2998 1179 3033 ἂ
1191 2998 1257 3032 Do·

322 3050 439 3089 mino,
466 3058 507 3080 ne
524 3045 604 3089 quid
626 3044 685 3079 fibi
706 3045 748 3080 de
768 3043 1000 3080 phariseorum
1011 3048 1145 3083 assumat
1157 3050 1258 3093 super-

321 3100 426 3140 cilio,
453 3107 491 3132 ut
511 3097 561 3129 vel
586 3095 718 3131 damnet
737 3096 973 3136 innocentem,
999 3097 1049 3130 vel
1068 3098 1190 3133 solvere
1203 3110 1258 3133 no-

322 3151 419 3185 xium
438 3147 625 3182 arbitretur.
651 3146 749 3191 Legit
771 3144 919 3180 sanititas
939 3143 1037 3179 vestra
1069 3147 1110 3181 de
1127 3148 1255 3191 leprofis

324 3208 517 3244 praeceptum
537 3197 598 3230 effe
612 3220 624 3236 ,
650 3207 684 3231 ut
705 3197 736 3230 se
754 3194 929 3231 ostendant
952 3195 1200 3231 Sacerdotibus.-
1226 3198 1258 3232 &

324 3252 347 3284 {i
369 3251 490 3293 lepram
511 3246 705 3288 habuerint,
729 3245 837 3280 runca
859 3244 1032 3281 Sacerdote
1049 3246 1163 3280 mundi
1174 3247 1261 3283 fiant.

325 3299 423 3333 Prius
444 3297 593 3333 habenda
613 3308 681 3332 erat
709 3296 828 3331 notitia
849 3295 1041 3330 delictorum
1061 3321 1072 3336 ,
1105 3296 1264 3332 audienda

329 3351 463 3383 varietas
485 3358 714 3391 peccatorum,
738 3344 858 3380 exinde
880 3343 1050 3391 ligandum
1072 3357 1128 3381 aut
1141 3347 1264 3382 solven-

332 3397 432 3433 dum·
457 3399 568 3433 Nemo
586 3398 702 3440 enim,
725 3406 762 3434 ut
778 3396 825 3433 ait
849 3394 1029 3441 Gregorius
1048 3420 1062 3439 ,
1098 3407 1265 3442 praeprope·

996 104 1731 162 ‚EPISTOL'AE
1900 126 1903 128 ’
2100 125 2118 138 “

1328 195 1360 232 τὲ
1379 199 1431 235 vel
1452 197 1659 245 praepostere,
1684 198 1807 236 scilicet
1829 211 1898 236 non
1919 205 2140 242 commonitus
2162 204 2266 250 neque

1326 251 1514 291 convictus,
1533 249 1584 285 'est
1608 250 1801 292 judicandus
1822 274 1833 290 ‚
1870 251 2000 287 dicento
2017 257 2112 292 Sixto
2135 256 2223 301 Papa
2249 270 2258 291 :

1325 302 1439 335 Incerta
1457 311 1539 336 nemo
1559 312 1692 343 unquam
1713 300 1887 342 Pontificum
1896 303 2035 342 judicare
2061 306 2225 351 praesumat
2250 332 2258 340 .

1326 348 1369 384 Et
1386 352 1531 396 quamvis
1552 360 1626 386 vera
1646 351 1708 385 sint
1719 375 1732 393 ,
1758 361 1827 386 non
1847 361 1959 388 tamen
1977 352 2137 398 credenda
2145 358 2219 394 sunt
2244 382 2259 399 ‚

1324 398 1381 433 nifi
1412 412 1481 444 quae
1513 401 1608 436 certis
1628 400 1760 436 indiciis
1781 401 2037 446 comprobantur
2056 428 2068 445 ,
2114 406 2171 441 nisi
2189 419 2258 450 quas

1323 450 1490 486 manifeste
1510 451 1776 493 convincuntur,
1811 451 1869 486 nifi
1891 463 1961 496 quae
1979 453 2155 497 judiciario
2175 458 2263 492 ordi·

1323 511 1364 534 ne
1383 499 1590 544 publicantur
1608 526 1616 534 .
1646 501 1801 547 Denique
1821 527 1833 544 ‚
1860 501 1955 539 Pater
1973 503 2153 541 venerande
2171 528 2183 547 ‚
2220 518 2263 542 ne

1322 551 1438 586 fastam
1459 552 1713 597 appellationem
1733 553 1884 597 prosequi
1906 554 2142 599 compellamur
2161 579 2173 597 ‚
2198 566 2262 599 qua

1321 601 1485 643 possumus
1503 603 1538 638 δε
1569 601 1723 638 debemus
1743 603 1929 640 humilitate
1950 604 2120 642 Sanctitati
2151 604 2261 640 vestras

1320 650 1469 686 devotius
1492 653 1708 697 supplicamus
1730 677 1740 695 ‚
1777 663 1815 688 ut
1836 654 1936 690 nostri
1956 657 2061 700 gratia
2080 680 2093 698 ,
2129 664 2259 700 paterna

1320 701 1404 736 moti
1424 701 1628 746 miseratione
1648 726 1659 743 ,
1694 702 1859 738 sententiae
1877 705 2020 750 rigorem
2040 705 2076 740 in
2099 715 2161 741 nos
2178 729 2191 746 ,
2225 705 2261 742 &

1320 750 1354 784 in
1372 751 1534 795 Joannem
1627 764 1726 788 anum
1749 754 2018 790 Satesberiensem
2039 779 2052 798 ,
2086 755 2120 790 ὃ(
2150 754 2264 791 Eccle-

1320 801 1396 836 fiam
1420 803 1508 838 faeiat
1527 802 1573 837 mi
1588 803 1777 839 ericorditer
1796 805 1964 840 relaxetis:
1990 805 2026 839 &
2053 816 2126 848 quae
2139 805 2175 839 in
2195 813 2262 841 noe

1320 850 1369 886 bis
1388 853 1581 898 corrigenda
1603 852 1745 888 videritis
1767 865 1825 898 pro
1847 855 1924 891 loco
1943 856 2136 900 &tempore
2155 879 2166 895 ,
2191 855 2262 899 juxt

1319 911 1351 935 ta
1373 901 1490 938 statuta
1510 902 1667 944 Patrum,
1690 904 1724 939 δε
1747 905 1888 941 formam
1909 905 2091 942 Canonum
2101 915 2180 943 cum
2200 904 2258 941 de·

1320 950 1387 988 bita
1410 954 1618 989 veneratione
1637 954 1826 998 corrigatis.

1367 1000 1455 1036 Inter
1471 1001 1538 1038 haec
1549 1027 1561 1045 ,
1587 1003 1769 1038 venerande
1791 1002 1888 1039 Pater
1906 1027 1918 1046 ,
1955 1015 2061 1041 unum
2078 1006 2126 1041 est
2144 1030 2158 1048 ‚
2191 1013 2262 1051 quo

1319 1050 1497 1086 admodum
1517 1063 1687 1088 movemur
1705 1076 1718 1094 ,
1756 1063 1816 1087 nec
1837 1064 1897 1088 vos
1918 1054 2028 1090 minus
2048 1065 2181 1101 tangere
2201 1054 2258 1091 de-

1320 1100 1391 1137 bet:
1417 1101 1507 1147 quod
1525 1103 1544 1137 a
1562 1102 1678 1143 vobis,
1705 1111 1803 1138 tantae
1822 1101 2034 1139 authoritatis
2055 1105 2126 1140 viro
2145 1128 2157 1145 ,
2190 1115 2262 1142 eau-

1319 1152 1364 1186 tae’
1383 1151 1577 1187 maturitatis
1596 1153 1732 1197 persona
1745 1177 1756 1196 ‚
1793 1162 1888 1189 tanto
1920 1151 2017 1190 Patre
2035 1164 2075 1190 ac
2096 1154 2225 1198 pastore
2249 1176 2263 1197 ,

1319 1211 1416 1235 tantae
1437 1201 1602 1237 facilitatis
1622 1202 1806 1247 processerit
1827 1203 1961 1239 verbum
1978 1229 1990 1246 ‚
2017 1211 2054 1240 ut
2074 1204 2261 1241 Dominum

1319 1251 1353 1286 δε
1374 1251 1495 1295 Papam
1527 1252 1672 1286 nostrum
1699 1276 1710 1292 ,
1745 1253 1810 1287 five
1831 1254 1934 1289 alium
1956 1254 2051 1289 nobis
2081 1253 2257 1291 Praelatum

1317 1300 1534 1344 abjuraremus
1555 1302 1607 1336 vel
1629 1301 1883 1348 abnegaremus.
1911 1303 2007 1339 Abfit
2035 1314 2073 1339 ut
2092 1315 2155 1339 nos
2175 1304 2260 1340 adeo

1317 1349 1520 1396 derelinquat
1542 1350 1714 1387 Dominus
1734 1353 1768 1388 &
1802 1354 1987 1390 confundat
2008 1379 2015 1388 .
2040 1355 2152 1389 Deum
2170 1354 2264 1389 testa-

1317 1411 1389 1435 mur
1410 1402 1444 1437 &
1466 1402 1655 1440 veritatem,
1679 1412 1748 1446 quae
1768 1402 1860 1439 Deus
1878 1404 1924 1438 est
1936 1429 1948 1445 ,
1975 1404 2052 1448 quia
2070 1416 2132 1439 nec
2143 1415 2186 1439 ex
2204 1414 2264 1440 ore

1318 1451 1429 1485 nostro
1449 1451 1597 1496 processit
1619 1450 1685 1486 hoc
1711 1452 1848 1489 verbum
1875 1478 1887 1495 ,
1922 1465 1983 1489 nec
2007 1465 2050 1488 ex
2065 1455 2165 1489 corde
2183 1466 2258 1500 pro·

1319 1501 1457 1544 politum
1477 1525 1488 1541 ,
1523 1513 1584 1536 nec
1602 1502 1780 1546 quidquam
1799 1504 1819 1539 a
1841 1503 1940 1539 nobis
1957 1506 2065 1539 astum
2086 1503 2134 1539 est
2154 1527 2166 1545 ,
2207 1503 2262 1540 vel

1318 1550 1417 1585 etiam
1433 1553 1583 1586 exactum
1599 1576 1611 1592 ,
1635 1551 1728 1595 quod
1740 1552 1891 1590 adversus
1912 1553 2088 1590 Ecclesiam
2112 1553 2180 1589 Dei
2191 1555 2262 1590 fue-

1319 1599 1362 1633 rit
1375 1622 1388 1640 ,
1414 1601 1467 1634 vel
1488 1600 1579 1645 quod
1598 1601 1786 1636 Dominum
1810 1602 1932 1647 Papam
1950 1606 2001 1639 vel
2021 1603 2175 1639 Fra-,latos
2199 1614 2262 1639 no·

1320 1649 1402 1684 stros
1421 1649 1456 1683 in
1473 1650 1587 1694 aliquo
1607 1648 1755 1685 debuerit
1775 1651 1958 1687 offendere.
1988 1653 2099 1688 Unde
2112 1652 2266 1688 restoin-

1321 1710 1475 1734 vocamus
1492 1699 1753 1740 cicestrensem,
1787 1701 1821 1736 δε
1845 1701 2071 1737 Exoniensem
2087 1722 2100 1740 ,
2124 1701 2160 1736 dt
2183 1701 2266 1737 Lini·

1318 1748 1522 1783 colniensem
1541 1749 1746 1793 Episcopos,
1781 1751 1840 1793 qui
1863 1751 1897 1784 in
1918 1751 2095 1791 omnibus,
2121 1762 2191 1796 quae
2215 1751 2264 1787 di·

1318 1797 1425 1831 ximus
1443 1798 1477 1832 &
1496 1795 1633 1831 fecimus
1652 1821 1663 1838 ,
1690 1799 1907 1833 interfuerunt
1928 1823 1940 1840 ‚
1977 1800 2034 1834 ubi
2058 1801 2124 1835 Dei
2155 1801 2263 1845 gratia·

1319 1846 1445 1881 remissa
1470 1846 1517 1882 est
1556 1845 1653 1881 nobis
1677 1847 1711 1881 δε
1750 1847 1897 1884 Ecclefiae
1923 1848 2038 1884 nostra
2073 1849 2180 1895 Regia
2215 1850 2265 1885 inv

1318 1895 1470 1943 dignatio
1490 1922 1500 1931 .
1534 1895 1655 1934 Valeat
1682 1897 1718 1932 δε
1754 1898 1864 1944 vigeat
1901 1897 1997 1935 chara
2022 1899 2122 1935 nobis
2157 1900 2262 1936 vestra

1320 1947 1495 1992 paternitas
1509 1971 1518 1980 .

1496 2045 1526 2080 E
1551 2044 1579 2080 P
1604 2043 1621 2079 1
1645 2045 1668 2081 S
1690 2046 1729 2082 T
1753 2049 1788 2084 0
1815 2046 1844 2082 L
1870 2047 1905 2084 A
1995 2050 2036 2085 'C
2047 2049 2092 2086 V.

1481 2144 1603 2182 Tbomae.
1627 2147 1837 2190 Caneuarlenfi
1859 2148 1945 2184 Archi
1961 2148 2131 2196 -Epiftopo

1569 2199 1746 2242 Capitulum
1764 2197 1983 2243 Sat-esberiense
1993 2224 2004 2236 .

1411 2344 1448 2379 D
1474 2355 1535 2379 nos
1553 2346 1654 2388 usque
1685 2348 1832 2392 pervenit
1862 2348 2091 2385 discretionem
2123 2350 2262 2387 vestram

1438 2394 1472 2428 in
1490 2394 1690 2441 Episcopum
1714 2397 1863 2433 nostrum
1880 2399 2081 2442 gravaminis
2099 2412 2168 2435 non
2193 2412 2263 2436 mo-

1319 2443 1387 2479 dici
1409 2443 1530 2480 dediffe
1557 2446 1750 2482 sententiam
1771 2471 1784 2488 ,
1816 2447 1850 2483 δι
1872 2449 2054 2493 graviorem
2077 2449 2114 2483 in
2147 2451 2262 2485 Deca-

1321 2504 1402 2529 num
1422 2494 1569 2530 nostrum
1587 2507 1645 2532 vos
1665 2495 1798 2531 daturos
1820 2498 2018 2541 proposuisse
2034 2521 2043 2532 .
2081 2499 2257 2547 Qoniam

1319 2555 1399 2590 ergo
1416 2544 1627 2582 Praelatorum
1650 2546 1833 2581 nostrorum
1850 2556 2026 2592 gravamen
2049 2549 2196 2583 nostrum
2216 2560 2263 2584 re·

1321 2604 1488 2640 putamus,
1513 2595 1623 2631 statim
1645 2596 1710 2631 hoc
1735 2595 1850 2631 audito
1874 2595 1915 2631 ad
1931 2595 2046 2632 sedem
2070 2598 2261 2634 Romanam

1319 2645 1576 2690 appellavimus,
1603 2647 1638 2681 δε
1661 2648 1694 2680 in
1713 2647 1812 2681 vestra
1834 2647 1996 2691 praesentia
2025 2648 2225 2691 appellamus
2249 2671 2262 2690 ,

1319 2695 1512 2740 protectioni
1535 2695 1628 2731 Beati
1650 2696 1737 2731 Petri
1756 2697 1789 2731 &
1804 2696 1947 2731 Domini
1971 2697 2063 2740 Papae
2076 2698 2180 2733 nos&
2202 2698 2263 2733 Ec·

1319 2746 1448 2782 cleliam
1470 2745 1614 2780 nostram
1635 2747 1859 2782 submittentes
1895 2771 1903 2779 .
1932 2745 2050 2782 Valeat
2091 2746 2127 2782 ἀ
2147 2748 2258 2794 vigeat

1322 2795 1504 2832 Paternitas
1526 2797 1645 2832 vestra.

1481 2894 1892 2931 EPISTOLA
1989 2895 2101 2931 CVI.

1423 3002 1550 3036 Hemlco
1572 2999 1647 3040 Regi
1665 2996 1780 3040 Angliae
1802 2995 1955 3029 Gilbertus
1979 2997 2164 3032 Londonien-

1661 3044 1702 3087 fis
1727 3043 1888 3089 Episcopus
1900 3070 1908 3079 .

1431 3143 1748 3183 ENERABILEM
1776 3147 1908 3181 fratrem
1920 3146 2064 3182 nostrum
2074 3145 2264 3182 Dominum

1454 3196 1723 3233 Saresbetiensem
1748 3197 1945 3242 Episcopum
1976 3197 2082 3232 vestrae
2100 3223 2112 3239 ,
2149 3199 2268 3233 Domi·

1329 3261 1370 3285 ne
1391 3273 1403 3290 ,
1428 3247 1616 3283 sublimitati
1637 3245 1738 3291 digne
1759 3247 1914 3282 duximus
1926 3247 2232 3282 commendandum*
2252 3271 2261 3281 .

1328 3301 1439 3347 Qem
1468 3297 1564 3332 vobis
1584 3296 1699 3340 utique
1718 3296 1849 3332 fidelem
1874 3296 2028 3332 novimus
2045 3322 2056 3339 ‚
2092 3299 2127 3332 ἀ
2156 3296 2266 3332 chari-

1330 3358 1396 3385 tate
1410 3359 1478 3384 non
1497 3346 1568 3383 fieta
1597 3346 1718 3382 vestros
1737 3358 1793 3390 per
1811 3347 1924 3382 omnia
1945 3346 2122 3383 desiderare
2144 3347 2264 3381 succes-

1333 3400 1383 3435 sus
1403 3423 1415 3441 ,
1452 3396 1678 3434 indubitanter
1711 3397 1904 3442 agnovimus
1922 3421 1930 3429 .
1968 3397 2075 3434 Unde
2103 3396 2266 3440 Maiestari

2106 3446 2222 3493 Regiae
