2358 3776
526 107 569 151 s.
617 102 917 152 THoMAE
963 64 1370 151 CANTUA'Rl
1422 97 1558 154 ΜΒ.
1594 100 1651 156 V:

132 193 177 228 tis
188 160 585 235 meeiemediaquaerere,
609 189 795 224 ubisummi
817 187 942 223 consilii
955 185 1063 232 Ange-

131 242 341 276 lus‘salutaris
361 241 488 276 consilii
506 240 612 284 posuit
638 240 879 273 firmamentum
901 263 908 270 .
937 235 1063 271 Verum

131 286 175 326 ad
183 291 290 326 haec&
309 293 372 325 alia
384 290 486 326 debiti
501 290 602 325 nostri
621 289 730 323 officia
742 287 932 343 exequenda
955 298 1062 330 pecca-

132 344 174 379 tis
185 342 392 388 exigentibus
404 338 598 384 impedimur
607 363 620 380 ‚
648 338 789 373 maxime
801 349 876 373 cum
888 347 967 371 citra
979 338 1062 380 spem

131 394 282 430 omnium
292 392 440 438 graviora
453 390 550 424 solito
567 387 651 433 apud
664 400 728 423 nos·
741 390 774 423 δε
796 390 874 423 citra
895 397 955 421 nos
977 388 1061 421 scan—

132 444 204 479 dala
216 445 376 479 oriantur.
406 440 493 475 Cum
504 439 592 474 enim
613 438 684 482 post
696 438 816 473 multos
827 437 952 471 labores
973 437 1062 496 &to-

130 496 196 529 tius
207 496 274 528 fere
286 492 431 528 Ecclefiae
441 501 552 536 graves
570 488 750 528 molestias,
775 488 808 522 δε
832 487 924 521 illam
945 487 1059 544 stillim.

132 545 304 585 tudinem,
334 552 431 586 quam
457 540 491 574 in
527 539 663 574 sacrario
699 539 832 582 pectoris
858 537 954 571 vestri
976 539 1060 595 quali

131 597 273 630 Crucem
286 593 440 628 affiduam
455 589 632 634 portabatis
645 612 655 628 ‚
677 588 718 622 ad
728 597 839 632 pacem
851 587 1061 643 Cantuarien-

129 646 166 679 sis
187 643 313 679 Archi·
327 641 480 687 Episcopi
501 640 648 674 animum
665 637 804 693 gloriosi.
818 637 918 682 Regis
937 637 1060 682 Anglo-

129 706 202 730 rum
226 695 273 729 ad
289 703 396 738 preces
409 691 524 726 vestras
535 712 547 729 ,
569 689 702 731 &juxta
715 686 807 722 vestri
819 687 957 744 formam
968 699 1061 723 maii-

129 746 197 779 dati
214 745 339 779 Divina
360 742 532 777 clementia
554 737 735 773 inclinasset
757 761 769 777 ,
795 737 829 771 ὅ(
851 737 962 772 audita
985 750 1062 781 pace

127 795 280 829 omnium
304 793 466 827 bonorum
483 799 587 831 'voees
610 787 794 821 exultarent
817 788 851 822 ἀ
874 789 970 822 corda
992 813 1003 828 ,
1028 789 1062 822 &

127 845 194 888 ipse
208 842 448 878 Cantuarienfis
457 837 560 872 Archi
574 854 591 860 -
607 837 786 880 Episcopus
806 839 891 871 salvo
909 862 920 877 ‚
946 840 1024 873 sano
1051 863 1061 879 ‚

126 894 332 937 honestoque
351 898 537 925 commeatu
555 887 723 921 transiiffet
745 888 780 921 in
809 889 967 932 Angliam
992 913 1003 929 ‚
1029 889 1060 922 δε

123 944 285 979 omnesin
297 942 439 977 adventu
464 940 522 972 suo
542 949 658 972 vocem
679 937 892 980 jucunditatis
912 939 948 972 δε
973 937 1061 972 Can-

122 995 227 1029 ticum
241 992 497 1037 praestolarentur
515 989 631 1022 letitiae
642 1012 653 1027 ,
680 988 764 1022 versa
775 989 820 1021 est
835 987 869 1021 in
885 988 1004 1021 iustum
1018 1000 1060 1021 ci-

120 1042 212 1079 thara
231 1053 344 1077 eorum
358 1042 391 1074 δε
411 1049 536 1074 tantam
551 1037 664 1083 Regia
687 1038 876 1073 serenitatis
898 1038 1058 1094 perturba-

122 1094 251 1129 tionem
270 1117 281 1133 ,
307 1091 583 1131 afflictionemque
612 1087 824 1123 Ecclefiarum
851 1112 861 1128 ,
898 1089 1062 1131 totiusque

120 1143 325 1188 populisfere
344 1141 601 1184 desperationem
624 1139 829 1182 accepimus,
861 1149 929 1172 non
958 1139 1062 1193 possu-

120 1193 344 1239 musgraviter
357 1202 426 1226 non
445 1190 574 1223 dolere.
601 1190 692 1238 Qia
716 1188 857 1222 Domini
883 1188 988 1232 Regis
1013 1187 1061 1219 of-

119 1244 208 1280 fensa
219 1253 336 1277 omnes
347 1266 358 1282 ‚
381 1240 434 1284 qui
448 1238 505 1272 sub
515 1239 642 1272 ditione
652 1239 724 1280 ejus
741 1239 891 1271 Domino
903 1236 1062 1270 famulan-

122 1304 195 1332 tur,
221 1302 355 1338 gravat,
381 1288 713 1332 pariter&offendit:
740 1288 774 1318 ὅ(
799 1287 868 1326 ipso
893 1285 1061 1341 laborante

117 1343 280 1386 quiescere
303 1337 554 1374 necvolumus,
582 1345 643 1368 nec
664 1333 836 1367 debemus.
865 1333 954 1388 Qua
980 1344 1060 1391 ergo

118 1391 217 1425 semel
232 1391 316 1432 coepi
328 1414 339 1428 ,
366 1388 481 1429 loquar
493 1384 534 1419 ad
550 1385 734 1417 Dominum
751 1394 860 1417 meum
871 1408 881 1423 ,
911 1389 1058 1439 cumiim

117 1438 384 1486 pulvis&cinis.
413 1434 625 1474 Meminerit,
652 1434 759 1475 quaeso
782 1433 879 1467 Pater
900 1434 1059 1489 83.οᾶιῶ-

122 1505 200 1531 me,
226 1487 395 1534 prudentia
408 1485 530 1524 vestra,
558 1483 647 1527 quod
672 1483 785 1516 sancta
807 1484 961 1517 animalia
983 1494 1058 1517 ocu-

124 1546 174 1580 los
185 1536 402 1575 ante&retro
425 1534 576 1569 habentia
598 1532 842 1573 describuntur,
869 1534 902 1567 ἀ
917 1533 957 1567 ad
978 1533 1060 1567 defi-

119 1588 286 1641 gnandam
299 1585 496 1622 munditiam
517 1586 733 1623 animalium,
762 1587 894 1627 ungulz
919 1584 1057 1617 fissuram

122 1645 246 1690 Legis·
258 1639 436 1675 Latornon
454 1636 575 1674 tacuit,
600 1645 636 1669 ut
648 1635 681 1668 in
695 1635 820 1668 lumine
830 1634 1001 1687 multiplici
1014 1645 1056 1667 ar-

119 1694 192 1729 dnae
203 1689 407 1730 discretionis
417 1686 574 1723 subtilitas
587 1709 597 1726 ,
622 1686 654 1719 ἀ
669 1686 702 1719 in
714 1685 829 1721 fissura
844 1687 974 1731 ungulae
996 1696 1058 1718 cre·

121 1744 198 1779 di'tae
209 1740 307 1778 nobis
324 1737 574 1783 dispensationis
598 1736 805 1772 moderamen
840 1737 1058 1794 suaviffi'mDum

120 1786 324 1842 designetur.
350 1789 406 1823 Ad
433 1789 499 1823 baec
518 1788 536 1822 ὲ
557 1796 667 1822 mente
693 1787 793 1822 vestra
816 1798 883 1821 non
897 1787 1020 1820 excidit
1047 1812 1057 1827 ,

117 1835 206 1889 quod
233 1841 289 1877 ubi
312 1841 492 1876 multorum
518 1829 1056 1883 stragesapparet>detrahendum

115 1895 161 1930 est
177 1892 336 1929 severitati
356 1891 389 1926 in
406 1888 550 1934 pluribus
564 1912 574 1927 ‚
601 1889 633 1921 ὅ(
646 1887 818 1922 occasione
831 1887 928 1920 unius
954 1888 1057 1943 perso-

114 1956 161 1979 nae
175 1954 244 1979 non
257 1951 389 1986 oportet
401 1949 504 1974 totam
518 1938 654 1971 domum
669 1937 810 1970 Domini
832 1947 966 1970 concuti
987 1946 1053 1968 tam

115 1984 434 2040 graviter&turbari
449 2015 457 2029 ,
487 1988 656 2032 presertim
667 1987 741 2020 cum
762 1985 856 2031 Rege
881 1997 1054 2042 peccante,

119 2045 143 2079 si
159 2036 247 2078 viatn
258 2041 346 2087 pacis
356 2037 598 2075 cantuariensis
609 2037 797 2081 agnosceret
809 2060 820 2076 ‚
847 2037 881 2070 ὃ(
903 2036 1053 2080 diligeret

117 2087 289 2140 agnitam,
316 2090 388 2135 plus
411 2087 585 2123 universali
604 2087 675 2130 paci
700 2086 864 2126 Ecclesiae,
893 2086 964 2129 plus
985 2097 1052 2128 pro-

114 2144 198 2190 prib'
228 2150 284 2187 pet
304 2139 588 2174 mansuetudinem
624 2136 797 2170 discretam
834 2136 1014 2170 consuleret
1040 2159 1050 2175 ,

116 2194 214 2239 quam
228 2187 541 2226 comminationibus
563 2186 782 2225 coruscando,
809 2186 987 2220 &omnem
1002 2196 1050 2242 po·-

117 2242 241 2279 testatis
251 2243 313 2276 suae
323 2240 465 2285 rigorem
476 2234 660 2272 exercendo
670 2236 818 2279 proficiat
829 2259 836 2268 .
864 2235 918 2269 De
939 2246 1052 2293 caetero

118 2305 180 2327 nee
199 2301 344 2330 novum,
374 2300 432 2323 nec
453 2289 572 2322 mirum
593 2285 639 2320 est
661 2310 673 2327 ,
701 2285 881 2320 humanum
904 2296 1050 2319 animum

116 2342 190 2378 falli
206 2343 257 2377 vel
269 2341 397 2375 fallere.
429 2338 483 2372 Ad
496 2347 670 2380 utrumque
692 2335 801 2380 posuit
822 2336 918 2370 nobis
938 2346 1049 2369 caute—

117 2383 183 2428 lam
196 2391 308 2435 magni
320 2389 444 2423 consilii
454 2387 603 2431 Angelus
615 2386 726 2419 dicens
743 2399 754 2418 .·
781 2385 1050 2441 Estoteprudentes

107 2442 181 2486 ficut
187 2439 340 2485 serpentes
354 2464 365 2480 ,
391 2436 576 2479 &fimpli'ces
585 2435 659 2476 ficut
671 2434 825 2468 columbae.
855 2435 964 2469 Miror
987 2446 1048 2478 qua

114 2490 319 2536 impudentia
340 2488 443 2528 vestre
463 2489 500 2521 lit
523 2484 684 2520 serenitati
708 2484 892 2530 suggestum
922 2485 1048 2542 Regem

111 2542 320 2587 Anglorum,
345 2537 378 2571 ὅ(
392 2535 532 2569 Domini
547 2534 648 2578 Regis
670 2535 902 2579 Anglorum&
926 2534 1048 2569 Princi-

109 2593 158 2635 pis
170 2589 269 2624 nostri
293 2587 415 2621 Filium
441 2584 671 2629 professionem
700 2584 965 2617 consecrationis
988 2587 1048 2619 suae

113 2651 259 2684 tempore
285 2637 431 2672 debitam
461 2646 528 2668 non
556 2634 686 2673 fecisse,
712 2632 744 2665 &
766 2632 983 2676 juramentum
1006 2635 1047 2669 de

113 2690 305 2734 quibusdam
317 2683 609 2722 consuetudinibus
620 2682 849 2716 conservandis
860 2684 1044 2726 praestitiffe.

114 2741 153 2775 ln
180 2740 276 2775 unius
302 2735 476 2782 negatione
491 2758 502 2775 ,
528 2734 562 2767 &
587 2731 804 2766 affirmatione
824 2732 956 2767 alterius
978 2736 1044 2777 pari

116 2780 325 2834 malignitate
353 2787 532 2831 quassatum
556 2808 563 2815 .
602 2783 690 2817 Dico
710 2782 796 2816 enim
818 2782 912 2817 vobis
933 2795 1043 2819 coram

113 2841 191 2874 Deo
206 2842 239 2872 in
254 2839 400 2873 animam
411 2846 515 2868 meam
530 2858 541 2874 ‚
567 2831 654 2876 qued
665 2833 893 2876 professionem
907 2834 924 2866 ὲ
939 2833 1045 2877 pra-di·

113 2892 167 2924 {io
181 2888 330 2922 Domino
348 2886 441 2929 Rege
451 2885 565 2918 factam
578 2883 688 2916 audivi
700 2882 732 2916 in
758 2882 905 2925 publico.
936 2885 1042 2928 Deju-

113 2948 263 2973 ramento
285 2946 392 2971 autem
406 2945 464 2968 nec
478 2933 546 2977 post
557 2934 835 2967 consecrationem
848 2957 858 2973 ,
885 2946 945 2968 nec
965 2946 1044 2969 tein-

113 3000 192 3034 pore
212 2985 464 3021 consecrationis
494 2984 592 3026 usque
623 2984 656 3017 in
685 2983 767 3017 hanc
791 2983 881 3016 diem
916 2986 1043 3020 auribus

112 3039 195 3075 meis
218 3037 268 3070 vel
292 3035 461 3069 modicum
484 3031 615 3067 verbum
640 3032 802 3067 insonuit.
830 3033 868 3066 In
891 3034 1043 3069 omnibus

112 3090 184 3128 his,
209 3087 305 3121 Pater
334 3085 470 3123 Sancte,
497 3083 611 3127 vigilet
633 3085 666 3118 ὅ(
690 3083 855 3128 provideat
878 3085 984 3119 sansta
996 3087 1041 3119 di-

112 3139 229 3174 scretio
242 3136 344 3171 vestra
358 3158 369 3174 ,
395 3144 431 3167 ut
443 3133 589 3176 quaeratis
600 3132 631 3166 ἃ
652 3135 772 3179 rogetis
784 3144 854 3176 quai
866 3133 905 3169 ad
928 3147 1039 3178 pacem

111 3191 188 3225 sunt
202 3183 434 3231 peregrinantis
448 3182 670 3223 Hierusalem,
697 3195 738 3218 ne
760 3186 863 3226 major
878 3186 911 3218 in
936 3185 1040 3219 Eccle.

106 3242 148 3275 fia
168 3237 233 3275 Dei
245 3237 371 3270 scissura
393 3234 450 3268 fiat
469 3232 501 3265 &
519 3233 665 3276 gravior.
692 3234 838 3277 Tempus
847 3234 912 3273 est,
940 3236 1041 3270 Reve-

111 3288 294 3325 rendiffime
306 3286 400 3319 Pater
413 3308 424 3324 ,
450 3282 685 3317 ostendendi&
695 3286 862 3319 exercendi
873 3286 956 3318 circa
968 3284 1039 3319 cha-

110 3340 266 3376 riffimum
279 3336 401 3371 Filium
412 3344 505 3368 tuum
529 3331 681 3366 illustrem
705 3333 828 3379 Regem
853 3335 1040 3379 Anglomm

113 3388 311 3434 Apostolicae
331 3386 448 3418 viscera
461 3382 644 3424 charitatis,
670 3393 704 3417 ut
725 3385 754 3418 ei
767 3385 954 3428 respondeat
976 3397 1042 3419 ma-

114 3438 290 3486 nejustitia
318 3437 395 3475 sua,
423 3432 617 3473 humilisque
643 3433 675 3465 δε
703 3444 849 3480 prompta
870 3434 1003 3472 devotio
1029 3459 1054 3480 ,A

213 3485 317 3527 christ.
338 3488 417 3528 Lupi
438 3486 535 3526 Opera
558 3486 635 3518 Tom.
657 3485 696 3516 X.

1069 1390 1078 1925 l

1648 8 1656 30 ,⁶

1904 127 1968 173 38
1975 132 1996 163 ι·

1127 198 1224 233 quam
1234 184 1330 220 vobis
1341 187 1375 221 ἀ
1388 186 1535 222 Eeciefiae
1557 190 1713 227 Romaim
1736 200 1882 241 tempore
1897 201 2053 244 opportno‘

1130 251 1174 273 no
1185 234 1334 271 exhibuit
1345 261 1356 277 ,
1382 248 1418 271 ut
1429 239 1463 272 iu
1473 239 1576 275 sinum
1589 241 1681 276 suum
1694 243 1886 288 Apostolico
1909 252 2055 293 moderat

1128 288 1217 323 mine
1227 297 1438 323 convertatur
1453 313 1460 321 .

1226 386 1633 426 EPISTOLA
1710 393 1965 436 LXXVIII.

1202 484 1394 524 Alexandro
1411 489 1506 535 Papae
1515 490 1708 527 Ludovlcus
1729 494 1803 530 Rex
1825 495 1988 533 Francia.

1177 589 1348 623 Alexandro
1374 593 1430 623 Dei
1453 597 1557 635 gratia
1577 590 1692 634 ficmmo
1720 595 1856 638 Pontifici
1875 621 1886 638 ,
1914 599 2012 633 Ludo-

1229 644 1315 671 vtcus
1341 641 1443 673 cadem
1464 649 1566 685 gratia
1591 647 1775 678 Francorum
1801 650 1890 687 Rex,
1910 646 1968 690 sa-

1300 689 1414 731 lutem,
1440 693 1476 725 (9⁸
1495 692 1627 726 debitam
1653 700 1854 729 reverentiam
1869 721 1877 729 .

1126 786 1245 871 AB
1273 785 1421 824 humanae
1442 793 1571 835 pletatis
1590 794 1681 840 Lege
1702 794 1824 831 recedit
1847 797 1974 840 Filius,
1999 799 2059 845 qui

1242 839 1383 873 Matrem
1395 841 1563 882 deturbat,
1592 855 1699 888 neque
1720 846 1886 882 Creatoris
1906 847 2061 886 beneficii

1097 902 1102 908 x
1124 887 1360 929 reminiscitur,
1386 893 1441 934 qui
1455 894 1577 927 sanem
1590 894 1736 930 Ecciefiae
1753 896 1842 931 illata
1855 899 2061 942 turpitudine

1124 947 1191 970 non
1215 938 1375 972 tristatur.
1405 940 1510 977 Unde
1530 945 1699 987 specialius
1722 946 1767 980 est
1789 948 2058 994 condolendum,

1123 987 1155 1021 ἀ
1169 987 1349 1023 novitatem
1366 989 1491 1026 doloris
1503 995 1622 1029 excitat
1636 996 1783 1031 inaudita
1796 998 1925 1033 novitas
1936 1000 2059 1046 frude-

1123 1036 1245 1071 litatis:
1273 1040 1431 1083 quoniam
1444 1043 1478 1076 in
1501 1045 1653 1079 Sanstum
1679 1047 1742 1082 Dei
1778 1046 1948 1094 insurgens
1971 1051 2064 1085 mali-

1121 1088 1253 1130 gnitas,
1279 1088 1312 1122 in
1337 1091 1493 1133 pupillam
1518 1092 1661 1137 Christi,
1687 1093 1836 1141 gladium
1863 1100 1975 1135 infixit
1992 1126 2004 1142 ‚
2027 1101 2062 1136 δι’.

1124 1137 1286 1172 lucernam
1300 1138 1541 1177 Cantuarienfis
1554 1144 1722 1189 Ecclefiae,
1751 1158 1896 1183 nontam
1923 1150 2081 1186 crudeli-⁴

1124 1187 1275 1229 tei-quam
1287 1192 1605 1237 turpiterjugulavit.
1637 1197 1804 1232 Excitetur
1826 1200 1991 1244 exquifitae
2004 1212 2061 1246 ge-

1127 1237 1346 1278 nusjustitiai,
1372 1240 1556 1278 denudetur
1574 1245 1703 1289 gladius
1726 1246 1812 1282 Petri
1837 1249 1871 1283 in
1896 1250 2060 1286 ultionem

1123 1284 1368 1320 Cantuariensis
1379 1289 1537 1331 Martyris
1551 1316 1564 1331 ,
1587 1294 1665 1333 qnia
1676 1297 1807 1337 sanguis
1818 1297 1887 1337 ejus
1907 1310 1967 1340 pro
1986 1301 2061 1334 uni-

1123 1334 1366 1370 versaliclamat
1379 1337 1516 1373 Ecclesia
1531 1363 1542 1379 ‚
1569 1351 1635 1374 non
1659 1351 1727 1376 tam
1751 1344 1831 1386 fibi,
1858 1347 1957 1390 quam
1982 1349 2063 1383 uni·-

1125 1385 1216 1417 versae
1232 1384 1377 1419 Ecclefiae
1388 1398 1589 1431 conquerens
1609 1391 1650 1424 de
1674 1392 1814 1427 vindista
1827 1419 1834 1426 .
1863 1396 1907 1429 Et
1918 1408 1995 1431 ecce
2017 1397 2058 1432 ad

1122 1433 1284 1467 tumulum
1301 1434 1471 1479 Agonistae
1484 1461 1494 1476 ,
1520 1447 1556 1470 ut
1570 1441 1746 1474 revelatum
1760 1444 1804 1476 est
1820 1443 1933 1484 nobis,
1964 1447 2059 1481 Divi-

1122 1493 1161 1515 na
1185 1484 1218 1515 in
1243 1485 1409 1519 miraculis
1431 1487 1591 1521 revelatur
1612 1494 1738 1532 gratia,
1765 1492 1798 1526 δε
1823 1493 1994 1530 Divinitus
2007 1497 2062 1532 de-

1122 1534 1314 1567 monstratur
1335 1558 1346 1574 ‚
1383 1534 1437 1568 ubi
1464 1535 1615 1572 humatus
1644 1541 1813 1583 requiescit
1836 1567 1848 1583 ‚
1884 1556 1943 1588 pro
1966 1558 2058 1590 cujus

1125 1583 1256 1617 'lomine
1278 1583 1467 1619 decertavit.
1497 1587 1632 1623 Latores
1645 1590 1722 1624 vero
1732 1591 1937 1633 praesentium
1962 1595 2059 1633 Patre

1120 1632 1224 1666 orbati
1240 1633 1345 1668 vestrae
1356 1635 1466 1676 pietati
1481 1636 1592 1672 seriem
1608 1640 1824 1683 indicabunt,
1850 1644 1884 1677 δε
1906 1646 2058 1682 testimo·-

1122 1683 1177 1716 nio
1196 1684 1340 1718 veritatis
1348 1695 1457 1718 aurem
1477 1687 1676 1722 mitiffimam
1690 1689 1841 1726 adhibete
1852 1718 1863 1732 ‚
1892 1695 1925 1728 ἃ
1938 1705 2003 1730 tam
2017 1699 2062 1733 de

1123 1734 1183 1768 isto
1195 1735 1353 1778 negotio,
1381 1735 1478 1777 quam
1504 1736 1544 1771 de
1567 1738 1639 1771 aliis
1659 1738 1734 1783 ipsis
1750 1765 1760 1781 ‚
1786 1744 1941 1787 tanquam
1964 1747 2062 1783 nobis

1119 1784 1259 1818 credite.

1218 1883 1630 1922 EPISTOLA
1732 1890 1964 1931 LXXXIX.

1122 1985 1288 2018 Alexandro
1319 1988 1415 2028 Papae
1447 1988 1624 2032 arnulphus
1662 1993 1850 2037 Lemniensis
1890 1999 2058 2046 Episcopus

1332 2037 1396 2078 post
1419 2047 1539 2073 mrtem
1557 2042 1661 2076 sandi·
1686 2044 1805 2080 Thomae
1822 2073 1829 2080 .

1119 2134 1286 2218 CUM
1311 2138 1397 2181 apud
1410 2137 1538 2185 Regem
1564 2143 1710 2179 nostrum
1724 2148 1839 2189 pariter
1861 2155 2055 2198 congregati

1226 2187 1266 2220 de
1287 2189 1414 2232 magnis
1439 2189 1589 2226 Ecclefiae
1607 2217 1619 2233 ,
1647 2198 1805 2241 regnique
1830 2203 1971 2246 negotiis
1994 2215 2055 2238 tra·

1117 2235 1228 2267 &amri
1251 2237 1475 2279 crederemur,
1505 2242 1627 2276 subitus
1650 2256 1712 2279 nos
1729 2247 1769 2281 de
1789 2248 1942 2286 Domino
1967 2252 2056 2288 Can·

1117 2285 1264 2319 tuarienfi
1274 2297 1384 2319 rumor
1397 2286 1598 2324 lamentabili
1621 2304 1756 2329 rnoerore
1776 2300 1917 2339 perfudit
1933 2325 1945 2341 ,
1970 2301 2053 2338 aden

1117 2345 1149 2367 ut
1162 2335 1196 2366 in
1210 2346 1382 2369 momento
1399 2338 1548 2373 securitas
1561 2340 1594 2373 in
1621 2341 1781 2384 stuporem
1794 2369 1805 2385 ‚
1834 2350 1868 2383 ὅ(
1888 2353 2053 2388 consulta-

1115 2386 1405 2429 tionesinsuspiria
1417 2397 1632 2422 verterentur.
1662 2392 1723 2424 Pei·
1744 2395 1872 2438 aliquos
1894 2402 1982 2434 enirn
2006 2403 2047 2436 ab

1117 2434 1234 2478 Anglis
1245 2445 1438 2470 revertentes
1453 2446 1538 2470 certa
1551 2437 1711 2473 relatione
1732 2441 1928 2487 didicimus,
1956 2451 2047 2493 quod

1113 2484 1246 2525 quidam
1261 2485 1489 2526 inimiciejus,
1515 2486 1654 2527 crebris,
1682 2500 1718 2523 ut
1741 2492 1891 2534 aiebant,
1917 2509 2048 2535 exacer-

1112 2533 1298 2568 bationibus
1311 2535 1348 2567 ad
1369 2533 1567 2569 iracundiam
1587 2536 1621 2570 &
1639 2541 1814 2577 amentiam
1838 2551 2003 2587 provocati
2031 2575 2044 2592 ,

1110 2584 1271 2618 temerein
1293 2595 1368 2617 eum
1391 2583 1570 2627 irruptione
1593 2588 1695 2629 fasta,
1723 2595 1811 2635 quod
1837 2595 1902 2630 sine
1925 2599 2041 2635 dolore

1109 2633 1214 2668 dicere
1235 2645 1302 2667 nori
1319 2633 1486 2676 possumus
1510 2646 1570 2669 nec
1582 2636 1759 2682 debemus,
1787 2647 1952 2686 personam
1976 2650 2046 2693 ejus

1108 2682 1288 2728 aggredi&
1318 2684 1481 2719 trucidare
1500 2686 1673 2722 crudeliter
1706 2692 1910 2733 perstiterunt
1938 2723 1945 2730 .
1987 2700 2042 2735 Ad

1107 2732 1206 2777 Regis
1214 2730 1356 2776 denique
1376 2736 1530 2770 notitiam
1542 2747 1654 2772 rumor
1675 2740 1832 2778 infaustus
1844 2747 2037 2790 quibusdam

1103 2782 1332 2826 perferentibus
1357 2786 1555 2828 penetravit:
1596 2788 1753 2831 quoniam
1777 2795 1806 2827 ei
1839 2806 1908 2830 non
1944 2799 2039 2834 licuit

1105 2835 1276 2877 ignorare,
1304 2833 1392 2877 quod
1402 2834 1442 2870 ad
1454 2836 1521 2879 ejus
1533 2836 1708 2873 vindiciam
1718 2841 1787 2883 jure
1811 2846 1976 2888 potestatis
2000 2850 2036 2884 δε

1101 2882 1204 2927 gladii
1223 2883 1391 2918 videbatur
1413 2886 1580 2929 specialius
1600 2891 1758 2931 pertinere
1780 2918 1787 2925 .
1825 2896 1894 2944 Qi
1928 2898 1998 2932 stati

1103 2935 1135 2966 in
1157 2933 1269 2976 primis
1284 2934 1415 2968 nefandi
1428 2937 1587 2971 sermonis
1607 2939 1710 2973 initiis
1723 2941 1763 2975 ad
1787 2955 1899 2979 omnia
1914 2947 2038 2982 lamen·

1103 2984 1311 3017 rationum&
1335 2985 1583 3022 miserationum
1606 2998 1722 3032 genera
1745 2997 1932 3037 conversus,
1972 2996 2039 3032 Re-

1101 3032 1189 3076 giam
1200 3032 1325 3076 prorsus
1337 3034 1540 3078 Maiestatem
1566 3038 1651 3080 quasi
1674 3039 1785 3074 cilicio
1807 3044 1984 3080 immutans
1999 3049 2033 3082 ὅ(

1100 3085 1207 3116 cinere
1232 3107 1243 3123 ‚
1283 3085 1390 3119 multo
1409 3085 1524 3119 fortius
1545 3084 1703 3123 Amicum
1724 3090 1876 3128 exhibuit
1896 3120 1908 3136 ,
1935 3097 2033 3139 quam

1104 3133 1308 3176 Principem,
1336 3134 1464 3178 stupens
1488 3136 1696 3173 interdum&
1714 3142 1784 3184 post
1808 3142 1969 3186 stuporem
1992 3144 2033 3179 ad

1101 3185 1239 3226 gemitus
1249 3186 1385 3219 acriores
1398 3208 1407 3223 ‚
1429 3183 1462 3216 &
1474 3184 1654 3221 acerbiores
1664 3191 1892 3227 amaritudines
1906 3195 2030 3229 revolu-

1100 3243 1170 3266 tus.
1199 3233 1322 3268 Tribus
1337 3232 1400 3267 fere
1410 3233 1525 3268 diebus
1535 3237 1752 3274 conclususin
1765 3241 1942 3283 cubiculo,
1968 3256 2030 3280 nee

1099 3282 1209 3317 cibum
1222 3295 1333 3327 capere
1345 3307 1355 3322 ‚
1378 3294 1438 3317 nec
1449 3286 1671 3321 consolatores
1682 3289 1852 3324 admittere
1866 3292 2027 3335 sustinuit,

1101 3333 1152 3367 sed
1174 3335 1324 3368 moestitia
1347 3333 1575 3376 perniciosiore
1607 3337 1823 3373 voluntariam
1848 3341 1904 3375 fibi
1924 3346 2028 3386 perni-

1098 3384 1180 3418 ciem
1203 3384 1345 3417 indicere
1371 3385 1577 3426 pertinaciter
1600 3386 1768 3422 videbatur
1788 3414 1795 3421 .
1837 3391 2031 3428 Miserabilis

1098 3443 1164 3470 erat
1199 3433 1358 3469 malorum
1397 3434 1516 3476 facies,
1544 3435 1577 3467 ὃς
1614 3437 1709 3519 ῖηκὶει
1737 3439 1918 3476 vicislitudo
1942 3442 2035 3478 dolo-

1895 3502 1964 3525 sum
1979 3505 1990 3523 .·
