2358 3776
253 74 1996 174 13.τΗοΜΕεΑΝΤμΑΒΙΕΝεῙε.ως

254 246 678 287 ‘Epis'rOLA
777 241 917 288 xcu.

224 351 397 387 Alexander
420 355 508 394 Papa
528 347 690 383 abbatibus
713 347 748 380 tir
771 343 938 379 Fratribus

409 396 596 443 Cfiercienfis
618 397 760 430 Ordlnls.

206 505 244 540 D
263 493 637 545 audientiam'nostraij
664 495 750 531 unde
762 493 836 530 latis
847 493 955 529 mirari
969 504 1069 532 com-,

235 553 383 597 pellimur
393 575 406 592 ‚
431 547 606 593 pervenisse
618 547 759 581 noscatis
767 570 779 587 ,
809 545 898 588 quod
911 555 968 578 vos
980 543 1058 578 dile.

116 607 170 640 eto
191 601 281 639 Filio
298 601 411 637 noll-ro
422 599 508 638 Revr
525 597 632 642 Fratri
646 595 772 642 vestro,
797 594 956 643 quoniam
966 605 1059 629 vene-

118 653 227 689 rabilis
239 655 346 688 Frater
363 649 472 684 noster
482 641 723 683 Cantuarienfis
735 644 839 680 Archi
851 661 869 668 -
881 644 1059 688 Episcopus

119 705 222 748 ipsum
232 705 266 737 iu
279 700 438 746 Angliam
447 710 509 743 pro
524 697 667 743 negotiis
689 695 836 731 Ecclefiae
846 693 1022 729 destinavit
1048 717 1060 734 ,

119 764 246 800 poenam
259 747 405 795 infligere
429 746 726 796 prbposuistis52d
750 744 814 780 hoc
826 744 969 779 humana
990 755 1059 799 g.‘²'

120 806 165 839 tia
178 800 302 846 potius,
330 800 426 843 quam
452 808 562 835 amore
581 797 646 832 Dei
666 797 703 832 ἀ
722 795 848 838 justitiae
871 794 1021 829 inclinati
1048 818 1056 826 .

121 851 295 900 Qoniam
305 858 415 884 autem
428 847 492 883 hoc
505 850 539 882 in
554 846 698 881 nostram
707 845 743 880 ἀ
756 845 907 894 Ecclesia·
930 844 995 878 Dei
1006 843 1061 890 in-

115 902 230 949 {uriam
243 897 434 942 redundaret
446 922 458 939 ,
485 909 546 933 nec
558 908 620 931 nos
631 895 665 931 id
676 920 689 937 ,
713 892 795 933 ficut
806 907 876 930 non
896 892 1062 934 debemus,

116 949 329 997 inpatientia
350 947 503 983 sustinere
524 948 705 992 possemus,
729 944 930 981 univerfitati
955 941 1062 979 vestrae

115 992 394 1049 per‘Apostolica
426 998 542 1042 scripta
564 996 780 1041 praecipiendo
819 994 1013 1031 mandamus
1048 1017 1062 1035 ,

117 1050 276 1099 quatenus
286 1058 469 1084 memorato
479 1047 522 1082 R.
534 1047 656 1085 nullam
677 1047 846 1081 occasione
863 1045 919 1080 ista
933 1053 1063 1089 poenam

117 1103 295 1147 infrigere,
320 1098 371 1134 vel
381 1099 412 1133 ei
434 1108 601 1133 rancorem
623 1097 766 1141 aliquem
785 1097 837 1131 vel
861 1094 1062 1140 indignatio-

118 1164 196 1188 nem
207 1148 374 1185 ostendere
385 1147 578 1194 praesumatis
590 1170 602 1189 ,
627 1147 680 1182 sed
694 1147 796 1192 ipsum
820 1143 961 1190 benigne
977 1144 1062 1178 inter

120 1202 222 1238 vos&
235 1198 375 1235 fraterne
396 1198 535 1233 tractetis
545 1222 554 1230 .

257 1294 667 1333 EPISTOLA
768 1285 931 1330 xC111'.

210 1401 245 1445 J
246 1405 356 1432 oannes
378 1397 417 1431 de
434 1394 606 1430 saresberia
628 1392 769 1439 Magistro
790 1391 962 1430 Waltbero

517 1446 556 1480 de
575 1443 695 1489 Insula.

193 1543 548 1584 ROMERUERAT
565 1543 698 1589 quidem
720 1542 934 1580 humanitatis
959 1540 1067 1578 vestrae

190 1633 192 1635 ,
215 1587 387 1635 sedulitas,
412 1596 446 1630 ὃς
462 1594 625 1631 exhibitio
635 1585 1066 1637 promptiffimaeliberalitae

121 1649 183 1691 tis,
208 1655 389 1683 utomnem
413 1643 507 1678 vobis
518 1651 574 1677 aut
598 1642 707 1676 vestris
728 1640 928 1685 obsequendi
949 1651 1067 1685 oppor-

122 1696 299 1734 tunitatem
321 1703 485 1739 gratanter
505 1692 699 1735 arriperem,
725 1692 760 1727 dt
779 1692 879 1725 fialio
900 1690 1004 1725 modo
1015 1701 1069 1724 ne-

123 1758 241 1793 queam
253 1768 265 1785 ,
290 1744 401 1778 saltem
412 1741 601 1776 devotionis
614 1751 693 1773 meae
713 1739 927 1773 sinceritatem
948 1739 1063 1771 saluta·

122 1795 222 1833 tionis
242 1790 369 1827 indicio
391 1789 578 1834 protestarer
590 1814 600 1820 .
634 1787 758 1822 Nullus
775 1787 866 1821 enim
888 1785 1069 1821 nostratum

121 1846 189 1886 est,
211 1843 286 1883 cui,
314 1850 389 1875 cum
403 1848 518 1874 omnes
529 1846 635 1872 rerum
657 1835 916 1871 circumstantias
929 1835 1069 1880 diligen-

122 1897 190 1931 tius
201 1893 338 1931 metiar,
362 1900 416 1923 me
427 1889 567 1922 recolam
580 1887 719 1931 amplius
730 1885 934 1932 debitorem<
962 1885 1069 1921 Unde

122 1944 284 1981 silentium
296 1951 406 1976 meum
416 1939 534 1973 merito
546 1939 651 1972 fuerat
661 1935 866 1981 arguendum
878 1960 892 1978 ,
916 1936 976 1971 nifi
989 1935 1070 1970 mul-

123 2005 228 2032 tarum
239 1992 274 2027 δε
293 1989 511 2035 probabilium
523 1991 686 2022 rationum
698 1986 853 2034 suffragio
865 1995 1064 2031 purgaretur.

123 2047 217 2095 Qas
227 2043 341 2086 utique
353 2039 422 2084 jure
429 2038 648 2083 praetenderim
660 2037 823 2071 accusanti
843 2058 854 2075 ‚
879 2034 904 2069 fi
916 2034 1071 2069 nimirum

124 2107 193 2132 non
211 2092 372 2129 constaret
394 2090 482 2125 inter
501 2099 563 2124 nos
585 2087 620 2121 &
641 2099 700 2121 vos
716 2085 818 2121 chaos
838 2096 997 2131 magnum
1009 2084 1073 2119 effe

124 2147 312 2184 firmatum,
347 2140 393 2175 ita
413 2149 449 2174 ut
471 2138 569 2175 nobis
592 2136 809 2182 impoffibile,
845 2135 940 2170 vobis
963 2144 1073 2170 aurem

124 2194 256 2231 difficile
266 2193 303 2227 lit
319 2190 362 2226 ad
374 2201 435 2225 nos
447 2188 576 2224 transue
598 2188 650 2221 vel
672 2187 801 2222 mittere
813 2210 820 2219 .
847 2185 1005 2220 Inimicus
1017 2183 1075 2218 ho-

124 2256 183 2280 mo
194 2242 258 2277 hoc
279 2241 356 2276 fecit
372 2264 384 2280 ,
409 2239 443 2273 δε
463 2238 500 2272 in
519 2237 652 2280 Idumen
673 2237 876 2271 zizaniorum
897 2237 1075 2270 sementem

126 2306 196 2333 non
212 2291 309 2327 cessat
331 2290 477 2334 spargere
497 2312 508 2328 ‚
535 2288 570 2323 dc
588 2287 657 2332 jugi
682 2286 810 2322 laborat
831 2284 1003 2326 instantia,
1039 2294 1075 2319 ut

128 2343 277 2389 Angelos
296 2337 438 2383 praefides
452 2337 669 2371 Ecclefiarum
692 2335 810 2370 evellat
829 2335 953 2369 alaude
973 2335 1038 2370 Dei
1063 2359 1072 2368 .

127 2393 226 2444 φῆ
239 2390 350 2433 vulpes
371 2388 406 2422 in
416 2386 542 2422 deserto
554 2385 720 2429 Propheta
741 2385 833 2429 ejus,
859 2386 916 2429 qui
941 2386 1076 2429 sequun-

126 2454 179 2478 tur
198 2440 345 2485 spiritum
370 2438 465 2473 suurn
485 2460 498 2477 ,
533 2435 567 2470 δε
588 2435 672 2470 nihil
697 2435 827 2470 vident.
853 2435 901 2469 Hi
925 2435 998 2470 sunt
1021 2435 1077 2479 qui

127 2490 346 2529 ehariffimum
360 2486 549 2522 Dominum
560 2486 652 2521 suum
664 2511 675 2527 ,
701 2496 858 2530 magnum
870 2483 1071 2530 Principem,

128 2542 308 2578 subvertere
318 2537 429 2573 conati
442 2537 536 2578 sunt,
562 2535 844 2571 mansuetudinem
865 2535 932 2579 ejus
950 2538 1078 2570 succen-

118 2593 242 2629 dentes
262 2589 340 2625 felle
355 2585 508 2626 malitiae,
533 2585 567 2620 δε
589 2585 726 2619 rationis
759 2587 862 2620 aciem
883 2586 1079 2632 extinguen-

129 2652 179 2677 tes
198 2638 338 2678 confiliis
361 2636 515 2673 toxicatis
528 2660 536 2668 .
561 2634 688 2678 Eripiat
706 2646 780 2670 eum
803 2637 896 2671 Deus
915 2635 957 2670 de
977 2634 1080 2670 mani·

131 2692 192 2728 bus
208 2700 324 2726 eorum
346 2712 358 2729 ,
395 2686 430 2722 δε
455 2685 600 2729 subjiciat
612 2683 667 2718 fibi
681 2709 693 2725 ,
730 2695 768 2719 ut
788 2684 994 2729 principatus
1013 2684 1080 2728 ejus

132 2743 167 2778 dc
179 2742 254 2777 Deo
275 2738 412 2784 placitus
423 2737 460 2770 fit
475 2760 487 2776 ,
513 2736 546 2770 ἀ
559 2736 684 2777 quietus
696 2759 707 2775 ,
732 2735 766 2769 ἀ
784 2734 946 2778 jucundus
969 2746 1080 2780 geren·

133 2793 160 2827 ti
175 2816 187 2833 ,
210 2791 245 2826 &
266 2788 438 2826 Ecclcfiis,
463 2796 598 2827 quarum
623 2795 780 2828 patronus
801 2785 846 2819 est
862 2809 873 2825 ‚
899 2785 932 2819 ἀ
953 2785 1082 2828 populis

134 2842 224 2878 latus
235 2841 297 2875 effe
318 2838 420 2872 valeat
442 2836 476 2870 ὃ(
498 2836 698 2870 fructuosus.
725 2834 801 2869 Scio
825 2835 939 2879 utique
960 2835 1036 2879 quia
1061 2836 1083 2869 fi

135 2891 265 2926 redierit
277 2889 317 2924 ad
329 2899 386 2923 cor
396 2912 407 2928 ‚
439 2885 578 2930 placabit
591 2885 777 2919 Dominum
788 2885 881 2919 suum
893 2909 905 2926 ,
932 2886 1082 2929 sponsum

132 2939 314 2977 eEcclesue,
338 2937 555 2974 satisfactione
576 2934 763 2979 condigna,
799 2936 833 2970 δε
855 2935 873 2969 a
894 2946 1006 2971 cruore
1035 2935 1083 2969 in-

138 2999 318 3026 nocentum
338 2987 501 3032 potestatis
525 2988 583 3020 suae
604 2985 750 3030 gladium
772 2985 937 3020 revocabit
954 3010 964 3026 ,
992 2996 1028 3020 ut
1052 2986 1082 3020 ei

139 3037 332 3086 propitietur
353 3037 443 3072 Deus
456 3060 468 3077 ,
491 3037 525 3070 ὅ(
546 3047 615 3070 non
640 3036 789 3080 exquirat
810 3036 1001 3081 sanguinem
1024 3046 1082 3070 eo-

137 3100 211 3126 rum
233 3086 275 3122 ab
295 3086 366 3129 ipso
383 3086 417 3128 &
435 3084 537 3121 domo
569 3085 639 3129 ejus
661 3110 668 3119 .
706 3086 738 3119 Si
761 3085 874 3120 exules
894 3086 927 3120 δε
950 3086 1081 3129 proscri—

141 3149 214 3185 ptos
238 3136 305 3171 Dei
317 3137 516 3175 contemnit,
539 3135 615 3179 quia
637 3147 788 3180 pauperes
806 3137 901 3177 sunt,
928 3136 1079 3170 memine-

140 3192 182 3224 rit
195 3188 271 3232 quia
292 3186 405 3221 talium
425 3194 576 3227 patronus
596 3185 640 3219 est
660 3184 828 3220 Christus.
856 3185 910 3220 Ad
926 3186 1080 3220 ulciscen-

140 3241 221 3274 dum
233 3236 378 3280 pauperis
399 3231 561 3269 Nabuthae
571 3235 759 3280 sanguinem
780 3236 899 3270 delevit
912 3236 1002 3270 Deus
1023 3235 1080 3270 do-

134 3293 234 3324 Διῐπιιιῐιί
257 3285 372 3319 Achab
392 3285 425 3318 dt
449 3282 594 3327 Jezabel.
623 3284 722 3325 Saul,
750 3286 825 3331 quia
837 3287 1025 3321 consulente
1046 3286 1079 3319 ὅ(

142 3345 332 3383 procurante
344 3333 461 3368 Doech
474 3333 610 3375 Idumeo
620 3358 631 3374 ,
657 3335 790 3371 custode
798 3337 963 3372 mulorum
975 3360 986 3375 ,
1011 3335 1078 3380 gla—

141 3390 199 3423 dio
216 3384 351 3430 Regni,
377 3384 433 3425 qui
455 3383 496 3417 ad
509 3383 687 3418 Sacerdotii
698 3386 871 3421 tuitionem
891 3386 975 3431 Regi
990 3397 1077 3420 com-

142 3439 251 3474 missus
261 3435 305 3471 est
318 3460 328 3476 ,
356 3432 539 3471 Sacerdotes
551 3433 705 3478 appetiit,
730 3435 762 3470 ec
786 3435 886 3473 Nobe
907 3437 1016 3472 vicum
1027 3446 1077 3472 eo·

1120 202 1191 228 rum
1209 191 1357 233 delevit,
1382 191 1419 226 in
1430 192 1462 226 se
1472 194 1660 236 provocavit
1680 197 1827 239 gladium
1837 199 1926 241 Dei,
1948 212 2016 245 quo
2030 201 2065 238 δε

1121 242 1231 288 ipse&
1252 242 1374 278 domus
1386 242 1461 286 ejus
1471 241 1731 290 Allophylorum
1750 250 1932 286 ministerio
1950 253 2065 296 irrepa-

1121 291 1265 327 rabiliter
1279 291 1380 327 deleti
1404 294 1480 327 sunt
1499 315 1511 332 ,
1536 294 1650 338 generi
1673 293 1731 328 suo
1751 297 1969 343 relinquentes
1988 303 2080 336 titus

1122 343 1190 378 lum
1213 341 1430 391 haereditatis,
1459 353 1532 386 >quo
1553 343 1594 378 ad
1617 342 1878 382 Gabaonitaruru
1898 361 2026 392 precem
2054 375 2066 392 ‚

1121 402 1260 437 quorum
1273 403 1406 438 gentem
1422 393 1508 427 inter
1527 394 1716 441 Sacerdotes
1727 393 1848 430 Doech
1859 419 1871 435 ,
1896 397 2007 443 Regia:
2017 402 2066 435 in·

1121 442 1325 486 dignationis
1346 443 1515 482 minister,
1556 443 1734 483 afflixerat,
1769 444 1921 488 patibulo
1941 447 2068 492 legatur

1119 493 1255 529 affixum
1267 517 1276 525 .
1305 493 1348 528 Et
1366 491 1476 540 adhuc
1495 493 1588 536 Deus
1597 494 1729 538 respicit
1752 494 1788 529 in
1811 495 2000 531 orationem
2012 497 2071 532 hu-

1122 542 1276 586 milium,
1302 543 1337 578 &
1359 537 1561 590 non'spernit
1572 554 1679 588 preces
1688 555 1822 580 eorum.
1850 546 1928 594 Qa
1939 547 1994 590 spe·
2013 546 2072 581 du·

1121 593 1183 638 sti,
1211 593 1380 638 proscripti
1403 600 1557 642 pauperes
1575 594 1692 635 orant,
1727 595 1763 630 ἀ
1782 597 1859 631 Deo
1875 620 1887 637 ,
1920 607 1981 640 pro
2003 606 2072 641 quo

1120 643 1312 687 patiuntur,
1349 640 1489 692 aurbonJe
1508 643 1651 690 orabunt
1670 643 1809 690 jugiter,
1856 655 1894 680 ut
1912 644 2074 681 Sereniffi-

1122 703 1197 727 mus
1218 692 1264 726 D.
1283 692 1356 727 Rex
1377 693 1566 740 condignos
1586 695 1707 730 frustus
1730 695 1933 738 poenitentiae
1944 696 2045 731 faciat
2059 720 2073 737 ,

1122 743 1157 778 δι
1179 742 1259 776 iram
1283 743 1428 778 declinet
1439 744 1687 782 imminentem.
1716 744 1851 780 Interim
1863 745 2075 790 dispensatio·

1125 803 1201 826 nem
1225 793 1370 836 Domini
1397 795 1628 837 equanimiter
1648 795 1848 837 toleramus,
1882 796 1964 838 certi
1982 794 2074 840 quod

1125 840 1210 876 nihil
1231 839 1327 877 nobis
1348 853 1468 885 nocere
1476 845 1620 890 poterit,
1644 844 1782 887 fiboni,
1802 844 1915 888 idest,
1940 846 2076 881 Divinae

1102 914 1103 918 =
1127 891 1208 938 legis
1231 892 1430 930 emulatores
1441 895 1619 935 fuerimus.
1644 896 1728 931 Non
1743 895 1834 930 enim
1858 895 2074 932 ntcriminofi

1126 945 1285 987 patimur,
1311 943 1402 987 quod
1425 945 1557 989 publice
1577 955 1695 981 notum
1707 942 1753 980 est
1766 969 1791 985 ‚-
1803 946 1862 980 nili
1880 945 1933 980 his
1944 947 2003 990 qui
2030 945 2076 980 la-

1103 1009 1106 1026 ι
1128 994 1268 1034 borant,
1294 1003 1331 1028 ut
1348 1004 1416 1028 nou
1441 995 1564 1039 sapiant
1586 1007 1658 1040 quae
1678 996 1743 1031 Dei
1755 997 1850 1037 sunt,
1876 996 1931 1031 sed
1954 994 2077 1041 affligi-

1103 1059 1105 1066 *
1128 1054 1200 1078 mur
1214 1053 1251 1077 ut
1263 1042 1466 1083 Chtistinnl·
1494 1046 1532 1086 ln
1544 1057 1612 1090 quo
1633 1047 1668 1081 δε
1679 1057 1711 1082 te
1724 1071 1736 1087 ,
1760 1045 1962 1082 dilectissime
1976 1072 1988 1089 ,
2014 1055 2076 1092 nos

1128 1091 1309 1139 gaudemus
1329 1091 1448 1138 habere
1471 1090 1658 1131 consortem
1681 1109 1692 1140 ;
1732 1108 1800 1131 non
1818 1096 1951 1140 quidem
1978 1106 2039 1135 tuo
2062 1119 2079 1141 ‚

1128 1143 1218 1188 quod
1239 1145 1329 1190 nefas
1343 1146 1443 1184 esset,
1468 1144 1664 1182 insultantes
1679 1146 1808 1190 rejectui
1820 1170 1832 1187 ,
1859 1145 1911 1180 sed
1934 1156 2079 1190 congras-

1126 1192 1270 1228 tulantes
1292 1194 1423 1229 virtuti.
1450 1196 1584 1230 Nam&
1606 1206 1642 1231 tu
1655 1196 1732 1230 fidei
1744 1206 1808 1230 tuae
1828 1195 1934 1230 fecisti
1951 1196 2050 1229 fidem
2065 1217 2077 1234 ,

1127 1240 1162 1275 δε
1183 1242 1413 1289 temporalium
1434 1243 1591 1287 jacturam
1606 1245 1827 1288 contempsisti
1842 1269 1853 1284 ‚
1879 1245 1960 1279 dum
1979 1245 2078 1301 sectass

1130 1291 1206 1325 reris
1225 1288 1432 1341 honestatem
1450 1316 1462 1333 ‚
1501 1293 1539 1336 dt
1558 1294 1756 1328 satisfaceres
1775 1293 1946 1328 charitati.
1983 1291 2079 1341 Qud

1129 1341 1243 1377 dilecte
1262 1341 1308 1375 mi
1318 1341 1650 1389 obliupescis,quid
1664 1342 1838 1378 mussitas?
1862 1342 1958 1391 Qid
1979 1344 2081 1389 lucer-

1127 1402 1207 1429 nam
1233 1391 1346 1426 niteris
1365 1391 1567 1428 obfuscare?
1591 1393 1728 1429 Crimen
1740 1390 2087 1429 tuumMundoinno-

1131 1442 1216 1485 tuit·
1242 1442 1372 1487 Omnes
1391 1442 1433 1476 de
1456 1452 1493 1488 te
1511 1454 1612 1486 lunam
1636 1444 1829 1487 sententiam
1860 1445 1968 1478 ferunt
1995 1468 2002 1488 .-
2037 1445 2082 1489 Et

1133 1502 1174 1528 ne
1195 1500 1228 1525 te
1248 1491 1373 1536 diutius
1394 1491 1603 1538 protraham,
1641 1493 1881 1539 Evangelicum
1904 1493 2082 1537 implevisti

1133 1539 1263 1588 virum,
1287 1544 1353 1587 pro'
1368 1542 1465 1584 fratre
1487 1541 1633 1584 animam
1644 1552 1788 1587 ponens,
1804 1542 1893 1581 dum
1914 1554 1949 1578 te
1961 1554 2020 1589 pro
2029 1543 2083 1587 ju·-

1132 1589 1375 1635 ¹stitiarrlaluiffl
1397 1590 1636 1634 condemnari,
1665 1591 1916 1636 quamffliium,
1943 1593 1998 1627 cui
2024 1593 2084 1626 vir-

1134 1650 1186 1682 tus
1208 1638 1405 1686 obedientiae¹
1421 1641 1605 1683 <reputanda
1627 1638 1797 1686 videbamur
1819 1642 1855 1675 in
1876 1642 2033 1682 crimine,
2059 1642 2083 1688 si

1138 1699 1247 1732 verum
1269 1688 1627 1733 fatereturnaccusari.
1653 1689 1724 1732 sed,
1740 1700 1801 1734 nec
1823 1690 1901 1732 ille,
1926 1702 1963 1726 ut
1984 1690 2085 1736 vulgo

1135 1737 1276 1777 dicitur,
1301 1728 1406 1781 fidem·
1423 1735 1459 1770 dt
1481 1735 1707 1772 obedientiam
1727 1739 1822 1774 ausus
1843 1740 1889 1774 est
1903 1742 2050 1784 profiteri
2077 1765 2087 1780 ‚

1136 1794 1199 1819 nec
1217 1795 1253 1819 tu
1265 1808 1277 1825 ,
1303 1784 1393 1829 quod
1412 1783 1594 1831 gaudenter
1614 1787 1748 1823 diffiteri
1768 1789 1924 1836 dignatus
1960 1802 1996 1827 es
2010 1789 2085 1827 fidei

1136 1835 1169 1870 &
1191 1831 1389 1883 obedientia!
1405 1835 1566 1885 titulum.
1595 1864 1598 1881 ξ
1665 1877 1667 1881 ¹
2056 1868 2058 1870 .

1187 1884 1277 1919 Cum
1298 1896 1378 1930 ergo
1388 1886 1490 1932 gratis
1506 1887 1608 1923 virtus
1620 1888 1697 1924 fidei
1707 1889 1744 1925 fit
1755 1889 1790 1924 in
1813 1897 1846 1935 te
1858 1890 1974 1935 punita
1985 1915 1996 1933 ‚
2029 1902 2087 1936 aut

1140 1934 1251 1979 potius
1261 1934 1462 1980 probatafper
1472 1936 1643 1982 hominem
1656 1963 1668 1980 ,
1695 1939 1992 1985 nunquidperfidia
2006 1935 2085 1988 prae*

1141 1984 1362 2025 varicatorum
1379 1985 1414 2019 δε
1442 1987 1722 2024 calumniatorum
1742 1990 1887 2033 inquitas
1906 2003 1975 2027 non
2008 2004 2087 2030 con-

1140 2032 1349 2071 demnabitur
1361 2035 1446 2079 apud
1468 2036 1602 2072 Deum?
1619 2038 1721 2084 ‚Deus
1738 2037 1955 2084 semitectis*
1969 2067 1981 2084 ,
2007 2054 2088 2087 quo-

1142 2084 1231 2118 niam
1241 2084 1341 2119 doleo
1357 2085 1421 2119 tibi
1434 2085 1536 2132 Regis
1546 2087 1769 2134 figillumfell‘e
1779 2089 1974 2134 subtradium
1985 2118 1993 2126 .
2022 2093 2084 2128 Sed

1141 2134 1259 2169 eodem
1279 2134 1389 2178 judice
1402 2137 1527 2179 fateor,
1550 2138 1629 2183 quia
1649 2140 1784 2175 malote
1796 2142 1830 2176 in
1842 2140 1903 2177 hac
1922 2142 2088 2178 conditio-

1142 2194 1184 2219 ne
1210 2184 1324 2230 verstri
1347 2209 1360 2226 ,
1396 2186 1495 2230 quim
1516 2188 1597 2223 illud
1616 2190 1771 2233 perfidia,
1808 2202 1865 2227 aut
1887 2194 1989 2228 etiam
2009 2204 2088 2238 qua-

1141 2244 1284 2277 cumque
1304 2244 1383 2269 nota
1395 2237 1609 2281 turpitudinis
1620 2240 1801 2276 redemisse.
1833 2242 1882 2277 Sit
1892 2254 1973 2290 ergo
1986 2255 2086 2283 nunc.

1141 2284 1246 2319 amice
1257 2285 1343 2326 Dei,
1369 2286 1427 2330 qui
1438 2288 1683 2324 mensamultis
1704 2290 1820 2327 diebus
1833 2293 1947 2335 fuisti,
1974 2294 2088 2330 conso·
2156 2321 2157 2324 η

1118 2358 1120 2362 .
1143 2335 1225 2369 latio
1244 2342 1322 2376 tua,
1346 2345 1416 2378 quae
1426 2347 1499 2372 mea
1517 2336 1646 2373 &mihi
1669 2341 1918 2378 coexulantium
1936 2344 2004 2385 est,
2031 2345 2087 2379 in-

1145 2385 1296 2419 nocentis
1314 2386 1523 2429 conscientiae
1533 2387 1782 2433 testimonium,
1808 2405 1872 2436 qua
1894 2392 2025 2435 nihiljn
2042 2395 2086 2428 vi-

1142 2434 1290 2479 tapotest
1306 2435 1572 2482 effejucundius:
1599 2439 1758 2484 liquidem
1780 2441 1835 2475 illa
1857 2442 1964 2485 judice
1987 2454 2087 2482 nemo

1139 2495 1268 2531 *nocens
1287 2485 1488 2531 absolvitur,
1513 2489 1629 2533 quae&
1651 2499 1793 2524 vennem
1816 2490 2037 2527 immortalem
2050 2493 2085 2528 δε

1144 2535 1254 2581 ignem
1266 2534 1555 2581 inextinguibilem
1569 2539 1654 2581 parit
1664 2562 1675 2578 ,
1701 2549 1758 2574 aut
1769 2550 1804 2574 ur
1816 2541 1920 2576 verius
1931 2542 2086 2584 dixerim,

1143 2587 1330 2630 perenniter
1352 2587 1462 2625 fovet.
1489 2586 1570 2621 Non
1582 2587 1673 2623 enim
1694 2589 1923 2632 conscientiae,
1950 2592 2002 2627 sed
2013 2592 2088 2627 cul·-

1118 2666 1121 2681 ÷
1145 2635 1242 2680 poeest
1257 2647 1363 2680 partus
1377 2635 1456 2677 iste,
1482 2647 1577 2680 quem
1590 2638 1888 2682 semperateDeus
1898 2641 1995 2676 faciat
2005 2643 2087 2677 alie-

1117 2689 1123 2729 Ἀ
1146 2697 1243 2721 num.
1271 2686 1303 2720 Si
1322 2686 1363 2719 de
1374 2697 1426 2719 me
1446 2687 1581 2729 quaeris,
1608 2689 1688 2723 sino
1708 2689 1741 2729 &
1762 2688 1925 2729 incolumi
1938 2692 2086 2737 suffraga-

1145 2746 1197 2772 tur
1208 2736 1394 2780 negotiatio
1407 2736 1605 2779 litterarum,
1634 2740 1764 2783 expedia
1770 2741 1817 2774 nti
1827 2742 2083 2777 misericordiam

1146 2786 1286 2822 Domini
1308 2786 1342 2819 in
1359 2785 1526 2827 affluentia
1537 2787 1693 2830 illorum,
1721 2801 1789 2834 quae
1803 2802 1914 2825 natura
1925 2792 2086 2836 deposcit,

1145 2846 1202 2873 aut
1232 2836 1477 2872 conviventium
1515 2849 1623 2873 mores
1644 2864 1652 2872 .
1690 2839 1855 2875 Coexulat
1884 2842 1966 2876 mihi
1988 2842 2085 2876 frater

1147 2897 1255 2927 meus,
1280 2896 1406 2920 mecum
1419 2887 1459 2921 ad
1473 2899 1575 2922 omne
1585 2899 1678 2924 tuum
1692 2890 1725 2923 in
1741 2891 1894 2926 Domino
1916 2903 2084 2935 promptus

1146 2936 1358 2981 obsequium.'
1381 2936 1470 2972 Cum
1488 2949 1596 2973 autem
1618 2940 1658 2974 ad
1682 2942 1816 2984 praesens
1838 2942 1926 2976 aliud
1950 2954 2087 2986 nequea-

1147 2997 1240 3027 mus,
1264 2986 1468 3022 salumtionis
1487 2989 1521 3022 δε
1536 2989 1724 3024 devotionis
1736 3001 1858 3026 ⁴munus
1882 2990 2047 3026 offerimus
2073 3015 2085 3031 ,

1148 3048 1201 3080 per
1219 3046 1252 3070 te
1273 3035 1417 3072 dicentes
1434 3038 1592 3079 salutem,
1620 3040 1736 3084 quibus
1757 3042 1884 3078 noveris
1895 3042 2048 3086 expedire
2069 3065 2080 3080 ,

1145 3087 1178 3121 &
1196 3087 1396 3123 nominarim
1418 3086 1557 3123 Clericis
1578 3089 1692 3128 Aulae,
1720 3091 1776 3134 qui
1798 3103 1859 3126 nec
1883 3104 1925 3126 ex
1945 3092 2081 3126 nomine

1145 3138 1423 3196 ejicens-manicati
1444 3139 1538 3181 sunt,
1566 3151 1626 3176 nec
1648 3142 2007 3178 excommunicatorum
2015 3151 2080 3184 par·

1145 3198 1338 3233 ticipatrone
1356 3214 1364 3222 .

1930 3477 2044 3522 Epr-
