2358 3776
372 151 487 214 23‘3-,4
788 144 858 184 As?
883 141 921 183 ἶῖ

311 312 314 319 .,
373 286 459 325 mori
473 287 584 321 tamen
593 286 708 321 mallet
718 294 959 331 quamcumque
972 295 1111 320 mortem
1124 310 1135 328 ‚
1162 297 1257 330 quam

376 336 508 372 cedere.
864 351 866 354 v

314 385 419 422 Bona
431 397 484 431 per
503 384 824 431 temporalia‘sieest
847 384 1104 426 transeundum,
1130 397 1166 420 ut
1188 399 1256 421 non

370 439 706 471 amittanturaeterna.
964 478 966 481 v
1135 447 1209 485 117.
1228 449 1253 474 1.

324 484 503 522 Brachium
513 485 659 519 saeculare
673 495 740 518 non
753 483 1042 520 debent‘invocare
1064 485 1218 530 Episcopi
1247 512 1257 527 ,

324 532 658 582 anquamdiuhabent
678 545 767 570 arma
787 537 975 579 spiritualia
989 560 997 568 .
1032 545 1110 582 194.
1127 543 1152 569 ἰζ
1183 537 1255 571 Bra-

314 614 328 619 4.
366 586 481 620 chium
494 584 817 620 saeculareinvocanti
836 586 936 630 Clero
957 596 1073 620 contra
1101 585 1256 622 obedien-

311 661 314 665 .
367 634 448 670 tiam
489 635 547 675 suo
580 633 745 680 Episcopo
780 636 1011 680 praestandam,
1038 636 1134 670 nullo
1157 639 1256 672 modo

317 712 319 715 .
363 686 411 721 est
425 686 640 729 parcendum.
656 697 732 734 343.
746 695 780 720 2.
808 685 900 734 Qid
911 688 1002 721 enim
1027 686 1113 721 solus
1130 687 1255 730 Episco-

334 750 340 753 -
364 746 446 780 pus,
474 746 777 779 quantumcumque
788 736 949 771 Romanae
970 736 1064 772 Sedis
1076 736 1219 772 devotus
1247 763 1257 778 ‚

311 813 315 820 ,
366 786 507 830 poterit,
531 786 553 820 si
565 787 606 820 ab
617 787 807 822 obedientia
818 787 908 830 ejus,
937 789 977 820 ad
990 798 1106 821 nutum
1131 787 1246 822 Poten·

367 846 439 870 tum
454 838 635 871 recesserint
647 837 835 871 Sacerdotes
846 838 878 871 ἀ
891 837 1006 871 Clerus
1018 838 1086 880 ejus
1097 839 1110 871 ἓ
1120 838 1186 870 ibid
1198 839 1256 872 Ni·

310 899 318 917 r
337 915 339 917 .
363 885 414 920 hil
426 886 472 920 est
482 887 573 932 quod
587 887 759 921 Ecclesiam
773 887 1154 932 magisdebilitet,quam
1167 891 1253 932 quod

308 956 312 961 -
366 936 464 972 Sedes
472 937 661 981 Apostolica
676 961 686 978 ,
697 938 774 973 talia
784 948 858 972 cum
871 949 1043 984 emergunt
1055 963 1066 978 ,
1077 938 1172 972 facile
1183 951 1254 983 prae-

311 1003 328 1019 ι.
364 988 441 1021 terit
454 989 633 1029 impunita..
1178 990 1254 1023 ibid.

310 1035 468 1071 -Brennus
488 1038 569 1071 Dux
583 1040 756 1072 *Senonum
771 1062 783 1079 ‚
804 1038 988 1072 construxit
1013 1037 1123 1072 urbem
1148 1038 1254 1075 Seno·-

312 1104 316 1108 ·
362 1097 444 1120 num
468 1111 480 1128 ‚
514 1089 557 1124 ad
581 1089 742 1127 locandos
767 1087 837 1126 illic
870 1088 1124 1125 valetudinarios
1145 1089 1218 1126 suos
1245 1116 1253 1125 .

362 1145 442 1177 222.
462 1148 493 1175 1.
518 1165 521 1169 Δ

678 1270 692 1283 ,
760 1243 795 1279 C
817 1270 819 1273 v

310 1353 316 1357 ·
401 1340 808 1377 HALCEDONENSIS
820 1341 974 1385 Synodus
986 1341 1031 1375 est
1044 1353 1109 1376 una
1122 1353 1163 1376 ex
1175 1352 1249 1384 qua-

423 1402 521 1430 tuor,
548 1403 627 1432 quas
649 1391 830 1435 Gregorius
854 1394 1021 1435 proposuit
1039 1391 1123 1425 Orbi
1146 1416 1157 1431 ,
1184 1403 1249 1424 tan-

358 1438 455 1482 quam
466 1450 606 1483 quatuor
622 1439 800 1484 Evangelia
813 1464 820 1470 .
1142 1449 1196 1487 93.
1218 1452 1249 1476 2-

306 1489 577 1524 Cameraoensem
609 1489 802 1531 Episcopum
841 1487 1082 1523 schismaticum
1106 1513 1117 1528 ,
1143 1489 1243 1522 etiam

311 1558 313 1560 v
354 1550 434 1574 cum
448 1538 614 1573 lachrimis
628 1539 864 1581 poenitentem,
893 1550 960 1573 non
985 1540 1083 1573 audet
1107 1540 1247 1573 Remen-

354 1590 396 1624 fis
418 1590 639 1633 Episcopus&
654 1589 856 1634 Suffiaganei
883 1589 949 1631 ejus
970 1589 1010 1624 ad
1024 1588 1088 1623 hoc
1101 1590 1207 1623 vocati
1236 1614 1245 1630 ,

311 1654 314 1662 -’
354 1640 390 1673 in
400 1639 673 1675 communionem
685 1642 851 1683 recipere,
879 1639 1072 1674 inconsulto
1089 1639 1245 1673 Romano

310 1704 312 1707 ·
355 1690 540 1725 pontifice.
1134 1701 1246 1738 1731.

245 1732 251 1737 ’
304 1739 414 1774 Canes
425 1741 492 1774 duo
506 1740 686 1773 offeruntur
700 1739 786 1784 Regi
798 1739 940 1774 Franciae
955 1740 1092 1773 nomine
1102 1739 1245 1774 D.Th0-

355 1801 431 1825 maz.
463 1791 602 1823 Donum
629 1791 704 1823 Rex
721 1801 803 1834 aegre
815 1789 886 1824 fert.
901 1790 1198 1830 atqueaemulorum
1211 1789 1244 1823 id

306 1861 311 1867 r
354 1841 482 1875 invidia
495 1841 612 1874 fadium
633 1839 845 1880 existimans,
873 1840 1062 1873 offerentem
1085 1850 1242 1881 tanquam

310 1905 313 1914 ⁴
354 1891 596 1934 exploratorem
615 1890 739 1923 detinet
765 1914 773 1922 .
802 1890 860 1923 Sed
885 1889 1024 1922 dimittit
1046 1889 1086 1923 ad
1125 1889 1244 1923 instan-

355 1940 554 1974 tiamnuntii
576 1939 620 1973 D.
644 1939 805 1973 Thomae.
833 1940 887 1976 66.
907 1950 935 1974 1.
966 1939 1074 1973 Canes
1097 1940 1244 1973 recusant

310 1992 314 2010 ³
352 2002 474 2035 panem
484 1991 654 2026 comedere
666 2014 678 2031 ,
703 2000 799 2034 quem
811 1992 1067 2023 contreciaverat
1081 1988 1246 2022 Robertus

309 2059 314 2064 ·
353 2041 396 2076 de
419 2041 505 2076 Broc
523 2041 829 2075 excommunicatus
843 2065 853 2079 ‚
880 2040 1060 2074 avidissime
1076 2041 1245 2074 ‘sumentes

356 2103 393 2126 ea
406 2103 476 2136 quae
487 2092 742 2135 projiciebantur
753 2091 794 2125 ab
806 2090 877 2124 aliis
889 2116 897 2124 .
923 2100 980 2137 41.
993 2102 1012 2124 ι.
1041 2090 1149 2124 Canes
1160 2089 1244 2124 muti

354 2143 428 2176 sunt
440 2166 452 2182 ,
481 2154 548 2177 non
564 2142 707 2176 valentes
720 2142 835 2175 latrare
847 2166 857 2182 ,
884 2139 1072 2175 Sacerdotes
1091 2151 1160 2174 non
1184 2152 1244 2174 au-

310 2229 314 2234 ,
349 2192 463 2227 dentes
474 2193 563 2237 loqui
576 2204 633 2237 pro
645 2192 794 2227 libertate
812 2191 963 2225 Ecclesiae
976 2215 984 2223 .
1115 2200 1193 2237 134.
1211 2199 1243 2225 2.

303 2240 484 2281 Canonum
499 2254 621 2278 nomen
635 2241 811 2286 incipiebat
825 2240 947 2286 Anglis
968 2239 1121 2274 odiosum
1143 2240 1206 2273 esse
1233 2263 1244 2278 ‚

355 2304 489 2336 propter
501 2293 737 2327 authoritatem
753 2294 783 2327 S.
796 2289 886 2326 Sedis
905 2300 917 2329 ¹,
945 2299 1016 2331 quae
1028 2290 1060 2321 in
1077 2287 1141 2321 illis
1164 2299 1242 2322 con-

313 2365 315 2369 *
351 2342 497 2375 tinctor.
523 2364 525 2367 -
1143 2347 1196 2382 73.
1210 2349 1241 2374 2.

300 2391 467 2426 Canonici
480 2391 521 2423 de
535 2390 702 2422 Brumfeld
716 2391 799 2426 fiunt
813 2387 974 2433 Monachi
990 2388 1022 2421 in
1037 2387 1241 2421 Monasterio

349 2441 392 2475 de
403 2439 613 2474 Gloncestria
628 2451 635 2470 :
663 2437 777 2470 dolose
789 2431 834 2471 &f
847 2440 902 2479 pei·
923 2438 1240 2472 circumventionem

349 2491 437 2527 bona
447 2490 504 2525 ‘sua
514 2490 548 2525 δι
564 2487 771 2532 possessiones
781 2483 1011 2529 transferentes
1024 2485 1063 2520 ad
1076 2488 1241 2521 Monaste-

351 2542 438 2576 rium
450 2566 458 2575 .
489 2548 599 2588 151.2t
612 2538 802 2572 canonicus
814 2537 946 2582 quidam
960 2536 1077 2570 exiliis
1091 2538 1150 2570 iter
1160 2539 1242 2581 acci-

351 2591 443 2637 piens
453 2589 688 2634 conquesturus
703 2589 747 2622 D.
758 2586 904 2620 Thomae
917 2597 938 2627 ,'
956 2587 1239 2631 incarceraturseq.

302 2641 527 2677 canonizatio
538 2641 727 2674 Sanctorum
742 2638 804 2671 fita
818 2637 918 2670 Rom.
939 2636 1103 2671 pontifice
1127 2649 1168 2672 ex
1194 2639 1239 2671 in-

350 2692 464 2736 junsto
476 2691 523 2724 illi
540 2687 756 2733 Apostolatus
768 2687 880 2721 officio
894 2696 967 2733 .44.
980 2699 1001 2720 x.
1030 2695 1150 2734 3702.
1163 2688 1239 2722 Pro-

330 2764 333 2768 Α
353 2742 444 2776 cedit
455 2752 496 2774 ex
509 2740 567 2773 tali
580 2740 664 2774 fama
678 2737 806 2781 publica
819 2762 830 2777 ‚
855 2739 887 2771 ὅ(
902 2739 961 2771 tali
984 2737 1175 2771 testimonio
1199 2740 1240 2771 vi·

353 2801 463 2827 rorum
476 2791 541 2825 fide
551 2788 749 2833 dignorum,
778 2798 813 2820 ut
828 2787 956 2830 plenam
973 2786 1094 2821 habeat
1114 2788 1240 2822 certitu-

354 2842 467 2875 dinem
479 2866 486 2874 .
515 2840 572 2876 60.
586 2849 619 2874 2.
645 2847 724 2888 370.
749 2848 779 2875 1.
805 2839 839 2872 in
883 2837 1150 2873 Canonizatione
1196 2838 1239 2871 D.

354 2890 501 2927 Thomae
513 2915 520 2923 .
1167 2889 1239 2922 ibid.

306 2941 550 2979 cantuariensis
564 2940 700 2974 Ecclesia
712 2938 757 2975 est
781 2940 884 2983 prima
903 2938 1003 2974 Sedes
1028 2938 1206 2973 Britanniae
1233 2966 1239 2973 .

355 3001 435 3027 200.
454 3003 479 3026 1.
508 2990 616 3024 Mater
640 2991 786 3035 Angl·ae.
817 2990 895 3038 283.
927 3000 955 3025 1.
982 2989 1133 3023 omniurn
1156 2988 1241 3024 illius

356 3042 571 3075 Ecclefiarum
595 3042 704 3074 nutrix
728 3041 760 3074 δε
781 3040 986 3084 propagatrix
1015 3039 1047 3072 in
1073 3039 1208 3074 Christo
1234 3065 1240 3071 .

354 3090 436 3127 261·
453 3102 479 3126 1.
507 3091 607 3132 prima
621 3092 710 3123 enim
724 3091 858 3134 suscepit
875 3090 969 3122 fidem
982 3113 992 3128 ,
1020 3089 1053 3121 ὅ(
1076 3100 1181 3122 totam
1194 3091 1242 3123 in-

354 3140 459 3174 sulam
472 3140 630 3173 convertit
644 3143 681 3173 ad
696 3140 883 3174 Christum.
909 3149 986 3183 225.
1006 3149 1037 3174 1.
1063 3138 1118 3172 Est
1131 3140 1239 3174 funda-

355 3199 389 3225 ta
401 3192 418 3225 a
433 3191 469 3224 Β.
484 3190 669 3234 Augustino
681 3215 691 3230 ‚
718 3192 773 3234 qui
785 3201 858 3224 earn
871 3189 1015 3222 moribus
1036 3188 1188 3222 instruxit
1212 3191 1242 3223 ἂ

355 3239 540 3284 lapidibus.
569 3250 636 3286 107-
657 3250 684 3274 ι.
718 3240 798 3282 Ejus
812 3237 1049 3281 praeeminentia
1062 3239 1106 3270 est
1129 3240 1242 3282 acqui-

354 3292 411 3325 sita
427 3290 584 3335 sanguine
599 3291 780 3322 sanctorum
796 3290 983 3331 Martyrum
997 3313 1008 3329 ,
1033 3289 1135 3330 quiin
1149 3300 1186 3321 ea
1198 3301 1242 3322 re·

358 3342 549 3383 quiescunt.
577 3349 689 3387 252.1.
719 3339 899 3381 Nunquam
922 3339 983 3372 fuit
1007 3337 1208 3372 schismatica
1235 3364 1245 3380 ‚

357 3390 480 3432 semper
493 3391 651 3424 Romame
666 3390 814 3422 Ecclefiae
824 3388 1018 3422 deditiffima
1031 3414 1038 3420 .
1057 3397 1130 3429 107.
1147 3399 1246 3435 ¹·223·

316 3471 318 3473 .
359 3447 391 3474 2.
424 3440 601 3483 Epist-opos
612 3442 733 3482 semper
745 3439 859 3472 hibuit
881 3439 947 3471 sedi
962 3437 1160 3482 Apostolicae
1173 3439 1247 3473 fide·

363 3488 517 3526 liffimos:
543 3501 658 3525 omnes
668 3489 768 3535 prope
788 3490 973 3533 Martyres,
998 3488 1109 3525 exules
1127 3489 1160 3524 ὅ(
1173 3500 1248 3533 pro-

1134 347 1214 383 241.
1227 345 1259 371 2.

943 137 1590 199 55211'N''D'⁷E''5XW'

369 235 455 271 inter.
480 234 590 279 ipsum·
606 232 824 272 &ansverus
843 235 1069 280 superesset&
1092 236 1220 282 Regem
1249 261 1261 277 ,

1372 239 1505 284 scriptos
1518 251 1575 284 pro
1584 239 1708 284 justitia
1718 238 1910 277 &libertate
1923 241 2140 282 Ecclesiastica
2156 245 2254 286 ‚288.

1375 299 1403 326 1.
1426 290 1494 336 146.
1508 303 1540 328 2·
1566 302 1659 326 erant
1669 292 1757 336 quasi
1771 295 1804 326 in
1824 293 2015 336 posseffione
2028 295 2170 338 patiendi
2191 310 2251 342 pro

1370 339 1434 375 fide
1444 343 1478 376 ἀ
1492 341 1630 376 Ecclesia
1642 366 1650 375 .
1679 342 1756 376 a'btd.
1783 343 1949 389 Dirigitur
1959 347 1976 378 a
1989 343 2167 379 Conventu
2176 347 2257 383 Mo·

1370 390 1568 426 nachorurn‚
1594 403 1627 439 4.
1648 405 1666 425 r.
1696 404 1836 437 cumque
1857 395 2006 431 Ecclefiae
2029 395 2080 429 illi
2101 395 2119 429 ὲ
2151 397 2254 442 prima.

1368 440 1563 476 fundatione
1581 444 1718 486 praeeffet
1744 443 1931 478 Monachus
1951 469 1962 485 ,
1989 456 2157 488 nunquam
2192 446 2253 483 fuit

1370 490 1496 526 scium-a
1517 494 1550 526 in
1577 494 1700 537 Anglia
1714 519 1729 530 .,
1748 493 2034 539 Quandocumque
2059 506 2167 529 autem
2190 495 2253 533 fuit

1369 540 1495 587 sciflh'ra
1504 566 1518 584 ,
1544 542 1722 587 Episcopus
1733 555 1801 578 non
1815 545 1915 579 fuerat
1929 543 2115 579 Monachus
2129 570 2135 577 .
2148 543 2203 583 28.
2216 556 2253 581 2.

1320 589 1543 626 Cantuari'enfi
1559 594 1592 627 in
1610 594 1771 634 Ecclefia,
1799 589 1956 639 tanquam
1976 595 2158 638 Metropoli
2183 595 2253 630 An·

1368 642 1550 685 gliae‚*fuit
1577 643 1657 678 fasta
1677 644 1879 679 consecratio
1902 646 1946 679 D.
1969 645 2134 679 Thomae:
2162 645 2252 689 juxta

1369 692 1540 726 Canon'es.
1565 691 1619 730 68.
1633 704 1664 729 2-
1693 694 1787 728 Illius
1823 696 1999 738 primatum
2038 695 2252 740 impugnabat

1371 740 1667 787 Archi-Episcopus
1689 744 1929 780 Londoniensis
1948 746 1982 780 &
2007 745 2218 780 Eboracenfis
2243 770 2252 779 .

1368 794 1443 825 Vide
1455 792 1622 828 Gilbertus
1636 796 1668 831 ἀ
1680 794 1832 839 Rogerus
1844 821 1852 828 .

1319 842 1558 877 Cantuariensis
1570 843 1709 878 Ecclesia
1721 846 1831 879 crescit
1842 847 1964 889 semper
1978 846 2011 879 in
2035 845 2255 880 tribulationi·

1369 892 1426 926 bus
1440 917 1448 925 .
1476 903 1553 940 293.
1566 905 1596 930 2.
1610 894 1833 928 cantuariensi
1847 896 1994 930 Ecclefiae
2017 897 2177 939 competit
2187 894 2254 930 Co·

1366 943 1496 977 ronatio
1510 943 1775 988 RegisAngliae.
1804 942 1856 991 98.
1875 956 1902 981 1.
1929 948 2002 979 vide
2027 946 2215 980 Coronatio
2241 971 2249 977 .

1364 988 1606 1026 ‘cantuariensis
1622 993 1761 1027 Ecclesia
1779 1017 1790 1033 ,
1818 995 2020 1037 Episcopus,
2044 996 2078 1029 &
2100 995 2216 1030 civitas
2238 1019 2250 1036 ,
2312 1000 2315 1003 ’

1364 1044 1457 1076 omni
1469 1043 1537 1085 jure
1551 1042 1745 1088 Legationis
1756 1043 1928 1079 ordinariae
1936 1044 2154 1078 eximuntura
2168 1044 2252 1079 Sede

1366 1092 1556 1136 Apostolica
1570 1117 1578 1125 .
2150 1091 2208 1130 68.
2225 1103 2253 1129 ι.

1315 1143 1557 1180 cantuariensis
1568 1143 1767 1178 Conventus
1787 1155 1855 1179 erat
1876 1143 2100 1179 schismaticus
2113 1168 2121 1176 .
2148 1143 2255 1179 Unus

1364 1193 1492 1236 ajebat,
1517 1204 1580 1239 ego
1594 1196 1663 1228 sum
1678 1195 1806 1240 Regis:
1834 1194 1935 1235 alter,
1963 1205 2026 1238 ego
2040 1192 2213 1237 Ranulphi
2240 1204 2251 1225 ε

1362 1246 1475 1278 tertius
1489 1269 1499 1284 ‚
1526 1255 1589 1288 ego
1603 1244 1767 1278 fortunam
1793 1245 1904 1288 sequar
1919 1258 1930 1279 .-
1956 1245 1988 1278 &
2008 1245 2064 1278 vix
2083 1254 2217 1287 quartus
2241 1266 2254 1283 ‚

1362 1294 1621 1337 quisequabatur
1635 1295 1675 1327 D.
1703 1294 1896 1328 Thomarn.
1925 1305 2002 1342 253.
2026 1304 2058 1329 2·
2089 1290 2256 1335 Monachi

1362 1344 1550 1377 deferebant
1563 1343 1675 1376 omnia
1690 1343 1729 1376 ad
1743 1343 1871 1387 Regem
1894 1354 1973 1379 202.
1998 1354 2026 1379 1.
2058 1344 2172 1378 Priore
2193 1344 2255 1377 sue

1362 1403 1495 1426 mortuo
1510 1417 1520 1431 ‚
1546 1402 1712 1426 recurrunt
1726 1391 1766 1425 ad
1780 1392 1907 1435 Regem
1923 1404 1982 1434 pro
1994 1393 2136 1427 creando
2149 1403 2252 1427 novo.

1361 1451 1431 1487 ¹99·
1447 1452 1478 1477 2·
1507 1439 1587 1474 dure
1597 1449 1776 1484 arguuntur
1797 1440 1815 1472 a
1838 1440 1963 1482 Joanne
1985 1441 2212 1474 Saresberiensi
2239 1465 2252 1482 ‚

1362 1499 1518 1524 monente
1528 1489 1619 1534 quod
1630 1489 1670 1523 ad
1687 1487 1883 1533 Episcopum
1899 1499 2056 1523 recanere
2066 1489 2245 1524 debebant.

1362 1550 1441 1578 200.
1460 1551 1488 1576 1.
1517 1539 1607 1574 Raro
1621 1539 1865 1574 conveniebant
1886 1539 1961 1573 eum
1988 1538 2251 1582 Archi-Episco-

1360 1590 1408 1634 pis
1420 1591 1499 1625 suis.
1528 1590 1602 1624 ibid.
1633 1589 1731 1624 Exuli
1746 1589 1788 1623 D.
1805 1589 1949 1623 Thomae
1962 1590 2109 1624 recusant
2120 1590 2255 1624 succur-

1358 1653 1425 1676 rere
1440 1650 1517 1680 202.
1537 1652 1564 1677 1.
1592 1650 1773 1685 arguuntur
1793 1640 1827 1674 δε
1850 1633 2059 1673 οδΐεεταοωῖ
2087 1638 2105 1672 ὲ
2127 1639 2254 1683 joanne

1357 1691 1583 1727 saresberiensi
1596 1715 1603 1722 .
1631 1690 1701 1723 ibid.
1716 1690 1916 1734 mandatque
1929 1690 1994 1723 illis
2007 1689 2093 1732 Papa
2106 1714 2116 1730 ,
2143 1699 2181 1724 ut
2206 1690 2254 1723 in·

1355 1751 1405 1775 tra
1427 1743 1512 1777 duos
1535 1740 1660 1776 menses
1680 1740 1870 1785 indigentia:
1889 1740 1937 1775 sui
1962 1740 2102 1784 praesulrs
2122 1740 2253 1774 succut-

1357 1802 1432 1825 rant
1443 1816 1450 1823 .
2128 1798 2205 1835 109-
2221 1799 2249 1825 1·

1305 1841 1555 1876 Cantuarienses
1575 1840 1633 1884 qui
1657 1849 1749 1875 erant
1772 1840 1938 1875 inferioris
1964 1838 2159 1885 dignitatis,
2185 1839 2251 1873 sile·

1356 1891 1433 1925 bant
1446 1889 1601 1933 quidem,
1627 1890 1747 1926 timore
1768 1890 1901 1932 perculsi
1922 1904 1933 1924 .-
1966 1891 2021 1925 sed
2044 1889 2110 1924 fere
2133 1900 2250 1924 omnes

1355 1939 1506 1974 favebant
1519 1939 1563 1972 D.
1574 1939 1720 1973 Thomae
1734 1962 1741 1970 .
1771 1948 1838 1974 110.
1853 1950 1885 1973 2.
1910 1940 1977 1976 sola
2002 1941 2079 1975 vero
2094 1939 2249 1984 suspicio·

1353 2001 1395 2024 ne
1407 1988 1559 2024 amicitiae
1569 1987 1839 2032 opprimebantur
1850 2013 1858 2022 .
2165 1988 2242 2022 ibid.

1306 2039 1543 2074 Cantuariense
1553 2038 1735 2083 Templum
1760 2038 1990 2073 reconciliatur
2012 2038 2085 2083 post
2107 2049 2248 2073 mortem

1357 2091 1401 2124 D.
1426 2089 1592 2130 Thomas,
1617 2089 1709 2132 cujus
1730 2088 1889 2133 sanguine
1926 2091 2031 2122 fuerat
2050 2089 2210 2122 violatum
2236 2112 2243 2119 .

1353 2146 1431 2188 371.
1450 2152 1477 2177 1·
1507 2141 1548 2173 de
1563 2139 1720 2173 mandato
1733 2138 1827 2182 Papae
1839 2134 2071 2172 reconciliatio
2083 2138 2120 2170 fit
2135 2148 2190 2179 per
2200 2138 2248 2171 so·

1354 2195 1417 2224 lam
1431 2201 1548 2234 aquam
1562 2189 1765 2224 benediftam
1777 2212 1788 2229 ,
1802 2189 1879 2223 sicut
1892 2189 1925 2221 in
1940 2187 2080 2222 Ecclefia
2092 2186 2136 2220 D.
2150 2185 2242 2221 Petri

1354 2242 1420 2274 fieri
1435 2242 1519 2275 solet
1534 2266 1542 2273 .
2168 2236 2245 2270 ibid.

1303 2291 1429 2326 Cantus
1443 2290 1681 2325 Ecclesiasticus
1703 2290 1748 2324 est
1774 2289 1900 2334 signum
1926 2287 2061 2327 laetitiae‚
2092 2297 2191 2330 quam
2211 2287 2247 2320 in

1352 2340 1465 2375 diebus
1499 2341 1652 2384 jucundis
1690 2341 1863 2375 consuevit
1892 2339 2035 2375 Ecclesia
2063 2346 2211 2372 exercere
2234 2359 2244 2369 .

1352 2388 1430 2426 281.
1455 2402 1483 2426 1·

1304 2439 1461 2482 Capitulo
1473 2439 1651 2474 Senonensi
1666 2450 1731 2472 non
1748 2440 1823 2473 licet
1837 2440 1986 2473 conferre
1999 2437 2160 2470 beneficia
2179 2437 2247 2471 stne

1352 2490 1511 2524 consensu
1537 2487 1837 2532 Archi-Episcopi,
1878 2499 1937 2521 nec
1963 2485 2244 2528 Archi-Episcopo

1293 2548 1296 2552 ‘
1351 2540 1385 2574 id
1409 2539 1561 2586 licetfine
1573 2539 1733 2573 consensu
1747 2537 1915 2581 Capituli.
1944 2536 1995 2568 Sic
2018 2534 2205 2577 juraverunt
2235 2558 2245 2568 .

1374 2599 1397 2624 0
1421 2614 1428 2622 .
1445 2601 1474 2625 1.

1303 2600 1494 2674 Car3¹di7nales
1522 2637 1670 2671 Ecclefiae
1694 2637 1856 2672 Romanae
1875 2635 1996 2670 debent
2024 2644 2134 2678 gerere
2155 2633 2241 2667 vices

1351 2687 1475 2723 Christi
1488 2689 1522 2721 in
1537 2699 1617 2722 tetra
1631 2713 1638 2720 .
1668 2696 1751 2734 205.
1769 2695 1796 2723 ι.
1825 2687 1952 2720 Suntin
1977 2683 2090 2718 mundi
2108 2684 2244 2718 cardine

1351 2738 1542 2777 constituti,
1568 2748 1603 2771 ut
1620 2737 1754 2771 liberent
1768 2735 1964 2780 pauperema
1976 2743 2128 2778 potente,
2152 2734 2185 2767 ἀ
2197 2733 2242 2775 ju·

1350 2789 1471 2824 stitiarn
1485 2789 1688 2828 decernant,
1714 2788 1747 2822 &
1772 2787 1894 2821 faciant
1919 2787 2001 2819 inter
2023 2784 2112 2817 filios
2135 2782 2242 2817 homi-

1358 2851 1438 2874 num
1456 2865 1463 2872 .
1480 2847 1592 2886 333-1·
1619 2838 1693 2872 sunt
1717 2836 1845 2871 stabiles
1870 2835 2018 2869 Ecclefiae
2040 2834 2203 2868 columnae
2228 2857 2241 2874 ,

1349 2890 1389 2924 ad
1401 2899 1479 2934 quas
1489 2891 1531 2922 est
1549 2888 1776 2922 recurrendum
1789 2887 1823 2921 in
1839 2884 2022 2920 necessitate
2035 2897 2047 2918 .-
2073 2886 2129 2925 qui
2141 2884 2176 2917 &
2187 2894 2242 2917 au-

1350 2938 1539 2974 thoritatem
1563 2938 1688 2981 justitiae
1703 2961 1713 2976 ,
1738 2937 1771 2970 ἀ
1795 2937 2000 2969 voluntatem
2023 2933 2241 2968 miserationis

1349 2989 1369 3025 ὃ
1382 2988 1532 3024 Domino
1545 2995 1735 3031 acceperunt
1751 3010 1759 3018 .
1786 2983 1865 3032 284.
1880 2997 1910 3022 2.
1936 2983 2127 3017 Cardinales
2151 2983 2239 3017 labo-

1350 3050 1423 3074 tant
1435 3036 1669 3083 componendae
1691 3036 1764 3079 paci
1786 3038 1872 3070 inter
1888 3035 2016 3078 Regem
2028 3034 2061 3067 δε
2072 3033 2117 3067 D.
2137 3031 2237 3066 Tho-

1351 3101 1456 3124 mam.
2122 3083 2192 3117 160.
2207 3090 2235 3127 ¹:

1303 3139 1549 3176 Carthufienses
1557 3135 1665 3173 fideles
1677 3135 1751 3170 Sedi
1765 3133 1963 3178 Apostolicae
1984 3143 2063 3181 219.
2073 3144 2108 3171 2·
2117 3129 2236 3168 admo-²

1353 3200 1434 3224 nent
1446 3188 1574 3234 Regem
1588 3186 1716 3231 Angliae
1738 3184 1900 3226 breviter,
1930 3184 1985 3219 sed
2007 3182 2141 3219 nervose
2160 3206 2173 3223 ‚
2197 3191 2236 3216 ac

1352 3239 1528 3274 salubriter.
2120 3243 2167 3270 22
2168 3239 2200 3278 3-
2209 3244 2233 3266 ι.

1305 3291 1482 3327 Cassandra
1504 3287 1659 3331 Troianis
1682 3288 1805 3330 semper
1821 3297 1893 3321 vera
1910 3283 2130 3330 ptaenuncians
2152 3305 2165 3322 ,
2187 3282 2236 3316 vi·

1356 3340 1492 3375 debatur
1505 3339 1643 3372 insanire
1653 3362 1661 3370 .
1688 3346 1732 3383 31
1743 3349 1767 3372 1.
1782 3349 1812 3373 2.
1838 3338 1881 3370 sic
1893 3347 1965 3371 vera
1975 3331 2233 3380 praesagientibus

1357 3389 1642 3425 noncrediderunt
1654 3388 1726 3421 Rex
1737 3388 1769 3421 δε
1782 3387 1954 3430 Episcopi.
2161 3381 2233 3415 15ίᾶ-

1309 3440 1424 3475 Caussa
1436 3441 1518 3472 inter
1526 3437 1743 3472 D-Thomam
1755 3437 1788 3470 &
1801 3437 1927 3482 Regem
1941 3435 2072 3481 Angliae
2084 3460 2092 3468 .
2115 3439 2232 3478 2302-

1358 3500 1424 3525 erar
1433 3488 1572 3526 maxime
1584 3489 1717 3534 questio
1727 3487 1929 3538 pecuniaria
1955 3495 2009 3534 ἕο·
2020 3495 2052 3532 ξ·
2077 3478 2237 3567 debf‘uffit

2144 3540 2181 3566 ux
