2358 3776
527 95 567 141 s,
614 74 907 144 THOMAE
951 79 1344 140 CANTUAR.
1391 90 1530 138 ΜΒ.
1578 94 1650 141 11.

115 187 219 232 major
237 182 394 224 afflictio,
418 182 561 218 turbatio
585 180 778 218 ferventior.
806 178 959 213 Miserere
971 188 1066 223 ergo'

117 237 239 275 nostri,
263 234 432 274 Domine,
457 234 607 268 miserere
635 231 766 272 nostri,
792 229 869 264 cnm
890 227 930 261 fit
950 238 1048 263 nemo

114 286 186 332 post
197 286 307 319 Deum
320 308 332 324 ,
346 283 403 328 qui
414 292 539 329 pugnet
549 294 608 327 pro
618 282 729 322 nobis,
756 280 815 314 nili
827 289 862 313 tu
875 277 962 312 solus
972 289 1047 313 cum

114 334 266 371 fidelibus
278 334 359 368 tuis.
386 333 542 368 Miserere
559 357 570 373 ‚
597 334 751 376 inquam,
782 328 883 364 nostri
900 336 936 362 ut
957 327 1049 362 mise-

112 392 216 421 reatur
227 384 318 418 vestri
329 384 422 418 Deus
434 384 468 417 in
481 383 625 418 distrido
645 380 815 419 examine,
844 378 920 413 cum
945 377 1048 411 reddi-

111 444 204 469 turus
219 432 321 469 'fueris
341 435 503 469 tationem
527 431 738 467 villicationis
753 428 879 465 vestrae.
905 426 987 462 Non
1000 427 1047 461 est

110 485 203 519 enim
212 485 252 519 ad
264 495 362 528 quem
372 482 529 518 habemus
546 481 709 526 refugium
736 478 807 524 post
828 479 962 518 Deum,
985 477 1045 511 nisi

111 534 154 568 ad
165 544 196 569 te
207 558 219 575 ,
246 534 324 569 cum
333 534 430 568 etiam
443 533 500 577 ipfi
510 541 681 576 opponant
694 531 724 564 se
744 526 840 562 nobis
862 527 971 561 favore
988 527 1046 561 ho-

110 583 241 619 minum
254 608 267 626 ‚
291 584 348 628 qui
369 582 493 618 intuitu
511 580 640 625 pietatis
658 581 692 615 δε
711 578 862 623 justitiae,
896 577 942 612 ob
963 588 1045 612 reve-

109 635 249 669 rentiam
268 635 369 669 etiam
385 632 587 667 sacrosancte
607 630 755 665 Ecclefiae
774 627 933 662 Romanae
952 652 963 668 ‚
991 638 1046 661 no-

109 683 237 719 biscum
247 683 327 718 stare
337 682 514 717 debuerant
524 705 536 722 ‚
560 680 595 715 δε
607 690 749 726 pugnare
761 690 820 723 pro
839 677 936 713 nobis
947 703 954 710 .
982 677 1046 711 Ex-

108 731 232 768 haustis
242 733 396 777 fiquidem
408 729 626 776 sumptibus&
637 728 862 765 vexationibus
882 728 1039 762 innume·-

107 782 176 825 τίς,
202 783 327 818 nonest
340 782 435 817 nobis
444 782 527 817 certe
539 781 581 816 de
601 788 708 824 cetero
729 790 796 824 quo
817 779 1047 822 prosequamur

108 832 323 867 vexationum
334 832 464 867 istarum
477 830 527 866 vel
537 830 709 864 minimam
722 855 730 863 .
754 830 925 864 Succurrat
934 828 1046 872 itaque

107 880 247 916 nobis&
258 881 407 916 Ecclefiae
416 881 530 916 nostrae
541 904 554 921 ,
579 881 601 914 si
614 881 720 924 placet
730 904 742 921 ,
770 879 917 914 celeriter
928 887 985 913 tua
999 879 1047 913 su-

107 929 252 965 blimitas
263 954 275 971 ‚
299 931 334 965 &
345 931 496 975 imponat
507 932 606 965 finem
617 929 695 964 huic
704 928 835 964 malitiae
844 954 855 970 ‚
873 939 915 964 ne
926 937 1046 972 protra-

105 976 203 1016 hatur
212 979 367 1022 ulterius,
395 980 552 1025 quoniam
563 990 690 1024 tempus
699 981 743 1014 est
757 1005 765 1012 .
791 979 862 1013 Vix
874 979 964 1014 enim
977 978 1021 1013 est
1037 1001 1047 1016 ‚

104 1030 254 1067 ucetiam
266 1042 326 1075 prae
336 1031 448 1065 nimiis
470 1030 626 1075 angustiis
648 1030 764 1074 spirare
785 1029 970 1064 valeamus:
997 1039 1048 1062 ac-

104 1079 208 1115 celera
218 1091 298 1126 ergo
309 1090 347 1115 ut
357 1081 533 1116 sentiamus
541 1079 650 1125 gratiae
666 1090 729 1115 tuae
752 1080 949 1115 beneficium
962 1103 973 1118 ,
993 1089 1047 1113 an·

104 1131 236 1174 tequam
247 1131 444 1165 moriamur.
471 1129 590 1166 Valeat
602 1131 636 1165 &
655 1131 742 1165 vivat
764 1130 797 1163 in
815 1140 960 1174 tempora
970 1127 1047 1162 lon-

105 1190 150 1225 ga
164 1178 281 1215 dilecta
292 1180 388 1215 nobis
397 1181 430 1215 δε
444 1181 657 1224 superomnia
670 1181 740 1224 post
752 1180 819 1213 Dei
837 1189 983 1213 amorem
994 1188 1045 1211 ne-

105 1229 239 1263 cessaria
250 1240 305 1264 tua
326 1231 433 1264 sancta
453 1230 670 1274 Benignitas,
696 1239 733 1264 ut
754 1240 810 1264 tua
819 1226 1046 1262 munificentia

56 1282 59 1287 ’
106 1279 305 1322 incipiamus
325 1280 358 1312 δι
378 1290 440 1314 nos
462 1280 673 1318 reviviscere,
699 1278 757 1320 qui
776 1278 843 1319 jam
864 1276 1045 1319 incepimus

105 1328 192 1363 mori
204 1352 212 1359 .
237 1327 389 1373 Preterea
400 1328 511 1361 noscat
521 1325 673 1361 discretio
695 1326 795 1360 vestra
808 1349 819 1365 ,
844 1325 934 1369 quod
944 1322 1046 1358 tribus

105 1376 241 1418 diebus,
266 1377 440 1422 antequam
461 1376 704 1420 supervenirent
725 1374 821 1410 nobis
839 1375 924 1410 mala
948 1374 1007 1408 ista
1034 1398 1046 1415 ,

104 1427 249 1465 exierant
260 1426 387 1461 Nuntii
399 1429 418 1461 a
429 1426 526 1461 nobis
536 1438 613 1461 cum
626 1425 743 1461 litteris
762 1426 877 1460 nostris
890 1448 903 1467 ,
927 1424 1046 1469 quibus

103 1476 343 1513 nuntiabamus
353 1477 510 1511 sanctitati
522 1477 629 1510 vestrae
637 1501 647 1517 ,
673 1476 812 1519 qualiter
821 1476 839 1509 a
851 1473 985 1519 Legatis
996 1484 1046 1508 ve-

106 1526 442 1568 ssrisdiscefferamus.
471 1525 632 1561 Scribebat
641 1526 732 1561 enim
744 1525 837 1560 vobis
850 1525 925 1559 Rex
941 1525 1046 1558 Fran-

105 1587 222 1611 corum
242 1575 533 1612 Christianiffimus
553 1577 587 1611 δε
605 1576 736 1621 Regina
758 1599 770 1616 ,
796 1576 829 1609 ἃ.
851 1573 986 1619 quidam
1007 1573 1047 1606 de

104 1625 357 1672 Principibus&
370 1627 539 1671 Episcopis
550 1626 662 1671 Regni
675 1626 723 1660 sui
744 1649 756 1667 ‚
782 1624 979 1668 quidamque
988 1623 1048 1658 mi-

103 1687 204 1711 nores
215 1676 327 1711 Amici
340 1677 431 1711 vestri
442 1699 453 1716 ,
478 1676 621 1711 laetantes
631 1675 666 1709 ὅς
675 1675 896 1721 glorificantes
907 1675 1020 1709 Deum
1036 1695 1049 1713 ,

104 1726 287 1771 gratiasque
310 1727 387 1762 Deo
407 1726 441 1760 δε
461 1725 555 1760 vobis
575 1735 707 1771 agentes
726 1751 738 1767 ,
762 1723 896 1769 eoquod
915 1722 1048 1759 manife-

104 1777 191 1810 stum
203 1786 272 1810 erat
293 1787 335 1810 ex
354 1776 497 1810 adventu
517 1775 718 1819 Legatorum
739 1774 916 1807 vestrorum
928 1796 940 1812 ,
964 1772 1046 1804 ficut

104 1824 143 1859 id
153 1824 211 1868 ipfi
223 1825 377 1859 Domino
388 1823 476 1867 Regi
486 1833 543 1857 ore
563 1822 605 1855 ad
627 1832 665 1856 os
687 1822 943 1860 insinuaverant,
967 1819 1047 1854 falsa

104 1874 169 1909 effe
187 1883 225 1908 ac
243 1872 484 1908 mendaciffima
505 1895 517 1912 ,
543 1882 614 1915 quae
637 1872 777 1915 Joannes
798 1870 855 1904 ille
876 1868 1048 1904 Oratorde

103 1922 299 1959 Oxeneford
311 1947 324 1965 ,
349 1922 450 1957 &alii
474 1921 603 1960 Nuncii
625 1921 730 1966 Regis
747 1918 995 1965 praedicaverant
1006 1917 1048 1953 de

101 1973 295 2019 ,gravamine
314 1972 349 2006 δε
374 1971 554 2016 dejectione
566 1971 674 2006 nostra
686 1972 794 2006 futura
815 1981 872 2014 per
882 1970 1044 2014 Legatos.

106 2022 216 2059 Unde
222 2023 409 2059 scandalum
420 2021 585 2056 ineffabile
594 2030 704 2056 ortum
715 2020 829 2055 eratin
840 2029 914 2054 toto
924 2019 1047 2063 Regno

105 2073 307 2119 Francorum
316 2097 327 2114 ,
355 2073 390 2107 δε
400 2071 486 2116 apud
496 2081 609 2106 omnes
619 2094 629 2110 ‚
641 2071 682 2104 ad
693 2081 776 2114 quos
789 2080 901 2103 rumor
914 2068 970 2102 ille
981 2079 1047 2111 per-

106 2133 258 2166 venerat,
285 2122 493 2167 praeterquam
516 2122 602 2165 apud
624 2119 822 2155 adversarios
844 2118 990 2153 Ecclefiae
1011 2117 1046 2151 ὃς

105 2173 252 2210 nostros.
279 2173 343 2209 Sed
353 2174 441 2207 versa
450 2172 496 2206 est
506 2170 745 2207 citharaistain
768 2170 887 2203 lustum
905 2192 917 2209 ,
942 2168 976 2202 &
997 2167 1046 2202 lae-

107 2225 181 2261 titia
199 2224 260 2259 ista
282 2224 319 2258 in
339 2233 528 2263 maerorem,
553 2222 714 2265 factusque
723 2219 768 2255 est
779 2230 867 2254 error
887 2219 945 2253 iste
957 2217 1047 2263 pejor

108 2275 232 2320 priore.
255 2272 403 2306 Petimus
415 2272 543 2315 itaque,
567 2280 604 2305 ut
615 2271 740 2314 placeat
766 2269 927 2305 sanctitati
941 2267 1047 2302 vestrae

107 2322 349 2367 supervenienti
361 2322 478 2356 morbo
489 2321 626 2356 celerem
649 2319 802 2354 adhibere
824 2317 1022 2354 medicinam
1035 2342 1046 2358 ,

109 2383 270 2416 quatenus
281 2373 337 2406 fiat
346 2371 499 2413 omnibus
507 2372 542 2404 in
555 2370 730 2405 manifesto
741 2393 753 2409 ,
777 2370 857 2404 ficut
867 2369 913 2403 rei
928 2369 1046 2402 veritas

108 2425 142 2458 se
154 2423 251 2457 habet
263 2445 274 2461 ,
299 2421 380 2455 citra
389 2420 625 2455 conscientiam
643 2420 778 2453 vestram
795 2419 829 2453 &
848 2418 1046 2452 Mandatum

108 2473 168 2507 issa
176 2471 267 2507 fuisse
276 2471 465 2515 praesumpta
477 2495 486 2503 .
513 2468 631 2505 Valeat
643 2468 759 2503 iterum
779 2469 930 2505 sanctitas
945 2469 1046 2502 vestra

110 2523 144 2557 δε
157 2522 192 2557 in
203 2530 358 2558 aeternum
369 2546 376 2554 .

256 2668 668 2706 EPISTOLA
744 2669 900 2705 XLV111.

227 2776 374 2817 Joannes
398 2768 623 2812 Saresberienfis
649 2772 740 2805 Petro
763 2772 923 2812 Scriptori.

213 2871 391 2908 ARITAS
417 2870 682 2907 intermeantium
704 2869 799 2905 nobis
809 2866 971 2904 subtrahit
983 2878 1050 2902 mu·

238 2933 295 2958 tua
304 2923 416 2958 solatia
438 2922 615 2957 litterarum
628 2946 639 2962 ,
664 2923 698 2957 &
709 2919 831 2961 chaos,
855 2919 945 2965 quod
963 2917 1048 2953 inter

114 2985 199 3013 nos,
223 2972 344 3007 meritis
356 2974 473 3007 nostris
483 2972 712 3018 exigentibus,
738 2973 757 3005 a
780 2971 932 3005 Domino
944 2969 1048 3004 firma-

115 3033 187 3057 tum
197 3021 242 3056 est
252 3044 264 3060 ‚
288 3023 435 3057 securum
447 3022 717 3058 intermeantibus
736 3022 875 3065 denegat
887 3030 1048 3054 commea-

112 3082 188 3107 tum
202 3097 211 3105 .
233 3070 297 3106 Sed
308 3071 383 3106 licet
394 3071 598 3108 subtrahatur
617 3072 843 3116 opportunitas
861 3070 1046 3113 colloquen-

114 3123 150 3158 di
162 3146 175 3163 ,
198 3133 269 3157 non
280 3120 469 3166 praepeditur
478 3133 600 3158 mutuae
619 3122 804 3156 dilestionis
823 3121 970 3160 affectio,
995 3120 1046 3154 sed

114 3173 297 3207 amantium
308 3182 399 3205 more
408 3195 420 3212 ,
445 3181 512 3215 quo
521 3173 625 3218 magis
637 3173 805 3207 succensos
815 3172 941 3206 animos
954 3180 1047 3204 vexat

115 3232 223 3258 metus
237 3222 271 3255 δε
293 3231 408 3255 manus
425 3221 672 3264 corripientium
691 3246 704 3263 ,
737 3221 779 3256 eo
797 3220 993 3256 cumulatius
1015 3220 1046 3254 ὅ(

112 3271 279 3308 ardentius
289 3271 427 3308 charitas
440 3270 569 3314 suscipit
580 3272 814 3306 incrementum
828 3297 835 3304 .
863 3271 897 3306 Si
919 3280 951 3305 te
969 3281 1046 3314 ergo

118 3324 151 3356 ὅ(
161 3322 243 3356 alios
255 3321 392 3355 Amicos
402 3320 511 3355 videte
521 3330 590 3354 non
601 3321 697 3361 licet,
724 3322 746 3355 sr
758 3321 879 3357 mutuis
890 3321 1046 3356 deservire

117 3369 279 3415 obsequiis
290 3380 356 3404 non
369 3370 605 3414 permittimur,
630 3379 738 3406 amare
747 3372 832 3407 certe
842 3373 919 3407 licet
930 3370 1014 3406 votis
1035 3395 1046 3410 ,

115 3420 366 3461 &orationibus
382 3419 549 3463 adjuvare.
576 3417 728 3455 Charitas
746 3432 842 3467 ergo,
868 3433 906 3458 ut
924 3419 1046 3457 dietum

215 3469 326 3512 Christ.
340 3473 417 3513 Lupi
433 3474 532 3513 Opera
550 3473 628 3504 Tom.
652 3471 693 3504 X.

1890 117 1951 149 20

1111 176 1182 218 est,
1201 175 1348 212 cohiberi
1359 186 1428 211 non
1441 176 1548 235 potest
1561 192 1572 212 .-
1598 183 1675 224 quia
1699 184 1749 218 ubi
1767 185 1895 230 spiritus
1907 118 2050 233 nolint,

1112 228 1154 262 tbi
1162 225 1198 268 est
1207 227 1331 261 libertas
1342 251 1354 268 ,
1381 237 1450 261 non
1463 228 1541 262 licet
1553 228 1808 272 Ecclefiastieam
1832 248 1941 274 tenere
1951 239 1985 274 δε
1996 240 2050 275 de.

1114 276 1243 335 fendere
1256 277 1440 313 libertatem
1450 301 1464 318 ,
1486 277 1573 312 certe
1590 279 1790 335 proclamare
1811 287 1887 323 licet
1898 313 1910 330 ,
1934 289 1968 324 ἀ
1978 288 2049 334 pm-

1114 326 1220 362 testari
1232 328 1392 363 Mandata
1404 327 1505 373 Legis
1516 328 1648 362 Divrnae
1660 340 1675 371 ;
1689 329 1762 363 licet
1775 343 1832 374 pro
1847 339 1947 374 verbo
1959 341 2025 374 De}
2034 362 2047 380 ‚

1072 379 1084 390 ·’
1114 377 1202 422 quod
1212 378 1248 411 in
1259 389 1356 414 carne
1368 379 1513 422 suscepta
1526 380 1558 412 se
1570 389 1628 422 pro
1639 377 1735 414 nobis
1744 380 1845 415 morti
1863 389 2010 430 exposuit
2020 391 2023 394 '
2034 414 2048 432 ‚

1113 438 1275 470 exponere
1287 439 1353 464 non
1368 428 1471 463 mode>
1484 428 1697 463 facultates&
1717 430 1894 473 perituram
1916 437 2048 480 supelle-

1113 477 1219 512 &ilem
1244 476 1340 522 hujus
1362 477 1508 518 Mundi,
1535 478 1588 513 sed
1611 479 1645 514 ἀ
1666 478 1792 515 animas
1814 479 1936 516 nostras
1953 507 1960 514 .
1986 487 2047 522 me

1113 536 1223 562 autem
1239 527 1399 564 bonarum
1411 527 1572 563 mentium
1596 530 1736 572 Spiritus
1755 529 1923 566 institutor
1942 530 1978 566 in
1988 531 2051 568 hae

1113 576 1209 611 nobis
1220 579 1392 614 affefflone
1412 579 1682 623 perseverantiam
1694 580 1851 625 largiatur
1861 605 1873 622 ,
1883 581 1940 626 qui
1952 581 2050 626 ipfius

1111 626 1290 663 affectionis
1303 630 1447 664 contulit
1460 629 1664 663 voluntatem
1678 655 1686 662 .
1714 630 1758 665 Et
1770 631 1903 675 quidem
1924 633 1992 676 spes
2003 633 2050 668 est

1111 679 1326 713 reformandae
1348 679 1436 723 pacis
1459 679 1700 714 interveniente
1722 674 2050 727 o*pera&diligentia

1111 726 1337 763 Cardinalium
1352 752 1364 768 ‚
1391 730 1448 773 qui
1459 730 1500 764 ad
1514 728 1579 764 hoc
1589 729 1673 765 miffi
1685 731 1782 773 sunt,
1808 730 1866 764 nifi
1889 729 2049 768 fortehoc

1111 788 1222 820 pacem
1232 778 1381 820 differat,
1407 779 1497 823 quod
1514 781 1683 815 Dominus
1714 779 1957 816 cantuariensis
1978 781 2050 817 nu!-

1109 827 1150 862 lis
1170 828 1421 864 conditionibus
1441 828 1624 875 adquiescet
1637 855 1649 873 ,
1674 829 1734 866 nisi
1755 830 1896 866 Ecclefia
1918 831 2050 876 Anglo·

1110 888 1182 912 rum
1201 877 1311 914 debita
1332 879 1470 924 gaudeat
1492 880 1658 916 libertate.
1686 880 1790 928 Qiod
1811 891 1921 916 autem
1932 881 2010 917 dico
2034 884 2049 924 ',

1109 927 1217 962 Debita
1228 955 1239 971 ,
1267 941 1336 965 non
1349 929 1389 964 ad
1400 930 1535 974 alicujus
1545 931 1684 966 Henrici
1692 940 1839 975 tempora
1860 932 2016 967 reseratur
2032 956 2048 975 ‚

1111 979 1163 1014 sed
1189 980 1231 1014 ad
1258 979 1347 1015 verbi
1374 981 1440 1015 Dei
1468 981 1632 1027 legitimas
1658 982 1839 1016 sanctiones
1863 1007 1875 1023 ,
1900 983 1978 1027 quia
2003 993 2048 1016 ex

1111 1030 1303 1073 profeffione
1339 1030 1561 1065 Henricianus
1597 1032 1659 1066 effe
1695 1042 1765 1066 non
1802 1031 1901 1067 debet
1934 1057 1947 1075 ,
1993 1031 2049 1067 sed

1110 1079 1315 1115 Christianus
1342 1104 1350 1112 .
1385 1080 1447 1115 Sed
1473 1080 1558 1116 forte
1581 1081 1714 1126 objicies
1738 1107 1750 1124 ,
1776 1081 1799 1116 fi
1827 1082 1872 1117 ita
1898 1080 2009 1117 statuit
2035 1105 2050 1123 ,

1109 1129 1208 1173 quare
1231 1131 1342 1175 fugit?
1368 1131 1479 1179 Qare
1503 1141 1556 1166 tot
1580 1133 1615 1166 δε
1640 1132 1739 1166 tantis
1765 1131 1916 1175 periculis
1940 1143 2049 1176 expo-

1109 1180 1172 1214 suit
1200 1181 1374 1215 Ecclesiam
1408 1205 1420 1222 ,
1454 1193 1514 1225 pro
1548 1194 1612 1226 qua
1644 1183 1791 1216 animam
1817 1178 2048 1217 Sacerdotibus

1083 1226 1085 1230 ’
1109 1230 1294 1271 ponendam
1317 1231 1379 1263 effe
1399 1233 1627 1273 praenoverat?
1652 1230 1685 1264 Si
1708 1231 1795 1276 leges
1817 1232 2011 1275 Principum
2034 1254 2048 1272 ,

1110 1279 1143 1312 ἀ
1153 1278 1255 1312 avitas
1266 1279 1378 1322 Regni
1398 1280 1653 1313 consuetudines
1665 1280 1802 1314 Divinis
1827 1280 2049 1315 sanctionibus

1109 1337 1178 1362 non
1201 1328 1343 1370 praeferre
1364 1326 1508 1360 decrevit
1529 1351 1540 1367 ,
1574 1326 1674 1370 quare
1693 1327 1781 1371 apud
1803 1328 2050 1363 clarendunam

1109 1378 1144 1411 in
1164 1375 1373 1421 reprobarum
1395 1377 1675 1412 consuetudinum
1696 1377 1792 1411 verba
1813 1377 1950 1421 juravit,
1976 1390 2050 1422 qua:

1110 1427 1243 1462 Divinis
1265 1427 1366 1472 Legis
1386 1427 1421 1461 δε
1443 1428 1627 1462 sanctorum
1650 1426 1786 1462 Patrum
1805 1427 2051 1464 constitutioni·

1109 1477 1170 1512 bus
1191 1477 1320 1521 penitus
1339 1477 1570 1511 adversantur?
1608 1477 1719 1522 Qare
1740 1478 1772 1510 se
1793 1488 1864 1512 non
1886 1478 2009 1522 ingerit
2034 1502 2048 1519 ,

1110 1538 1147 1561 ut
1191 1528 1228 1560 in
1264 1527 1453 1569 conspeetu
1472 1526 1605 1570 Regum
1634 1527 1669 1560 δε
1702 1524 1893 1571 Principum
1919 1526 2053 1573 Legem*

1111 1576 1177 1610 Dei
1201 1576 1354 1619 loquatur
1372 1575 1553 1618 intrepidus
1573 1576 1587 1609 ?
1623 1575 1705 1609 Haec
1726 1575 1816 1610 enim
1836 1578 1949 1612 omnia
1970 1588 2051 1623 gen-

1110 1637 1158 1660 tes
1168 1626 1338 1671 inquirunt
1350 1649 1358 1657 .
1383 1626 1482 1669 Fugae
1495 1625 1626 1668 quidem
1650 1624 1750 1659 habet
1769 1625 1940 1662 authorem
1953 1626 2050 1662 Chri-

1112 1677 1216 1715 stum,
1242 1687 1280 1711 ac
1301 1673 1502 1718 Apostolum
1523 1675 1589 1717 ejus
1602 1698 1614 1714 ,
1638 1675 1697 1718 qui
1717 1675 1864 1710 dimiffus
1883 1677 1919 1710 in
1941 1679 2051 1721 sporta

1111 1726 1371 1770 persequentium
1388 1733 1514 1758 *manus
1538 1722 1637 1756 evasit
1652 1746 1664 1763 ,
1691 1723 1795 1757 sciens
1818 1724 1838 1758 a
1863 1725 1946 1760 facie
1982 1739 2053 1772 pet.

1110 1777 1225 1809 sonam
1242 1797 1256 1814 ,
1281 1784 1350 1807 non
1374 1773 1503 1806 causam
1525 1772 1743 1816 persequentis
1764 1773 1808 1809 ab
1830 1786 1898 1811 una
1919 1775 2055 1813 civitate

1112 1822 1310 1869 fugiendum
1332 1823 1395 1856 effe
1417 1822 1452 1856 in
1474 1821 1588 1856 aliam.
1609 1821 1762 1862 ,Videbat
1782 1825 1875 1860 enim
1897 1826 2053 1871 Reges&

1110 1875 1277 1917 Principes
1314 1872 1503 1908 conveniffe
1538 1871 1688 1907 adversus
1714 1873 1903 1910 Dominum
1937 1877 1973 1911 dc
1997 1877 2054 1913 ad·

1110 1935 1217 1959 versus
1226 1922 1395 1958 Christum
1408 1923 1475 1966 ejus
1489 1948 1497 1956 .
1525 1923 1689 1968 Confugit
1700 1923 1788 1959 enim
1799 1926 1840 1959 ad
1855 1925 2049 1962 Romanum

1110 1974 1309 2014 Pontificem
1326 1997 1337 2014 ‚
1363 1984 1459 2015 quem
1479 1974 1694 2016 appellaverat
1716 1998 1728 2014 ‚
1754 1985 1791 2009 ut
1810 1974 1882 2019 ejus
1903 1977 2049 2021 praefidio

1111 2022 1252 2058 validius
1275 2023 1495 2067 opitularetur
1514 2023 1666 2059 Ecclefiae
1685 2026 1890 2071 naufraganti
1906 2051 1918 2067 ,
1949 2037 2047 2071 quam

1110 2074 1145 2107 in
1158 2072 1284 2118 Anglia
1298 2097 1309 2113 ,
1336 2082 1372 2108 ut
1397 2073 1538 2115 dicitur,
1552 2071 1730 2119 “Principes
1752 2075 1965 2111 Sacer-dotum
1981 2089 2056 2112 ma--

1109 2122 1197 2158 xime
1207 2124 1483 2169 summergebant.
1496 2125 1574 2159 Hoc
1586 2135 1697 2160 autem
1709 2137 1777 2161 non
1790 2128 1854 2161 fuit
1867 2127 2045 2162 Ecclesiam

1107 2184 1293 2217 exponere,
1319 2174 1373 2208 sed
1396 2174 1583 2210 liberationi
1606 2176 1674 2219 ejus
1695 2188 1828 2220 operam
1850 2177 1927 2212 dare
1948 2202 1960 2219 ,
1986 2178 2046 2212 nili

1108 2224 1304 2258 fortemne
1316 2223 1379 2256 tibi
1401 2236 1517 2259 navem
1540 2226 1722 2270 relinquere
1742 2226 1914 2269 videatur,
1939 2227 1995 2273 qui
2009 2236 2047 2262 ut

1105 2283 1178 2309 eam
1190 2273 1231 2307 ad
1244 2281 1375 2316 portum
1388 2275 1552 2316 pertrahat
1565 2299 1577 2315 ,
1588 2275 1739 2319 scapham
1750 2277 1934 2323 ingreditur
1945 2301 1953 2310 .
1970 2276 2048 2312 Pol-

1106 2322 1324 2358 licitationem
1335 2321 1553 2357 Clarendunae
1562 2349 1572 2364 ‚
1588 2324 1630 2358 ad
1642 2335 1739 2368 quam
1751 2326 1793 2361 de
1804 2328 1943 2363 confilio
1956 2327 2047 2373 Epis·

1106 2384 1266 2418 coporum
1284 2373 1446 2415 impulsus
1464 2372 1510 2408 est
1523 2399 1532 2415 ‚
1558 2384 1694 2419 purgare
1705 2386 1772 2410 non
1796 2378 1941 2421 possum:
1969 2378 2047 2420 quia

1109 2435 1177 2459 non
1188 2424 1293 2458 fuerat
1305 2422 1417 2466 utique
1437 2423 1587 2458 facienda
1600 2448 1612 2464 ,
1638 2425 1692 2458 sed
1711 2427 1868 2460 offensam
1890 2427 2046 2460 confeffio

1107 2472 1207 2509 diluit
1217 2480 1349 2516 accepta
1360 2472 1547 2508 solemniter
1557 2474 1750 2517 poenitentia
1761 2476 1779 2508 Ξι
1793 2476 1920 2509 summo
1930 2475 2044 2510 Ponti-

1108 2524 1189 2565 fice,
1225 2523 1283 2567 qui
1305 2524 1464 2567 perversas
1486 2522 1559 2557 illas
1576 2522 1828 2558 consuetudines
1849 2524 1962 2558 multis
1983 2535 2044 2559 au-

1109 2572 1275 2609 dientibus
1305 2571 1505 2607 authoritate
1540 2570 1734 2614 Apostolica
1771 2574 2006 2610 condemnavit
2033 2601 2042 2608 .

1112 2624 1144 2659 Si
1153 2625 1184 2659 se
1194 2634 1263 2658 non
1276 2623 1397 2668 ingerit
1415 2620 1630 2666 quaerentibus
1642 2623 1786 2656 animam
1799 2623 1865 2665 ejus
1878 2649 1888 2663 ‚
1900 2636 1976 2658 cum
1989 2626 2042 2659 via

1112 2671 1218 2719 pateat
1226 2671 1435 2708 commodior
1445 2672 1480 2705 δε
1491 2671 1663 2712 salubrior,
1672 2672 1755 2706 recte
1765 2672 1855 2715 facit,
1866 2672 2043 2718 Propheta·

1111 2725 1224 2759 rum&
1236 2721 1475 2766 Apostolorum
1497 2722 1597 2756 fretus
1608 2722 1781 2766 exemplo,
1807 2735 1883 2758 cum
1894 2724 2006 2759 David
2032 2751 2044 2767 ,

1113 2774 1249 2812 Helias,
1276 2772 1411 2812 Petrus,
1436 2769 1604 2806 &Pau-lus
1615 2770 1779 2807 hocidem
1802 2774 1909 2808 fecisse
1932 2774 2041 2819 legan-

1112 2832 1162 2858 tur
1172 2849 1180 2857 .
1208 2822 1264 2856 Est
1274 2821 1364 2856 enim
1376 2828 1499 2856 tentare
1512 2821 1623 2858 Deum
1634 2845 1646 2864 ‚
1673 2824 1817 2867 seipsum
1828 2826 1921 2858 certis
1931 2825 1964 2858 &
1975 2836 2043 2859 ma-

1113 2873 1236 2909 nifestis
1245 2871 1402 2914 objectare
1424 2871 1598 2915 periculis,
1624 2885 1700 2908 cum
1724 2875 1757 2908 in
1772 2875 1923 2909 Domino
1936 2884 2041 2919 pateat

1110 2922 1338 2968 opportunitas
1348 2920 1504 2956 evadendi
1518 2947 1526 2955 .
1554 2923 1647 2958 Deus
1658 2934 1764 2958 autem
1778 2949 1789 2965 ,
1816 2924 2045 2969 quijamince⁴

1109 2974 1158 3017 pit
1170 2972 1345 3007 Ecclesiam
1355 2971 1490 3006 suamin
1513 2974 1619 3016 capite
1638 2974 1820 3016 consolari,
1847 2987 1901 3019 per
1923 2975 2042 3008 miseri-

1107 3024 1252 3057 cordiam
1261 3023 1350 3056 suam
1361 3021 1626 3057 consolidabit&
1639 3024 1783 3058 membra
1801 3026 1847 3059 τὰ
1860 3027 1915 3069 qui
1927 3024 2043 3058 Theu-

1107 3072 1256 3107 tonicum
1266 3071 1465 3115 Tyrannum
1475 3072 1753 3108 schismaticorum
1765 3074 1955 3119 Principum
1969 3086 2043 3108 coe-

1105 3124 1155 3168 git
1175 3121 1217 3157 ab
1240 3121 1337 3157 Urbe
1359 3122 1506 3157 recedere
1528 3122 1699 3157 confusum
1722 3147 1733 3163 ‚
1768 3125 1834 3168 ipse
1857 3126 2039 3159 Dominum

1107 3174 1232 3218 Regem
1256 3171 1444 3217 Anglorum
1467 3174 1569 3216 gratia
1593 3174 1644 3207 sua
1659 3172 1784 3207 reducet
1802 3176 1834 3208 ὅ(
1857 3175 1991 3209 deducet
2004 3174 2039 3205 in

1107 3223 1192 3257 viam
1215 3224 1331 3256 restam
1364 3247 1376 3264 ,
1400 3232 1437 3256 ut
1457 3223 1497 3255 de
1509 3233 1622 3256 caetero
1645 3224 1848 3258 Confiliariis
1868 3224 1961 3257 malis
1973 3232 2039 3254 non

1105 3273 1306 3317 adquiescat.
1337 3272 1380 3305 Et
1409 3273 1430 3304 fi
1445 3272 1778 3317 Astrologiscreditur
1797 3298 1808 3314 ,
1833 3284 1916 3315 quos
1931 3282 2042 3305 tamen

1106 3334 1169 3367 ego
1184 3334 1252 3357 non
1266 3322 1408 3357 multum
1420 3320 1530 3355 audire
1542 3322 1660 3366 dignor
1674 3349 1683 3363 ,
1707 3322 1874 3356 annusiste
1884 3333 1923 3355 ex
1936 3322 2040 3354 forma

1107 3372 1370 3407 constellationis
1389 3369 1509 3405 dicitur
1532 3373 1592 3406 elie
1614 3372 1768 3406 mirabilis
1781 3395 1792 3410 ‚
1816 3371 1848 3403 &
1868 3371 1903 3404 in
1927 3382 1967 3404 eo
1980 3371 2043 3404 Re-

1109 3434 1189 3468 gum
1201 3421 1335 3459 confilia
1347 3421 1606 3463 mutabuntun&
1619 3422 1651 3455 in
1667 3420 1755 3453 Orbe
1765 3418 1961 3456 crebrescent
1978 3420 2044 3454 bel-

1653 3469 1675 3503 S
1724 3480 1747 3507 2
1946 3471 1998 3511 la,
