2358 3776
210 1516 222 1525 ·
273 1509 545 1553 Papaeftribente‚
572 1509 659 1552 quod
683 1510 867 1542 maximum
895 1509 1095 1553 ingereretur
1118 1509 1227 1543 Eccle-

363 140 422 184 32
979 114 1439 168 ''VITA'

285 211 514 250 emieiffimum
529 206 664 242 alterum
677 231 688 248 ,
714 206 747 241 u&
760 205 918 240 instanter
931 204 971 239 ab
983 203 1052 248 ipso
1070 204 1212 248 petitum
1226 227 1238 244 ,

285 265 425 300 alterum
447 258 562 292 autem:
576 269 618 291 ex
630 257 703 292 aliis
715 258 815 290 causis
828 257 1006 299 suspestum
1019 254 1139 290 habens
1153 280 1164 294 ‚
1191 266 1235 289 re·
1302 254 1397 290 bant.
1427 257 1524 291 Unde
1547 258 1670 303 singula
1690 254 1754 290 sere
1778 279 1790 295 ,
1817 265 1888 298 quae
1910 254 1929 289 a
1952 256 2182 293 Cardinalibus
2205 257 2246 291 de

288 313 408 348 cusavit
436 318 637 351 uta-umque.
678 305 817 341 Dicebat
850 305 941 340 enim
973 307 1175 349 nequaquam
1202 306 1234 338 se
1301 317 1376 349 pace
1387 307 1676 352 proponebantur,
1707 304 1989 349 Archi-Episcopo
2009 307 2122 343 &suis
2140 310 2247 353 suspe-

289 357 693 400 Wilhelmiujurisdiffloni
715 357 750 390 in
767 356 861 390 causa
880 354 998 390 debere
1016 355 1151 399 subjici,
1177 354 1252 400 qui}
1299 357 1347 390 &a
1367 369 1459 393 erant
1481 383 1491 398 ,
1529 356 1752 391 metuentibus
1772 355 1841 399 capi
1863 355 1898 389 in
1922 356 2124 393 sermonibus
2146 384 2158 400 ‚
2182 359 2244 403 qui

286 411 391 456 Regis
411 409 568 443 instantia
583 406 691 451 potiris
714 406 927 446 mittebatur,
950 404 1049 448 quam
1074 406 1139 450 ipse
1163 410 1251 446 coa-2
1297 407 1419 442 molliti
1443 409 1475 442 ὃ(
1497 408 1613 441 melliti
1626 417 1738 448 erant,
1763 407 1797 440 ὃς
1817 416 1928 440 tamen
1940 407 1997 449 ipsi
2019 405 2244 443 nihilominus

286 463 355 497 &us
374 461 411 495 &
434 460 545 496 rniffus
573 457 746 491 veniebat.-
776 456 906 498 thuia
922 456 1137 499 noneratjuri
1153 448 1252 526 con-¹
1297 456 1422 499 jacula.
1451 458 1588 492 Diutius
1610 458 1713 502 igitur
1733 457 1768 492 δε
1797 456 1936 491 inaniter
1958 459 2118 499 protrasto
2141 458 2244 494 eollo-

283 513 473 546 sentaneum
496 507 599 543 subire
620 507 688 550 ejus
710 506 868 550 judicium
892 531 903 546 ‚
930 507 986 550 qui
1009 506 1050 541 de
1075 506 1251 551 sanguine.
1298 508 1376 550 quio
1394 530 1405 547 ,
1428 509 1562 543 tandem
1588 508 1704 541 infesta
1728 517 1806 551 pace
1829 531 1839 547 ,
1872 504 1975 540 imm&
2001 506 2100 542 etiarn
2122 507 2245 552 absque

283 562 341 595 cuo
363 560 419 594 sibi
441 558 675 593 commercium
689 559 792 591 facere
806 557 966 600 quaerebat
987 581 997 596 ‚
1022 558 1055 594 ὅς
1078 556 1234 599 depictio
1297 559 1390 592 omni
1417 560 1469 601 spe
1491 560 1577 601 pacis
1600 570 1654 601 per
1678 559 1763 601 ipsos
1777 557 1896 591 deinde
1918 556 2072 590 faciendae
2090 582 2101 598 ,
2125 557 2245 592 Archi-

285 607 608 653 nomen&gloriam
622 632 629 639 .
657 606 753 641 Adeo
777 618 886 640 autem
909 607 1074 641 recusa-bat
1089 631 1099 647 ,
1127 617 1163 641 ut
1173 618 1234 643 exv
1298 608 1645 652 Episcopus&Legati
1659 608 1855 642 abinvicem
1881 607 2089 641 discesserunt
2103 630 2114 647 ‚
2139 607 2246 653 Lega-

280 659 578 696 communicaiioni
609 658 723 701 subjici
746 657 857 691 mallet
883 681 894 697 ,
938 668 1037 701 quam
1059 658 1128 701 ejus
1150 657 1231 700 judi·
1296 658 1336 691 tis
1361 659 1495 704 quidem
1518 658 1558 692 ad
1583 660 1711 702 Regem
1738 658 1910 691 confestim
1924 656 2176 692 revertentibus.
2203 657 2244 692 In

278 711 370 747 cium
403 710 509 744 subire
542 709 575 742 in
599 709 712 750 aliquo
734 716 824 741 extra
852 707 987 741 Curiam
1012 707 1197 742 Romanam
1220 733 1227 739 .
1295 708 1527 743 Cenomannia
1556 708 1652 747 vero,
1679 709 1713 741 'in
1737 709 1870 742 civitate
1890 709 1957 750 ipsa
1977 707 2206 752 Cenomanqis
2232 732 2246 749 ‚

283 760 373 797 Nam
394 760 435 795 ad
456 759 662 803 judiciariam
688 759 881 802 potestatem
914 756 1128 792 obtinendam
1141 758 1231 801 super
1297 759 1465 792 nonnullae
1479 759 1589 803 Regiae
1608 759 1756 792 Personae
1775 758 1841 801 jam
1864 769 2087 792 convenerant
2113 771 2124 790 .·
2150 758 2183 791 &
2199 757 2246 792 vi-

271 823 354 847 seum
368 810 543 854 multiplici
556 809 756 843 laboraverat
774 808 934 852 ingenio.
965 808 1130 842 Dominus
1142 808 1229 850 Papa
1294 810 1408 843 dentes
1432 810 1472 842 lic
1495 820 1606 851 pacem
1630 809 1835 852 nequaquam
1863 819 1917 851 per
1937 807 2129 841 Cardinales
2152 808 2242 849 poss‘e

278 873 388 897 tamen
411 861 620 896 considerans
642 860 802 893 malitiam
826 857 982 902 temporis
997 883 1008 898 ,
1035 867 1071 892 ut
1095 860 1229 902 mitiga-
1293 861 1361 893 fieri
1380 884 1390 898 ,
1416 860 1450 892 in
1472 859 1637 892 audientia
1663 859 1885 901 ipsorumsuas
1896 859 2131 901 appellationes
2152 868 2247 892 reno-1

278 924 326 947 ret
350 913 532 956 potentiam
554 921 690 949 eorum,
715 908 772 952 qui
795 909 920 944 turbare
944 919 1096 952 poterant
1121 908 1230 941 Eccle·
1295 921 1411 943 varunt
1426 933 1436 948 ‚
1463 920 1520 951 pro
1534 910 1649 952 Rege,
1678 920 1733 951 pro
1754 909 1897 952 Regno,
1925 920 1981 951 pro
2006 907 2151 952 personis
2173 918 2246 950 pro-

1302 205 1478 241 ciefiast-icae
1499 204 1571 249 paci
1600 207 1633 240 δε
1653 203 1796 239 libertati
1820 215 1890 239 non
1917 207 2088 244 modicum
2107 207 2246 254 deroga³

1294 960 1392 1002 priis,
1419 959 1452 992 ὅ(
1477 959 1704 1002 pro,Ecclefiis
1720 959 1782 992 suis
1805 957 1845 991 ad
1870 956 1986 992 sedem
2013 958 2246 1002 Apostolicam

1293 1009 1546 1052 reappellantes.
1569 1008 1644 1041 Post
1669 1008 1873 1050 aliquantum
1896 1008 1973 1041 vero
1997 1006 2156 1051 &emporis
2167 1006 2246 1041 Car-

1293 1060 1445 1097 dinales,
1471 1059 1489 1091 a
1513 1057 1607 1103 Rege
1631 1058 1772 1091 multum
1795 1056 1948 1091 honorati
1964 1081 1974 1097 ,
2005 1058 2041 1093 δε
2064 1056 2246 1091 ambitiosis

1293 1109 1418 1143 onerati
1434 1108 1552 1147 donis,
1580 1107 1856 1151 Archi-Episcopi
1879 1107 1911 1139 ἀ
1937 1107 2084 1140 Ecclefiae
2107 1106 2246 1150 pacein-

1293 1161 1371 1195 festa
1384 1184 1395 1200 ‚
1421 1158 1462 1194 ad
1476 1159 1662 1192 Romanam
1677 1158 1789 1191 reversi
1802 1156 1992 1191 Ecclesiam.

280 963 379 1002 fiam,
407 961 448 995 ad
469 971 598 1004 tempus
621 960 666 993 eis
703 960 896 1002 potestatem
917 958 1119 1000 judiciariam
1131 958 1228 993 duxit

277 1011 546 1046 concedendam.
573 1007 677 1045 Unde
700 1020 777 1043 cum
799 1009 834 1042 in
852 1009 1028 1043 Franciam
1046 1009 1203 1042 venissent
1218 1030 1229 1046 ‚

277 1062 413 1104 {astabat
435 1059 659 1101 >Wilhelmus,
686 1060 718 1093 se
743 1060 777 1093 in
789 1059 1228 1094 damnum&confufionem

277 1111 420 1145 Domini
436 1110 679 1143 Cantuariensrs
702 1109 822 1142 venisse
845 1109 886 1142 ad
909 1108 1229 1142 faciendam-volun-

278 1172 378 1196 ratem
402 1160 521 1204 Regis.
548 1159 646 1193 vHinc
668 1158 843 1192 Gallicana
866 1157 1034 1192 verebatur
1059 1158 1199 1192 Ecclesia
1220 1170 1227 1189 :

277 1212 322 1248 Et
334 1210 390 1255 qui
405 1211 530 1243 bonum
544 1209 630 1252 pacis
640 1209 922 1252 exspectaverant,
947 1206 1129 1250 dejectione
1145 1209 1227 1243 Can-

278 1256 443 1296 tuarienfis
464 1259 574 1293 audita
595 1258 830 1302 dejiciebantur
854 1283 861 1291 .
900 1258 961 1292 Sed
985 1258 1040 1300 qui
1062 1258 1225 1292 confusio·

278 1323 354 1346 nem
379 1306 559 1344 intentabat
579 1333 590 1350 ,
613 1308 952 1343 confusus&inutilis
965 1309 1065 1342 fastus
1075 1310 1142 1349 est,
1171 1310 1227 1341 mi-

272 1362 338 1396 mis
358 1361 480 1394 exseaa
501 1360 611 1394 fronte
633 1359 824 1393 ventilando
849 1359 1043 1392 metuendus
1068 1358 1223 1392 Adversa-

274 1413 343 1446 rio.
374 1410 460 1444 Nam
474 1420 550 1444 ante
574 1408 805 1453 cognitionem
827 1410 930 1442 causae
943 1407 983 1441 ab
1001 1409 1116 1443 officii
1129 1410 1227 1442 susce-

275 1473 332 1505 pta
353 1460 510 1505 potestate
534 1460 708 1498 recidunt,
736 1459 830 1503 Rege
850 1459 1050 1492 Francorum
1075 1459 1227 1494 Domino

1442 1256 1822 1293 CAPUT
1925 1254 2093 1295 XXIII.

1293 1362 1432 1406 ‚Qualiter
1446 1356 1640 1401 Arcthraef
1636 1360 1668 1390 ul
1678 1359 1715 1391 de
1732 1355 1884 1399 Epiftopis
1897 1355 2040 1400 quosdam
2055 1380 2068 1398 ,
2092 1358 2127 1392 cb·
2140 1355 2246 1390 multn

1536 1411 1574 1441 de
1587 1410 1696 1442 Aulicis
1709 1412 1974 1441 excommunicavit
1985 1433 1992 1441 .

1509 1511 1556 1540 W
1582 1510 1596 1543 Ι
1624 1509 1651 1542 L
1678 1508 1715 1541 H
1746 1508 1777 1541 E·
1801 1509 1829 1543 L
1856 1508 1897 1541 M
1924 1507 1965 1542 U
1993 1507 2034 1541 8.

1396 1558 1534 1593 RCHl-
1546 1558 1805 1594 EPISCOPUS
1822 1557 1911 1592 vero
1934 1556 2073 1592 audiens
2090 1566 2194 1591 novas
2210 1555 2247 1589 ὅ(

1421 1610 1539 1641 sciens.
1550 1609 1762 1642 enormitates
1783 1618 1860 1642 cum
1883 1608 2046 1642 veteribus
2065 1629 2085 1646 ,
2113 1617 2187 1651 «με
2209 1605 2248 1639 in

1295 1647 1449 1697 pellimos
1467 1658 1587 1690 studius
1610 1666 1841 1693 excreverant,
1867 1666 1923 1696 per
1946 1657 2124 1692 Dioeeefim
2148 1657 2247 1690 suam

1294 1706 1444 1758 quotidie
1457 1708 1641 1746 pullulare,
1666 1705 1799 1738 sciensa
1823 1702 1989 1746 Propheta
2013 1704 2250 1746 ωιιεάὶᾶυω,

1293 1753 1350 1794 qui
1374 1755 1520 1797 gladium
1546 1764 1563 1785 a
1589 1754 1748 1796 sanguine
1771 1750 1992 1794 prohibuerit,
2026 1754 2061 1785 ὄε
2084 1755 2141 1796 qui
2163 1764 2250 1797 opus

1296 1801 1361 1834 Dei
1378 1804 1580 1847 negligenter
1593 1804 1706 1836 fecerit
1719 1827 1729 1841 ‚
1757 1800 1799 1834 ne
1819 1813 1887 1835 non
1910 1801 2086 1845 amputatis
2107 1803 2249 1846 putridis

1294 1854 1392 1886 ramis
1406 1855 1499 1886 vinea
1513 1853 1655 1886 Domini
1669 1861 1946 1908 corrumperetur,
1978 1851 2126 1886 accinxit
2141 1854 2173 1886 se
2186 1876 2197 1892 ,
2212 1853 2247 1887 δε

1294 1900 1410 1937 falcem
1426 1903 1653 1975 Ecclefiasticae
1674 1902 1878 1937 severitatis
1870 1914 1906 1935 in
1919 1902 2041 1937 multos
2053 1901 2202 1937 exercuit
2213 1928 2221 1936 .

273 1562 322 1594 {3ae
346 1559 532 1593 scandalum
546 1582 556 1597 ,
583 1559 605 1589 sl
625 1559 795 1590 Defensor
815 1558 966 1590 Ecclesiae
988 1559 1226 1592 innocensde·

277 1619 471 1655 poneretur,
499 1605 622 1642 &inde
646 1605 1189 1649 damnumdignitatisefficeretur
1217 1631 1228 1646 ,

274 1658 552 1702 unde-praemium
581 1656 801 1698 promotionis
823 1656 1089 1696 promerendum
1124 1657 1237 1690 effer

276 1708 384 1747 Unde
395 1707 563 1745 Dominus
577 1704 687 1746 Papa·
715 1703 865 1746 quamvis
877 1702 911 1734 in
925 1704 1036 1735 medio
1052 1705 1229 1745 charybdis

274 1761 310 1798 ὰ
322 1758 430 1801 scyllae
440 1756 652 1790 constitutus·
669 1752 758 1786 Hinc
770 1752 858 1786 enim
874 1751 948 1785 Rex
961 1752 1094 1796 Angliae
1105 1753 1227 1793 donis,

273 1807 502 1852 &promiffis‚
526 1805 561 1838 &
585 1803 684 1837 minis
710 1802 870 1842 instabat,
896 1801 974 1836 inde
995 1802 1070 1836 Rex
1086 1803 1228 1838 Francia:

279 1858 430 1905 precibus
443 1858 474 1891 dt
486 1852 772 1889 admonitionibus
783 1851 951 1887 obstabat.
978 1852 1070 1887 Hinc
1083 1854 1227 1888 turbatio

274 1908 447 1957 Ecclesiae,
476 1905 496 1937 fi
510 1903 734 1951 reprimeretur
745 1902 954 1947 arrogantia,
980 1902 1058 1937 inde
1084 1903 1255 1938 infamiae-

276 1968 380 1998 nota,
405 1957 427 1989 fi
449 1950 658 1989 damnaretur
684 1953 845 1987 innocens
869 1976 877 1984 .
906 1953 1110 1988 Sententiam
1138 1955 1227 1988 suam

275 2007 465 2045 revocavit,
494 2004 635 2038 scribens
656 2002 811 2047 Legatis,
849 2014 892 2036 ne
908 2001 1026 2038 ordine
1046 2003 1221 2046 judiciario
1536 2002 1567 2036 A
1621 2003 1651 2037 L
1702 2003 1734 2037 A
1786 2002 1820 2037 N
1873 2002 1913 2038 U
1966 2003 2006 2036 8.

278 2061 364 2094 inter
379 2055 554 2100 Regem&
579 2052 700 2088 Archi·
685 2053 906 2096 -Episcopum
926 2053 1147 2096 praesiderent,
1172 2054 1227 2088 sed
1345 2053 1684 2088 OBTINUERAT
1716 2053 1876 2098 siquidem
1906 2054 1923 2086 a
1947 2054 2018 2087 viro
2041 2037 2245 2098 Apostolico

279 2104 547 2153 plenaeintereos
568 2103 1097 2147 pacicomponendaeomnimodis
1121 2106 1227 2138 interr·
1297 2102 1496 2146 Apostolicae
1522 2103 1613 2137 Sedis
1634 2103 1854 2149 Legationem
1881 2104 1972 2147 super
1999 2104 2184 2149 Angham,
2208 2105 2245 2139 dc

274 2159 421 2198 tierent,
458 2157 503 2189 ita
526 2153 615 2211 quod
645 2151 754 2186 Archi
761 2153 924 2196 Episcopo
949 2153 984 2187 &
1002 2154 1151 2187 Ecclesiae
1169 2156 1228 2187 suae
1295 2154 1430 2196 quidem
1454 2155 1493 2188 ad
1517 2154 1703 2195 cautelam,
1729 2165 1765 2188 ut
1786 2153 1937 2188 videlicet
1961 2154 2245 2199 firmior&magis

279 2209 416 2251 antiqua
438 2205 505 2248 jura
527 2205 654 2248 integra
676 2203 710 2236 ἀ
735 2204 858 2236 illibata
880 2204 1042 2236 servarent
1064 2226 1076 2242 ‚
1111 2215 1169 2237 nec
1194 2206 1226 2236 in
1296 2202 1482 2237 authentica
1497 2203 1717 2237 Ecclefiastica
1731 2205 1848 2247 quaevis
1873 2205 2034 2238 sententia
2048 2203 2245 2245 haberetur,

280 2268 363 2293 terra
387 2257 490 2300 Regis
511 2253 635 2298 aliquid
655 2263 814 2297 magnum
836 2253 1002 2292 facerent,
1030 2253 1112 2285 vel'
1104 2265 1136 2285 in
1166 2253 1226 2287 Re·
1296 2254 1317 2287 fi
1333 2254 1487 2297 deinceps
1499 2253 1589 2288 abeo
1601 2256 1703 2289 autin
1718 2253 1898 2298 Regnum,
1923 2264 1980 2288 aut
2004 2256 2038 2288 in
2049 2252 2160 2298 Regni
2175 2264 2245 2298 per·

280 2317 385 2353 gnum
411 2304 545 2350 ejus,s1
571 2315 627 2337 eos
647 2304 765 2336 intrare
791 2302 918 2343 vellet,
954 2302 1136 2343 intrarent,
1170 2305 1225 2336 nili
1298 2305 1391 2337 sonas
1403 2305 1554 2337 ferretur.
1584 2305 1626 2336 Et
1640 2306 1791 2346 inprimis
1804 2305 1960 2346 quosdam
1974 2303 2014 2337 de
2029 2303 2244 2347 A-ulrciscle-

275 2358 397 2392 Archi·
404 2357 582 2399 Episcopus
608 2354 693 2397 Regi
716 2352 862 2395 primitus
893 2352 1017 2396 integre
1041 2354 1225 2388 reconcilia·
1298 2355 1391 2394 ricis,
1420 2354 1475 2397 qui
1491 2351 1616 2386 rarione
1629 2354 1768 2387 Ordinis
1784 2354 1836 2386 seu
1849 2352 2007 2387 Beneficii
2030 2353 2245 2391 Ecclefiastici

281 2419 389 2443 retur.
417 2407 505 2452 Qia
529 2405 619 2447 super
640 2401 690 2436 his
705 2403 760 2436 fibi
787 2405 820 2436 ὅς
843 2402 907 2436 illis
930 2403 1105 2446 plurimum
1128 2404 1228 2438 detra·
1298 2403 1436 2449 obligati
1450 2402 1505 2436 fibi
1518 2404 1667 2442 fuerant,
1693 2402 1963 2436 &obedientiam
1986 2400 2141 2436 exhibere
2155 2412 2244 2438 tene-

1300 2456 1439 2494 bantur,
1463 2452 1698 2488 distinstissime
1721 2452 1859 2491 citavit,
1886 2459 1922 2484 ur.
1942 2450 1983 2486 ad
2000 2452 2107 2494 ipsum
2131 2453 2244 2488 venire

1299 2517 1365 2540 non
1378 2504 1545 2538 differrent
1555 2528 1562 2535 .
1573 2502 1779 2550 Qibusdam
1790 2501 1887 2535 etiam
1901 2502 1935 2534 in
1943 2500 2243 2538 >virtute-obedien.-¹

1298 2557 1348 2589 tiae
1371 2554 1429 2588 sub
1448 2553 1585 2588 Ordinis
1606 2553 1651 2586 sui
1672 2553 1706 2586 δε
1731 2551 1884 2585 Beneficii
1911 2551 2054 2594 periculo
2076 2553 2242 2589 nonnulla

1299 2605 1467 2648 praecepit:
1492 2603 1545 2638 sed
1565 2615 1633 2637 non
1658 2612 1818 2636 venerunt
1830 2602 1875 2642 ii,
1903 2613 1962 2635 nec
1983 2611 2157 2645 paruerunt
2169 2602 2240 2638 illi.

281 2458 435 2496 iteretur,
462 2456 494 2489 ὃς
516 2455 582 2497 ipse
606 2453 776 2486 communi
798 2463 877 2486 voce
900 2454 1228 2487 cunstorumfinistra

280 2508 481 2543 den-afflone
503 2506 709 2538 laceraretur.
740 2503 824 2550 Qae
846 2503 922 2537 cum
945 2504 980 2537 in
1000 2503 1160 2538 mandatis
1171 2516 1223 2538 ac—

282 2559 438 2601 cepiffent
448 2582 457 2598 ‚
488 2554 681 2600 Legationis
695 2564 802 2588 tamen
817 2553 968 2598 reliquias
981 2554 1209 2598 prosequentes
1219 2580 1228 2595 ,

283 2609 412 2652 Regem
425 2600 550 2639 aditum
563 2604 658 2637 tanto
682 2602 1078 2644 minus'laetifi'caverunt,
1105 2604 1228 2648 quanto

282 2659 392 2691 minus
414 2654 582 2698 potestatis
603 2652 785 2687 habuerunt
810 2666 821 2686 .·
849 2653 919 2699 Qi
941 2652 1005 2696 jam
1029 2654 1170 2695 sciebat,
1196 2657 1228 2689 ὅ(

284 2703 596 2752 graviffimeferebat
609 2724 619 2740 ‚
644 2701 733 2743 quod
749 2703 888 2744 potestas
908 2715 1023 2737 eorum
1044 2704 1228 2747 exspirasset

284 2767 427 2800 exparte
452 2780 459 2787 .
486 2753 549 2788 Sed
573 2751 614 2785 ne
637 2751 720 2785 nihil
742 2763 888 2796 ageretur
914 2777 925 2792 ,
961 2752 1001 2788 ad
1022 2754 1226 2798 colloquium

285 2802 610 2848 Archi-Episcopum
638 2805 819 2836 vocarunt.-
849 2802 891 2835 Et
912 2806 1075 2878 praefixum
1094 2804 1140 2839 est
1152 2814 1228 2840 tem-

249 2896 254 2902 ,
287 2856 1090 2902 pus&1ocus.—

338 2908 441 2951 Igitur
452 2903 655 2940 conveniunt
677 2902 756 2936 hinc
779 2903 855 2936 exul
878 2914 954 2937 cum
966 2875 1116 2939 exulibus
1128 2906 1192 2940 suis
1219 2932 1228 2948 ,

285 2958 364 2992 inde
387 2955 529 3000 Legati,
554 2953 712 2997 adjunctis
733 2952 792 2986 fibi
815 2953 931 2987 Archi·
937 2954 1125 2999 Episcopis,
1152 2957 1226 3000 Epi·

285 3008 415 3051 scopis,
440 3007 483 3040 &
496 3003 683 3038 Abbatibus
704 3003 801 3046 quam
827 3003 993 3046 plurimis.
1024 3006 1131 3042 Noeie
1153 3008 1230 3041 vero

286 3059 436 3102 proxima
467 3066 543 3090 ante
563 3054 771 3098 colloquium
800 3052 1011 3097 Achi-praesul
1034 3057 1114 3089 vidit
1146 3059 1229 3091 som-

287 3110 401 3146 nium,
437 3106 514 3140 sieut
537 3106 604 3148 ipse
624 3104 687 3138 suis
709 3102 804 3137 mane
824 3105 931 3137 secum
957 3104 998 3138 ad
1021 3107 1228 3150 colloquium

286 3157 441 3192 euntibus
462 3155 572 3191 retulit
596 3168 607 3188 .·
645 3154 746 3199 Qod
766 3153 918 3189 videlicet
952 3155 1177 3198 propinaretur
1200 3160 1230 3192 ei

288 3218 450 3242 venenum
473 3207 508 3240 in
530 3205 634 3239 calice
646 3215 745 3238 aureo
771 3228 778 3235 .
807 3204 850 3238 Et
863 3203 996 3246 quidem
1018 3206 1138 3239 accidit
1161 3208 1201 3239 fic
1222 3233 1231 3240 .

1299 2654 1403 2690 Unde
1424 2654 1638 2698 appellationi
1663 2663 1730 2687 non
1753 2652 1902 2686 deferens
1923 2652 2007 2695 ipsos
2019 2650 2150 2694 publice
2163 2664 2242 2688 ana-

1295 2705 1543 2744 thematizavit,
1569 2705 1604 2738 &
1628 2701 1919 2737 anathematizatos
1937 2703 2129 2737 denunciari
2141 2704 2238 2738 fecit.

1296 2756 1337 2789 Et
1351 2767 1417 2789 nou
1433 2755 1539 2789 solum
1549 2755 1590 2788 de
1605 2754 1734 2788 Aulicis
1749 2753 1885 2787 Clericis
1899 2776 1909 2792 ,
1946 2750 1997 2786 sed
2016 2752 2049 2785 δε
2071 2752 2112 2786 de
2129 2752 2240 2795 Laieis

1295 2807 1422 2840 Aulicis
1434 2820 1445 2839 :
1473 2807 1517 2839 Et
1527 2806 1573 2839 ob
1585 2807 1684 2840 varias
1699 2804 1811 2839 causas
1823 2828 1830 2835 .
1860 2803 2029 2852 Quosdam
2050 2802 2126 2845 quia
2146 2803 2240 2838 inva-

1295 2858 1379 2890 sores
1416 2881 1427 2897 ,
1474 2856 1630 2899 quosdam
1690 2854 1845 2898 tanquam
1891 2862 1998 2887 rerum
2041 2851 2238 2888 Ecclesiasti-

1292 2917 1401 2941 carum
1422 2906 1587 2940 violentos
1614 2904 1798 2940 detentores
1834 2929 1841 2936 .
1871 2902 1915 2938 Et
1947 2914 2016 2937 non
2049 2903 2157 2937 solum
2192 2914 2237 2938 ex

1294 2956 1342 2990 his
1355 2956 1465 2990 &illis
1477 2980 1487 2995 ,
1514 2955 1569 2989 sed
1582 2955 1615 2992 &
1627 2955 1754 2999 aliquos
1764 2954 1864 2990 etiam
1876 2964 1916 2989 ex
1934 2953 2006 2995 ipsis
2025 2964 2153 2996 propter
2165 2953 2239 2987 ino·

1295 3006 1491 3041 bedieutiam
1519 3006 1720 3039 manifestam
1735 3028 1746 3044 ‚
1772 3005 1808 3041 &
1830 3003 1970 3037 maxime
1992 3003 2159 3047 quiainter
2170 3004 2237 3039 Re·

1293 3067 1367 3102 gem
1380 3056 1532 3099 &ipsum
1553 3055 1655 3090 totius
1674 3054 1877 3100 dissensionis
1898 3054 2084 3088 incentores
2106 3052 2234 3088 exstite·

1294 3117 1366 3142 rant
1378 3131 1388 3146 ‚
1416 3117 1514 3149 quam
1526 3106 1558 3141 δε
1569 3107 1678 3139 fovere
1689 3105 1723 3137 in
1735 3104 1805 3137 dies
1820 3115 1885 3137 non
1897 3103 2089 3137 desistebant
2099 3129 2108 3137 .

1342 3157 1408 3190 DE
1431 3154 1725 3190 Anathematizatis
1737 3153 1778 3187 fic
1791 3153 2034 3189 Londonienfis
2045 3154 2079 3187 δε
2090 3151 2234 3187 Saresbe-

1295 3207 1399 3242 riensis
1413 3206 1504 3248 primi
1518 3215 1626 3240 erant.
1655 3202 1952 3238 Anathematizavit
1962 3204 2059 3237 etiam
2070 3203 2234 3246 Joannem

1295 3259 1335 3293 de
1345 3255 1552 3293 oxenfordia
1565 3279 1574 3295 ‚
1600 3255 1633 3290 &
1655 3252 1857 3289 Richardum
1868 3255 1908 3288 de
1932 3252 2123 3287 llvelcestria
2136 3278 2155 3294 ‚,
2175 3252 2233 3297 qui

1296 3310 1330 3343 in
1353 3306 1490 3341 haerefim
1514 3302 1701 3338 damnatam
1726 3303 1930 3343 inciderunt,
1959 3301 2137 3345 ptaestando
2149 3302 2234 3345 jura-

1297 3366 1443 3393 mentum
1454 3354 1649 3389 schismatis.
1679 3354 1879 3388 Ricliardum
1891 3353 1986 3387 etiam
2006 3353 2048 3386 de
2067 3353 2171 3392 Luci,
2197 3351 2232 3384 &

1299 3406 1476 3452 Joselinum
1489 3405 1529 3438 de
1541 3405 1718 3444 Baillolio,
1749 3406 1805 3447 qui
1819 3405 2014 3447 pravitatum
2029 3402 2156 3437 illarum
2177 3412 2232 3436 au·

1300 3458 1410 3495 chores
1419 3457 1451 3492 ὅ(
1476 3454 1683 3492 fabricatores
1695 3455 1895 3492 exstiterunt.
1909 3452 2121 3497 Ranulphurn
2133 3454 2233 3488 etiam

2145 3504 2187 3540 de

289 3258 384 3291 Alter
403 3257 522 3301 quippe
536 3254 924 3297 Cardinalium‚praefatus
935 3255 1085 3290 videlicet
1098 3257 1233 3291 Wilhel-

288 3317 379 3344 mus,
407 3307 566 3351 elegantis
579 3305 726 3348 eloquii,
752 3305 784 3338 &
806 3304 900 3337 verba
923 3304 1044 3339 habens
1056 3308 1232 3349 persuasibi-

288 3356 331 3391 lia
351 3379 362 3394 ‚
400 3359 486 3397 pacis
507 3355 640 3399 quidem
665 3356 775 3389 suaves
797 3355 830 3388 δε
855 3354 993 3388 blandos
1014 3356 1176 3391 sermones
1202 3360 1232 3392 ei

286 3404 411 3439 obtulit
435 3416 443 3435 ε
470 3405 503 3438 δε
535 3403 724 3439 videbantur
746 3404 780 3437 in
804 3405 970 3447 superficie
995 3404 1229 3443 bonaverba&

289 3455 448 3505 pacifica,
474 3455 930 3501 quaetamenfiquisinterius
953 3455 1128 3501 adspiceret
1137 3482 1148 3501 ‚
1175 3459 1234 3496 Ec·
