2358 3776
535 107 576 152 S.
628 103 924 153 THoMAE
970 94 1368 152 CANTUARL
1418 103 1555 151 LIB.
1593 108 1660 153 11,

126 195 279 243 icam&
289 195 452 232 debellare
465 195 634 241 superbos.
661 194 822 237 Prompto
837 190 935 236 igitur
950 188 983 224 δε
994 200 1066 232 pro-

127 259 175 285 no
190 245 325 287 animo,
345 247 367 281 fi
392 247 484 281 Deus
508 245 791 290 opportunitatem
812 240 936 276 dederit
953 263 966 281 ‚
992 250 1066 282 ope-

128 307 197 332 ram
208 296 358 332 dabimus
369 298 403 332 &
413 295 621 342 diligentiam
635 318 645 335 ‚
671 303 707 328 ut
720 293 777 327 fiat
789 292 819 326 ei
832 292 867 325 in
888 288 1069 332 beneplaci-

125 355 165 382 to
187 347 328 381 Domini
351 347 530 382 secundum
554 344 746 380 desiderium
759 348 867 376 tuum.
896 339 958 374 Sed
975 339 1068 373 velle·

125 407 199 432 mus
213 406 248 431 ut
259 409 306 432 res
317 397 431 432 ordine
443 398 500 431 suo
512 394 571 430 rite
589 393 792 438 procederet,
819 400 855 424 ut
878 389 996 434 gradus
1009 388 1067 423 ho-

125 448 217 481 noris
228 447 357 482 debitus
380 459 447 481 non
461 446 581 480 deesset
601 441 810 478 adscendenti
825 465 836 481 ,
861 440 917 482 qui
942 439 1070 473 medius

121 496 170 529 est
190 497 276 531 inter
297 496 448 532 habitum
473 497 505 530 δε
527 503 675 538 optatum
689 515 697 525 .
722 492 804 527 Satis
825 488 948 522 dictum
962 489 1065 523 credi·

122 556 198 580 mus
220 546 357 591 sapienti
377 572 384 579 .
410 547 469 580 Tu
486 545 618 580 interim
644 552 682 577 ut
705 542 881 585 diligenter
901 539 1013 573 audias
1033 539 1068 573 ἀ

124 598 303 637 exaudias,
329 607 399 640 quae
410 595 469 630 tibi
481 605 536 639 per
549 593 741 638 magistrum
763 589 947 624 Robertum
969 589 1071 624 Cleri-

122 657 203 681 cum
218 647 363 682 nostrum
374 645 554 690 significata
577 645 674 683 sunt,
694 642 834 686 petimus
857 638 1031 674 affectuose
1057 664 1068 680 ,

123 695 510 741 rogantesaffestuofius,
538 704 576 728 ut
588 690 761 736 colloquio
771 689 875 734 Regis
897 690 932 723 δε
954 689 1069 724 Comi—

122 746 187 785 tis,
214 747 303 790 quod
326 747 469 791 speratur
484 769 496 786 ,
519 744 537 778 a
559 742 656 778 nobis
679 750 839 776 revertens
862 740 968 774 valeas
991 740 1070 774 inte-

127 798 206 831 resse
218 820 225 827 .

245 891 660 927 EPISTOLA
730 889 943 927 LXXXVII.

170 992 300 1029 Thomas
325 991 552 1034 cantuariensis
579 989 868 1035 Archi-Epifiopus
894 991 1018 1025 Fulcom·

450 1047 569 1077 Decano
594 1041 729 1084 Remi-nsi
745 1066 751 1075 .

127 1191 387 1276 AUDITA
415 1193 627 1237 promotione
639 1191 742 1226 vestra
754 1191 931 1235 plurimum
943 1188 1068 1223 exhila-

245 1245 307 1277 rati
319 1246 430 1276 sumus
439 1268 449 1284 ‚
476 1255 546 1278 non
558 1241 748 1277 dubitantes
759 1242 879 1274 factum
891 1241 954 1272 esse
966 1240 984 1271 a
998 1238 1069 1271 Do·

121 1294 217 1325 mino
228 1316 238 1332 ,
264 1293 355 1335 cujus
365 1303 447 1334 opus
458 1294 502 1326 est
517 1293 610 1326 unire
621 1290 769 1323 fidelium
795 1289 981 1321 voluntates
993 1310 1004 1326 ,
1031 1297 1067 1320 ut

122 1352 238 1376 eorum
257 1342 293 1374 fit
315 1353 373 1374 cor
397 1352 500 1375 unum
521 1341 556 1374 dc
579 1339 690 1372 anima
699 1349 788 1377 una,
812 1337 903 1381 quod
923 1336 965 1371 de
976 1335 1069 1371 vobis

121 1389 218 1427 tanto
227 1389 422 1424 laudabilius
433 1416 444 1432 ‚
470 1388 596 1434 quanto
608 1386 798 1423 unanimius
811 1388 888 1421 fecit
901 1386 1068 1421 Remensis

120 1439 262 1475 Ecclesia
275 1465 282 1472 .
307 1441 377 1486 Qi
390 1451 469 1485 ergo
483 1450 533 1474 tot
545 1439 734 1474 animorum
746 1446 821 1471 vota
832 1435 952 1471 direxit
965 1437 999 1470 in
1011 1436 1069 1470 eli-

120 1490 234 1534 gendo
248 1514 259 1530 ,
286 1490 342 1527 ille
355 1490 448 1523 vobis
460 1491 492 1523 in
507 1487 724 1522 ministrando
736 1488 876 1532 gratiam
892 1486 1047 1531 largiatur
1058 1511 1066 1526 ‚

123 1550 161 1574 ut
178 1540 255 1573 sicut
279 1550 352 1573 eam
375 1540 537 1574 bonorum
560 1539 713 1572 omnium
725 1539 852 1571 fontem
874 1537 1068 1571 &fomitem

123 1589 323 1633 praedicastis
337 1616 347 1630 ,
374 1590 414 1623 fic
436 1590 477 1624 ad
501 1589 642 1634 gloriam
664 1588 731 1621 Dei
742 1587 881 1621 eandem
893 1587 1069 1630 praeventri·

121 1650 197 1673 cem
218 1640 251 1672 &
269 1638 460 1682 adjutricem
481 1639 517 1672 in
540 1637 696 1671 omnibus
718 1635 871 1681 operibus
895 1634 1040 1670 sentiatis
1062 1660 1068 1666 .

120 1688 289 1734 Optamus
302 1687 366 1723 hoc
377 1688 470 1723 vobis
480 1714 491 1729 ,
517 1689 551 1722 δι
562 1699 623 1732 pro
635 1687 729 1721 vobis
750 1697 882 1721 oramus
893 1708 904 1724 ,
929 1686 1008 1720 licet
1019 1685 1068 1719 in-

126 1737 226 1782 digni
238 1738 336 1772 simus
347 1750 407 1782 pro
419 1738 486 1772 alio
495 1736 665 1775 exaudiri,
690 1736 748 1779 qui
765 1735 894 1779 propria
915 1746 985 1769 non
1007 1736 1069 1768 suf-

123 1788 253 1820 ficimus
261 1786 369 1820 delere
379 1786 549 1821 commissa
562 1810 570 1819 .
593 1785 828 1820 Verumtamen
838 1784 880 1816 de
891 1784 1071 1816 misericor-

121 1833 319 1879 diaejusqui
332 1847 389 1879 pro
400 1836 510 1878 impiis
524 1844 671 1868 mortuus
696 1832 740 1867 est
753 1856 764 1872 ‚
791 1831 880 1874 quod
902 1831 944 1865 ad
964 1841 1069 1876 preces

125 1886 357 1920 confitentium
369 1895 576 1929 peccatorum
589 1896 596 1916 ε
624 1884 681 1926 qui
705 1894 741 1917 ut
754 1882 928 1917 diffitentes
940 1891 1069 1916 revoca-

124 1947 174 1970 ret
187 1935 228 1969 ad
250 1937 380 1970 veniam
393 1960 403 1976 ,
432 1935 467 1968 &
487 1935 653 1979 fugientes
675 1933 817 1967 traheret
839 1930 879 1966 ad
895 1931 1031 1966 salutem
1058 1953 1069 1970 ‚

123 1986 341 2030 persecutores
352 1987 384 2020 ὅ(
397 1984 504 2019 hostes
520 1985 664 2028 quadam
684 1981 842 2016 violentia
864 1980 1032 2015 charitatis
1057 2005 1069 2021 ,

122 2046 278 2070 annuente
289 2044 398 2069 tamen
412 2034 535 2068 arbitrii
547 2034 695 2068 libertate
704 2056 715 2072 ,
726 2039 854 2077 urgeret
866 2031 906 2064 ad
915 2031 1068 2075 gratiam,

122 2086 257 2120 dorsum
279 2086 387 2129 posuit
405 2085 447 2120 ad
470 2084 599 2129 flagella
611 2108 622 2124 ,
653 2082 771 2116 Crucis
787 2081 1011 2126 ignominiam
1022 2080 1067 2113 su-

124 2136 224 2179 scepit
235 2135 268 2168 ἀ
282 2146 410 2179 poenam
422 2158 433 2175 ,
456 2135 490 2169 &
501 2146 541 2168 cx
554 2132 604 2168 his
617 2145 688 2176 quae
700 2132 802 2176 passus
823 2131 868 2165 est
880 2155 891 2170 ,
924 2129 1068 2164 scholam

123 2186 215 2219 resta
227 2185 305 2221 fidei
317 2186 352 2219 δι
363 2196 443 2220 verae
453 2186 580 2219 virtutis
593 2184 765 2217 instituens
779 2205 790 2220 ,
816 2181 963 2224 persuasit
974 2191 1069 2214 mun·

124 2235 161 2269 di
176 2235 316 2277 pericula
338 2246 398 2278 pro
418 2234 555 2268 veritate
573 2243 738 2279 gratanter
762 2230 984 2274 amplestenda
997 2253 1007 2269 ‚
1032 2229 1067 2263 ὅ(

126 2285 238 2318 eleffis
258 2283 388 2318 nullum
408 2284 472 2318 esse
493 2295 568 2319 cum
590 2282 705 2317 mundi
717 2282 888 2325 voluptate
908 2290 1067 2315 commer-

126 2335 218 2369 cium
230 2359 237 2366 .
264 2334 359 2368 Hinc
369 2334 402 2368 δε
416 2332 513 2368 nobis
525 2333 665 2377 amplior
675 2333 721 2367 est
743 2332 862 2367 fiducia
875 2355 887 2372 ,
911 2330 988 2374 quia
1001 2340 1070 2374 par-

129 2383 239 2418 vitatis
262 2384 377 2418 nostrae
398 2383 647 2417 misericorditer
668 2393 776 2426 preces
796 2379 947 2414 admittet
971 2405 982 2421 ,
1010 2391 1070 2424 pro

127 2444 194 2476 quo
218 2433 476 2475 persecutionem
498 2433 640 2476 patimur
662 2456 672 2472 ‚
699 2431 768 2466 dati
802 2432 837 2464 in
857 2430 1071 2473 opprobrium

126 2485 160 2516 ἀ
182 2481 321 2516 derisum
344 2482 416 2522 his,
443 2483 500 2526 qui
524 2483 678 2527 ignorant
703 2483 812 2516 Deum
827 2505 839 2521 ,
864 2481 942 2515 versi
964 2480 998 2513 in
1020 2491 1071 2513 ικ-

126 2533 220 2567 dium
233 2535 333 2566 etiam
355 2531 428 2571 his,
453 2532 573 2575 quibus
595 2532 744 2566 nondum
765 2532 887 2565 fuimus
906 2530 1033 2564 onerosi
1063 2554 1070 2562 .

127 2581 270 2625 Dispctfi
284 2583 392 2615 sumus
402 2591 479 2615 cum
490 2581 643 2617 exulibus
655 2582 771 2616 nostris
782 2582 816 2615 in
838 2591 973 2615 omnem
995 2591 1070 2613 ven·
1104 2615 1106 2617 ,

125 2642 197 2666 tum
209 2657 219 2672 ‚
245 2632 370 2676 solique
382 2632 454 2665 sunt
467 2631 600 2665 miseriae
613 2632 726 2664 nostrae
738 2631 909 2674 participes
926 2655 937 2670 ‚
962 2631 1018 2671 qui
1030 2629 1070 2663 ab

128 2682 293 2725 Apostolo
303 2682 487 2717 didicerunt
495 2682 738 2715 communicare
751 2680 987 2714 necessitatibus
1001 2690 1071 2722 pau-

129 2742 241 2775 perum
252 2731 395 2773 Christi,
423 2731 542 2777 quibus
563 2732 597 2765 <Sc
621 2732 642 2764 si
665 2743 722 2774 pro
735 2730 851 2763 merito
873 2730 931 2763 suo
949 2729 1072 2763 &voto

129 2782 243 2816 nostro
264 2793 331 2816 non
353 2783 549 2816 sufficiamus
571 2780 742 2824 rependere
763 2780 852 2824 quod
873 2787 1036 2814 merentur
1062 2804 1073 2820 ‚

128 2833 336 2866 certissimum
358 2833 404 2866 est
426 2858 436 2873 ‚
461 2833 551 2877 quod
573 2831 755 2865 mercedem
775 2829 932 2872 optimam
956 2830 1072 2862 conse-

129 2891 267 2922 quentur
280 2895 355 2917 cum
366 2883 544 2917 accessione
556 2882 665 2926 gratiae
674 2881 707 2914 ὅ(
718 2879 828 2925 gaudii
840 2879 875 2912 in
897 2880 1071 2913 miscricor-

131 2932 186 2965 dia
197 2931 304 2965 uberi.
332 2931 544 2968 Contrahunt
564 2933 655 2965 enim
677 2941 752 2965 curn
766 2942 806 2963 eo
817 2928 964 2964 debitore
978 2953 988 2969 ,
1015 2929 1071 2973 qui

130 2981 166 3013 &
178 2981 366 3024 centuplum
376 2995 451 3017 cum
463 2993 581 3016 aeterna
600 2981 707 3027 gloria
719 2980 848 3014 reddere
866 2980 1036 3014 consuevit
1062 3004 1072 3019 ‚

132 3033 164 3064 ὅ(
177 3031 312 3064 calicem
323 3043 411 3074 aquae
423 3032 543 3077 frigidae
555 3033 819 3066 irremuneratum
831 3030 1009 3073 relinquere
1020 3028 1072 3062 de·

131 3081 304 3124 dignatur.
331 3081 488 3115 Caeterum
513 3083 589 3126 quia
611 3092 671 3115 nos
691 3078 798 3115 adhuc
809 3079 1002 3125 flagellantis
1015 3079 1071 3112 Pa-

131 3130 188 3164 tris
200 3130 327 3164 verbera
338 3133 558 3174 comprimunt
568 3157 578 3173 ,
605 3132 638 3166 δε
648 3131 857 3175 persecutoris
879 3129 978 3163 nostri
991 3141 1072 3164 non-

131 3180 211 3214 dum
222 3180 410 3215 mansuescit
431 3179 636 3221 immanitas,
663 3192 815 3226 rogamus
835 3180 1011 3220 attentius,
1036 3190 1071 3212 ut

133 3230 243 3263 vestris
264 3231 297 3263 &
321 3232 523 3271 samiorum,
547 3232 602 3274 qui
623 3231 716 3265 vobis
748 3231 818 3265 noti
832 3232 928 3271 sunt,
954 3230 1069 3264 oratio-

134 3279 230 3313 nibus
243 3279 340 3313 nostri
354 3282 545 3315 memoriam
555 3281 644 3314 exilii
656 3280 764 3315 haberi
787 3282 935 3319 faciatis,
962 3289 999 3313 ut
1013 3291 1073 3313 nos

134 3340 194 3373 pro
208 3329 299 3371 cujus
322 3330 391 3374 lege
414 3331 688 3364 contendimusin
710 3342 816 3376 agone
832 3357 843 3372 ‚
867 3332 930 3363 sine
944 3341 1073 3372 peccato

132 3379 317 3419 conservet,
344 3390 385 3413 ne
406 3381 535 3414 deficiat
559 3380 638 3414 fides
660 3379 786 3421 nostra,
813 3381 847 3414 ὃς
861 3382 1072 3424 persecutores

134 3429 282 3469 nostroS,
308 3430 330 3463 si
355 3429 568 3473 praedestinati
587 3430 686 3469 sunt,
711 3440 903 3472 convertat,
928 3431 963 3465 ἀ
983 3441 1074 3475 expe·

237 3478 343 3521 Christ.
357 3483 434 3523 Lupi
446 3484 546 3523 Opera
555 3482 633 3512 Tom.
645 3481 685 3512 X.

1902 126 2002 168 229

1130 179 1199 223 diat
1222 186 1404 222 Ecclesiam
1416 187 1524 221 ssiam.
1552 187 1631 222 Hoc
1651 191 1755 232 ipsum
1776 207 1833 240 per
1853 207 1910 234 vos
1931 198 2079 243 deposci-

1132 249 1203 273 mus
1223 236 1266 271 ab
1290 236 1434 272 Ecclesia
1456 237 1631 278 Remenfi,
1658 250 1756 282 quam
1778 240 1897 282 fineera
1909 248 2081 293 diligimus

1130 286 1304 327 charitate,
1331 297 1464 333 agentes
1484 288 1513 322 ei
1540 288 1660 335 gratias
1680 288 1721 322 de
1741 289 1909 332 honore&
1931 310 2043 334 amore
2069 321 2081 336 ,

1130 349 1226 383 quem
1250 337 1346 372 nobis
1368 336 1520 372 exhibuit
1540 339 1575 372 in
1598 338 1790 374 coexulibus
1814 348 1926 382 nostris
1941 374 1952 390 ‚
1977 350 2082 397 magi.

1131 388 1194 422 stro
1206 386 1386 432 Philippo,
1413 387 1596 431 Radulpho
1608 412 1618 427 ,
1645 388 1679 423 ὃ(
1699 387 1773 423 aliis
1785 414 1795 430 ,
1822 402 1959 433 quorum
1971 401 2081 435 neces.

1131 437 1541 473 fitatibuscommunicaffe
1559 438 1782 484 dignoscitur.
1809 437 1842 473 A
1868 444 2079 485 vobisautem

1132 488 1196 522 hoc
1216 488 1395 532 specialiter
1414 489 1545 533 cogitur
1568 488 1674 523 nostra
1693 490 1858 525 necessitas
1880 493 2042 536 postulare
2067 522 2080 539 ‚

1131 548 1291 582 quatenus
1301 538 1540 574 adolescentem
1553 538 1689 573 latorem
1709 540 1939 584 prasentium,
1965 544 2083 579 sororis

1130 589 1383 629 nostraefflium,
1407 587 1593 624 exhibeatis
1620 589 1656 622 in
1669 589 1772 623 domo
1794 590 1918 633 vestra,
1950 593 2081 628 &litte-

1131 637 1172 672 ris
1192 638 1332 672 insistere
1343 638 1549 682 compellatis
1565 638 1600 672 in
1611 636 1733 673 scholis
1752 642 2043 685 grammaticorum
2069 667 2082 686 ‚

1131 699 1167 722 ut
1178 688 1289 722 vestris
1300 688 1540 724 necessitatibus
1549 689 1582 723 &
1592 689 1770 723 vestrorum
1781 691 1952 734 provideat
1961 704 2080 739 paupe-

1131 749 1202 773 rum
1213 738 1308 773 Pater
1316 763 1328 779 ,
1354 739 1388 773 ἀ
1399 739 1504 784 Judex
1517 738 1738 784 orphanorum
1750 763 1758 772 .

1257 840 1286 874 E
1311 838 1339 872 P
1364 839 1380 873 1
1405 841 1429 876 S
1454 840 1490 874 T
1514 841 1549 875 O
1574 839 1605 874 L
1631 840 1665 875 A
1722 840 1951 876 LXXXVIII.

1182 937 1311 974 Thomas
1332 939 1553 982 cantuarienfis
1580 940 1671 974 Arcbl
1684 958 1696 967 -
1710 940 1875 985 Episcopus
1908 946 2035 988 Rogerio

1433 990 1603 1035 Vigornenfi
1613 990 1773 1036 Episcopo.

1250 1092 1416 1127 Memoria
1429 1101 1484 1126 tua
1497 1102 1564 1126 non
1578 1091 1739 1127 credimus
1757 1092 1928 1135 excidisse,
1955 1104 2017 1129 nos
2032 1104 2088 1129 an·

1251 1151 1296 1176 no
1307 1143 1468 1186 praeterito
1491 1143 1606 1177 litteris
1627 1143 1834 1182 &Nuncio‚
1860 1153 2019 1188 quatenus
2041 1142 2084 1178 ad

1132 1201 1194 1223 nos
1204 1193 1349 1233 venires,
1377 1190 1437 1227 tibi
1452 1193 1486 1225 in
1499 1193 1668 1227 Mandatis
1688 1193 1810 1228 dedisse
1824 1218 1836 1234 ‚
1862 1195 1894 1228 ἀ
1917 1195 1950 1227 in
1965 1195 2086 1228 virtute

1131 1237 1326 1275 obedientias
1348 1242 1483 1275 firmiter
1504 1244 1684 1285 praecepisse
1706 1266 1717 1282 ‚
1752 1252 1789 1278 tu
1810 1243 1887 1276 vero
1912 1243 2087 1279 Mandatis

1132 1288 1248 1322 nostris
1262 1300 1330 1322 non
1351 1290 1582 1332 obtemperasti
1596 1313 1608 1329 ‚
1634 1291 1712 1332 quia
1724 1291 1875 1325 nondum
1898 1294 1940 1326 ad
1954 1304 2015 1327 nos
2027 1301 2087 1327 ve-

1132 1336 1206 1370 nisti
1218 1362 1225 1369 .
1256 1337 1396 1372 Noverit
1420 1338 1530 1382 itaque
1540 1348 1596 1372 tua
1616 1336 1753 1373 dileetio
1763 1350 1824 1374 nos
1836 1341 1952 1375 multis
1963 1342 2005 1376 de
2014 1353 2089 1376 cau·

1131 1387 1170 1421 fis
1181 1387 1476 1423 intervenientibus
1498 1386 1560 1423 tibi
1581 1386 1733 1423 detulisse
1746 1413 1758 1430 ‚
1786 1390 1820 1424 &
1831 1401 1868 1424 ut
1879 1390 2001 1427 dilecto
2015 1392 2090 1427 filio

1132 1439 1322 1481 pepercisse,
1348 1447 1419 1472 tum
1440 1438 1519 1482 quia
1540 1440 1697 1472 novimus
1708 1448 1741 1473 te
1753 1438 1855 1473 Matri
1868 1451 1929 1475 tuae
1940 1442 2085 1476 Cantua-

1132 1487 1223 1520 riensi
1247 1488 1394 1521 Ecclefiae
1412 1487 1571 1522 devotum
1595 1489 1658 1523 esse
1668 1487 1895 1522 admodum&
1917 1490 2047 1525 fidelem
2076 1515 2087 1531 ‚

1132 1547 1202 1570 tum
1222 1547 1352 1581 propter
1363 1538 1492 1581 generis
1503 1538 1551 1571 tui
1564 1538 1772 1572 nobilitatem
1782 1562 1792 1579 ,
1814 1547 1886 1572 tum
1896 1540 1994 1575 etiam
2011 1539 2088 1584 quia

1132 1597 1164 1620 te
1174 1588 1253 1621 totis
1264 1587 1373 1621 cordis
1383 1585 1546 1621 affe-stibus
1558 1587 1675 1622 sincere
1685 1587 1856 1633 diligimus
1867 1615 1875 1622 .
1906 1589 1949 1625 Er
1965 1588 2090 1625 idcirce>

1133 1636 1249 1671 iterato
1260 1637 1321 1672 tibi
1333 1636 1491 1671 mandato
1504 1637 1730 1680 praecipimus,
1756 1639 1792 1673 δε
1817 1639 1851 1672 in
1879 1641 2027 1683 periculo
2041 1652 2092 1674 or·

1132 1685 1218 1720 dinis
1230 1687 1278 1721 tui
1290 1711 1302 1727 ,
1327 1688 1407 1721 &in
1421 1687 1541 1719 virtute
1552 1685 1750 1720 obedientia
1773 1688 1912 1723 firmiter
1938 1690 2091 1735 iniungi-

1133 1746 1204 1768 mus
1217 1759 1229 1775 ,
1255 1747 1290 1769 ut
1300 1747 1342 1769 ex
1354 1746 1420 1778 quo
1433 1735 1469 1767 in
1485 1743 1587 1776 partes
1597 1733 1798 1769 Cismarinas
1824 1737 1939 1770 venisti
1954 1764 1966 1779 ,
1991 1741 2033 1773 ab
2045 1741 2093 1773 eis

1133 1795 1201 1817 non
1213 1784 1345 1818 recedas
1355 1808 1366 1823 ,
1392 1782 1577 1827 priusquam
1592 1782 1634 1818 ad
1644 1794 1705 1818 nos
1719 1785 1827 1819 venias
1839 1809 1850 1824 ,
1868 1788 1902 1821 ὅτ.
1917 1788 2094 1823 nobiscum

1132 1833 1276 1878 loquaris
1290 1858 1296 1865 .
1323 1832 1494 1867 Habemus
1505 1834 1598 1868 enim
1610 1833 1672 1868 tibi
1685 1834 1790 1869 multa
1814 1835 1922 1871 dicere
1934 1863 1941 1871 .
1971 1839 2026 1873 De
2037 1851 2094 1873 cae-

1132 1894 1202 1918 tero
1215 1882 1434 1918 nihilominus
1445 1883 1508 1918 tibi
1529 1883 1725 1918 mandando
1747 1886 1952 1930 praecipimus
1962 1913 1974 1929 ,
2002 1898 2041 1923 ut
2052 1889 2094 1924 dc

1134 1935 1271 1979 negotio
1283 1934 1371 1977 quod
1385 1935 1470 1968 inter
1481 1944 1513 1967 te
1526 1934 1559 1968 ὅ(
1574 1933 1813 1969 Eboracensem
1829 1937 1966 1972 vertitur
1977 1964 1987 1979 ‚
2012 1939 2094 1982 pari-

1133 1993 1182 2017 ter
1193 1984 1227 2017 ὃ(
1240 1984 1281 2017 de
1293 1983 1448 2018 omnibus
1457 1984 1754 2019 excommunicat-is
1775 1986 1875 2020 sansti
1898 1989 2054 2024 Osvtraldi
2081 2014 2093 2031 ,

1133 2033 1278 2067 &totius
1291 2034 1456 2067 Parochiae
1481 2033 1624 2075 ejusdem
1639 2059 1650 2074 ,
1678 2046 1739 2069 nec
1762 2047 1855 2079 prece
1869 2048 1929 2072 nec
1947 2039 2054 2080 pretio
2081 2064 2092 2079 ‚

1135 2083 1184 2116 vel
1199 2094 1328 2126 propter
1340 2083 1447 2117 minas
1458 2084 1612 2128 alicujus,
1640 2096 1701 2120 nec
1714 2086 1902 2122 interventu
1924 2088 2025 2122 etiarn
2046 2090 2092 2132 ip·

1134 2134 1196 2167 sius
1216 2133 1341 2179 Regis,
1368 2144 1425 2168 aut
1448 2134 1659 2176 Cardinalis,
1684 2134 1746 2169 sive
1770 2137 1942 2180 cujuslibet
1956 2138 2092 2173 alterius

1134 2184 1298 2226 personae,
1325 2184 1392 2218 sine
1402 2184 1541 2218 consilio
1564 2185 1598 2219 δε
1622 2185 1822 2221 conscientia
1846 2189 1954 2224 nostra
1965 2188 2092 2233 aliquid

1134 2232 1256 2273 facias,
1282 2243 1339 2266 aut
1351 2235 1658 2270 excommunicatos
1680 2234 1775 2279 illos,
1797 2236 1861 2273 five
1883 2239 2028 2284 aliquem
2053 2239 2093 2277 il·

1136 2283 1242 2317 lorum
1255 2280 1405 2317 absolvas
1416 2304 1426 2315 .
2046 2278 2053 2282 ”

1257 2381 1666 2418 EPISTOLA
1768 2387 1962 2424 LXXXIX.

1153 2487 1299 2527 Joannes
1310 2482 1534 2525 Saresberrenfis
1559 2482 1732 2517 thhelmo
1743 2486 1896 2527 Suppriori
1914 2491 2039 2521 Camtae
2052 2515 2059 2521 .
2084 2495 2087 2503 ”

1237 2581 1534 2617 EFLORESCIT
1561 2581 1658 2616 status
1679 2606 1690 2622 ,
1716 2582 1854 2619 authore
1891 2587 2045 2623 Domino
2076 2613 2087 2629 ,

1261 2632 1448 2667 universalis
1476 2631 1623 2666 Ecclefiae
1635 2656 1646 2672 ‚
1673 2634 1707 2667 &
1719 2632 2012 2671 Schismaticorum
2024 2639 2086 2672 im-

1135 2693 1223 2727 petus
1250 2683 1416 2716 frustratus
1440 2680 1508 2721 est,
1535 2682 1570 2716 δε
1596 2682 1742 2726 superbia
1768 2684 1876 2718 Moab
1896 2687 1930 2719 in
1954 2687 2085 2722 diesin·

1134 2735 1280 2768 firmatur
1318 2756 1324 2763 .
1361 2731 1434 2765 Nec
1461 2732 1502 2766 de
1529 2733 1624 2766 noste
1651 2733 1789 2768 vastatus
1814 2735 1859 2769 est
1889 2748 1977 2771 nunc
2004 2763 2017 2779 ,
2045 2748 2082 2772 ut

1133 2785 1174 2818 ab
1199 2783 1296 2816 initio
1333 2806 1344 2821 ,
1383 2781 1436 2815 sed
1462 2782 1495 2815 in
1524 2781 1660 2816 meridie
1687 2784 1816 2819 suffossa
1841 2786 1887 2820 est
1916 2787 1964 2820 Ar
2000 2813 2011 2828 ,
2048 2789 2082 2822 δε

1135 2834 1219 2867 muri
1252 2832 1319 2875 ejus
1354 2830 1464 2874 dejecti
1501 2832 1576 2866 sunt
1613 2833 1764 2868 funditus
1800 2859 1811 2876 ,
1846 2846 1884 2870 ut
1919 2837 2082 2872 exultatio

1136 2883 1263 2922 Moab,
1289 2893 1329 2915 ex
1343 2882 1524 2916 necessitate
1536 2882 1635 2917 Petro
1656 2883 1794 2925 cedens,
1821 2884 1863 2920 de
1875 2898 1992 2921 caetero
2007 2899 2085 2922 con-

1134 2934 1293 2977 quiescat.
1323 2931 1430 2966 Unde
1441 2932 1508 2976 spes
1519 2932 1610 2967 estin
1636 2934 1813 2976 Domino,
1839 2947 1875 2971 ut
1900 2938 2086 2972 vociferan-

1133 2983 1218 3017 tibus
1239 2981 1326 3016 tubis
1346 2982 1628 3024 Sacerdotalibus,
1656 2984 1691 3017 in
1714 2986 1868 3028 proximo
1892 2998 2021 3021 corruat
2045 2988 2080 3021 &

1136 3031 1298 3066 Hiericho
1310 3056 1321 3072 ,
1332 3032 1366 3066 δε
1388 3032 1546 3077 Regnum
1568 3034 1698 3076 proprio
1711 3035 1867 3080 sanguine
1879 3037 2078 3078 adquisitum

1133 3082 1280 3116 obtineat
1290 3081 1507 3125 triumphator
1518 3083 1603 3125 Jesus
1615 3107 1627 3123 ,
1638 3083 1671 3116 δε
1683 3084 1717 3117 in
1730 3096 1804 3128 pace
1818 3086 1981 3131 possideat,
1990 3086 2077 3129 quod

1135 3132 1181 3166 sui
1197 3131 1273 3174 juris
1283 3132 1330 3166 est
1343 3157 1354 3172 ,
1382 3133 1524 3176 Sponsus
1542 3134 1575 3166 &
1599 3133 1717 3167 Custos
1739 3135 1888 3170 Ecclefiae
1908 3135 2075 3170 Christus.

1134 3182 1221 3216 Cum
1232 3182 1319 3216 enim
1336 3182 1507 3217 Romanus
1520 3182 1677 3216 Pontifex
1690 3195 1744 3227 per
1757 3186 1943 3228 patientiam
1961 3185 2075 3219 Theu-

1132 3234 1284 3267 tonicum
1307 3232 1510 3275 Tyrannum
1531 3230 1653 3266 diutius
1675 3236 1899 3278 exspectasset,
1924 3242 1958 3268 ut
1971 3234 2021 3268 vel
2035 3235 2077 3268 sic

1134 3293 1361 3327 provocaretur
1371 3281 1411 3315 ad
1423 3280 1649 3325 poenitentiarn
1663 3308 1674 3323 ,
1699 3285 1733 3318 ὅ(
1756 3283 1984 3318 schismaticus
2000 3284 2078 3318 abu·

1133 3343 1205 3368 tens
1243 3331 1400 3375 patientia
1441 3331 1508 3374 ejus
1536 3343 1665 3375 peccata
1692 3335 1828 3377 peccatis
1866 3334 1996 3367 adderet
2036 3335 2081 3377 ju·

1133 3384 1241 3427 giret,
1267 3390 1302 3414 ut
1324 3391 1410 3415 error
1434 3381 1469 3415 in
1491 3383 1667 3417 amentiam
1692 3393 1863 3416 verteretur
1886 3407 1897 3424 ,
1925 3383 2077 3418 Vicarius

1135 3433 1223 3467 Petri
1245 3432 1261 3465 a
1283 3431 1436 3467 Domino
1464 3433 1663 3467 constitutus
1686 3432 1777 3474 super
1802 3433 1967 3468 Gentes&
1990 3436 2078 3476 super

1639 3479 1669 3513 V
1972 3483 2034 3518 Re-
