2358 3776
526 160 569 205 S.
606 155 902 213 THOMAE
935 151 1328 203 CANTUAR.
1366 153 1503 200 LIB.
1538 156 1648 201 111.

111 245 217 288 tulum
235 241 422 287 pacificatus
442 243 546 278 abeis
558 242 743 282 discedere,
770 241 803 275 &
822 249 915 277 certae
925 239 1053 282 respon-

107 295 204 330 sionis
222 293 332 335 diem,
359 294 445 328 diem
467 294 636 339 affignavit
655 293 801 327 ostavam
829 317 837 324 .
874 289 929 326 Ad
955 300 1051 332 quam

107 345 196 386 diem
207 344 379 379 convocati
393 343 546 389 Episcopi
556 353 711 378 venerunt
725 338 1002 384 Rothomagenfis
1015 339 1048 373 δε

107 392 351 439 Burdegalenfis
360 419 371 436 ,
398 396 471 429 casu
484 392 738 438 Ceno-manentis
752 415 763 431 ‚
788 391 822 424 ὅτ.
835 399 950 423 omnes
962 389 1054 432 Epis·

101 444 184 491 *copi
206 446 246 478 de
269 446 492 482 Nortmannia
512 470 521 478 .
561 441 772 488 Vigornenfis
791 441 865 478 die,
902 451 965 483 qua
988 438 1054 473 haec

103 493 309 537 agebantur,
333 496 446 539 &quae
455 493 592 529 dicenda
607 495 679 527 sunt
694 515 705 532 ,
731 501 799 524 non
812 501 945 524 venerat
960 515 971 530 ,
999 489 1050 523 sed

106 544 245 579 crastina
268 545 321 580 die
345 555 497 581 venturus
519 543 700 588 sperabatur
721 567 732 583 ‚
758 541 791 574 ὅ(
812 540 922 574 venit.
950 540 1052 573 Picta-

107 595 224 628 vienfis
236 596 386 639 synodo,
411 606 508 638 quam
520 593 670 633 tenebat,
696 590 897 625 occasionem
921 601 1052 632 praeten-

100 642 206 680 aiebat
218 657 286 680 non
298 645 447 680 veniendi
461 669 473 685 ‚
500 644 552 678 sed
567 643 636 686 post
657 640 820 685 synodum
842 641 873 674 se
887 638 1049 674 continuo

108 703 282 729 venturum
305 694 472 730 mandavit
494 719 501 726 .
535 691 645 726 Pridie
669 690 831 725 Kalendas
852 689 1049 734 Septembris

106 742 220 786 Bajoci
233 745 422 779 obtulerunt
435 743 559 778 Nuncii
571 742 721 778 Domino
742 740 827 784 Regi
848 740 970 774 litteras
980 740 1048 774 Do-

103 795 190 828 mini
204 795 320 837 Papae,
347 795 535 839 precatorias
547 791 800 827 defrestitutione
814 790 911 824 vestra
926 815 937 831 ‚
962 792 995 824 ἃ.
1008 789 1048 824 de

108 854 204 887 pace.
230 844 397 879 Dominus
409 844 483 879 vero
502 844 575 876 Rex
597 841 758 886 propofita
775 841 962 874 narratione
981 851 1048 873 orn·

106 895 201 927 nium
212 904 317 927 rerum
328 918 339 934 ,
364 905 444 936 quas
454 891 604 927 adversus
617 901 673 925 vos
685 891 765 925 solet
780 901 960 934 proponere
971 913 983 929 ,
1004 888 1051 922 di·

107 943 159 977 xit
172 956 184 976 .-
207 944 239 975 Β
260 945 334 985 quid
356 945 393 976 de
403 942 518 980 bomine
542 942 590 982 isto
605 941 708 983 fecero
715 950 773 983 pro
779 941 916 983 precibus
929 943 1049 972 Domini

108 995 205 1035 Papae
216 1018 227 1035 ,
253 994 363 1027 multas
376 992 448 1026 mibi
458 994 545 1026 debet
565 992 673 1026 habere
684 1001 790 1036 grates
804 1015 812 1023 .
838 990 987 1025 Crastina
999 989 1052 1023 die

105 1051 184 1080 “m
196 1043 341 1078 Nunciis
349 1053 572 1078 convenerunt
585 1054 701 1077 omnes
713 1041 867 1085 Episcopi
885 1041 925 1075 ad
939 1041 1051 1074 locum

107 1092 309 1137 quemdam,
336 1093 394 1136 qui
414 1104 549 1127 vocatur
569 1092 699 1127 Lebur.
727 1092 770 1127 Et
799 1092 908 1126 statim
931 1101 974 1125 ex
984 1101 1052 1134 quo

107 1143 426 1182 veneruntNuncii‚
452 1143 584 1177 intravit
597 1142 764 1183 Dominus
777 1142 850 1176 Rex
877 1140 1015 1175 Parcum
1042 1164 1053 1181 ,

108 1193 145 1231 &
166 1204 282 1228 omnes
301 1193 455 1236 Episcopi
476 1204 552 1227 cum
572 1204 638 1234 eo,
662 1191 696 1229 δε
719 1193 768 1226 illi
786 1189 1017 1226 tantummodo
1041 1211 1053 1227 ‚

108 1244 167 1287 qui
181 1244 289 1278 vocati
309 1251 400 1277 erant
416 1254 459 1276 ex
484 1243 637 1277 nomine.
667 1244 711 1287 Et
723 1242 830 1275 statim
851 1240 966 1274 habuit
981 1239 1053 1272 Do·

107 1294 219 1330 minus
231 1292 305 1327 Rex
315 1292 487 1326 confilium
505 1303 581 1325 cum
601 1291 743 1324 Nunciis
765 1290 843 1323 solis
864 1298 973 1331 petens
1010 1287 1052 1321 ab

107 1344 159 1378 eis
169 1340 258 1386 quod
271 1341 417 1376 Clericos
435 1342 508 1373 suos
531 1340 734 1374 absolverent
755 1338 822 1373 fine
834 1337 1019 1380 juramento
1045 1360 1052 1368 .

107 1391 216 1440 Qud
237 1389 313 1425 cum
335 1389 462 1424 Nuncii
481 1389 513 1423 se
535 1389 674 1424 sasturos
696 1386 851 1422 instanter
860 1395 1016 1432 negarent
1042 1409 1054 1426 ,

107 1441 277 1478 Dominus
288 1440 361 1478 Rex
371 1438 412 1473 ad
424 1451 543 1483 equum
563 1440 656 1473 suum
676 1436 840 1478 cucurrit,
866 1438 900 1471 ἀ
923 1437 1055 1472 adscen-

107 1493 183 1532 dit,
207 1488 607 1531 &audientibusjuravit,
632 1488 723 1532 qudd
745 1486 914 1531 nunquam
937 1487 974 1521 in
989 1486 1054 1520 vita

109 1543 167 1581 sua
178 1540 307 1576 audiret
317 1550 424 1581 neque
448 1539 636 1574 Dominum
653 1538 774 1581 Papam
787 1560 798 1577 ‚
824 1548 930 1578 neque
952 1535 1055 1570 alium

107 1592 152 1630 de
164 1590 288 1635 pace&
306 1589 509 1624 restitutione
524 1589 627 1624 vestra
665 1613 673 1621 .
701 1588 782 1635 Qo
803 1587 917 1622 audito
940 1582 1057 1619 Archi-

109 1639 310 1685 Episcopi&
325 1640 495 1683 Episcopi,
520 1649 685 1683 quotquot
695 1647 810 1678 erant,
835 1637 876 1671 ad
900 1635 1055 1670 Nuncios

109 1699 293 1729 venerunt,
317 1689 352 1722 <Sc
374 1689 635 1734 supplicaverunt
654 1689 701 1723 eis
717 1712 728 1729 ,
755 1687 843 1732 quod
863 1697 924 1729 pro
945 1696 1056 1720 amore

109 1740 181 1778 Dei
195 1738 260 1776 hoc
272 1740 429 1776 facerent.
462 1739 522 1782 Ipsi
535 1740 610 1773 vero
630 1750 706 1772 cum
729 1739 853 1773 summa
864 1736 1056 1770 difficultate

110 1791 350 1827 concesserunt.
379 1789 460 1834 Qo
473 1789 559 1821 facto
572 1787 739 1822 descendit
763 1786 930 1820 Dominus
943 1785 1016 1817 Rex
1043 1806 1054 1822 ,

109 1841 147 1875 δι
170 1838 289 1874 iterum
309 1846 385 1871 cum
408 1838 455 1872 eis
475 1834 591 1870 habuit
611 1835 803 1870 confilium.
832 1834 875 1867 Et
896 1832 965 1867 cito
983 1831 1053 1875 post

110 1887 304 1924 convocatis
312 1886 467 1921 omnibus
479 1896 643 1930 quotquot
654 1885 690 1918 in
714 1883 820 1918 Pareo
829 1893 921 1917 erant
932 1908 944 1924 ,
970 1883 1056 1916 ince-

110 1942 162 1983 pit
172 1938 340 1973 Dominus
351 1937 423 1970 Rex
438 1937 656 1971 narrationem
668 1936 756 1969 suam
768 1957 779 1974 ,
806 1934 841 1968 ὅ(
860 1933 946 1968 dixit
966 1931 1055 1975 quod

108 1988 309 2026 volebateos
322 1987 401 2022 scire
411 2011 422 2028 ,
450 1987 539 2030 quod
552 1997 610 2020 vos
632 1996 687 2028 per
711 1995 787 2018 eum
797 1983 838 2016 de
852 1983 975 2027 Anglia
987 1992 1055 2015 non

109 2038 237 2074 exiistis
249 2062 260 2078 ,
285 2038 320 2071 δι
335 2038 424 2080 quod
436 2048 494 2071 vos
507 2035 674 2071 multoties
690 2044 898 2068 revocaverat
914 2056 925 2071 ,
951 2041 988 2064 ιιι
998 2041 1056 2064 ve-

111 2088 228 2124 niretis
246 2087 425 2122 satisfacere
445 2087 536 2129 super
559 2084 631 2126 his,
664 2095 735 2128 quae
755 2082 904 2117 adversus
929 2091 985 2114 vos
1002 2079 1056 2113 ha-

113 2138 187 2174 buit
197 2162 209 2180 ,
233 2138 267 2173 &
278 2137 430 2173 noluistis
440 2162 447 2169 .
475 2137 538 2171 Sed
551 2134 653 2170 modo
666 2135 710 2168 ita
722 2134 753 2167 se
764 2132 863 2167 babet
875 2143 923 2166 res
934 2156 944 2172 ,
956 2129 1048 2174 quod

113 2191 183 2233 ipse
195 2200 289 2233 prece
311 2188 346 2222 &
371 2197 529 2231 praecepto
548 2184 690 2221 Domini
702 2184 796 2227 Papae
810 2180 1058 2224 Archi-Episco-

114 2249 231 2283 patum
248 2237 344 2272 vobis
364 2237 490 2282 integre
510 2235 615 2275 reddit
638 2236 671 2269 &
693 2244 825 2278 pacem,
851 2234 885 2267 δε
903 2230 1059 2275 omnibus

114 2290 223 2333 quide
233 2298 315 2322 terra
329 2287 383 2320 sua
394 2298 451 2329 pro
465 2286 558 2321 vobis
576 2286 725 2319 exierunt
739 2308 746 2317 .
773 2283 869 2319 Istam
891 2282 1060 2327 paciscon-

115 2337 291 2374 ceffionem
304 2336 380 2371 fecit
392 2336 560 2371 Dominus
574 2335 646 2370 Rex
657 2335 743 2369 circa
760 2333 874 2368 horam
898 2341 1022 2366 nonam
1049 2353 1060 2369 ,

116 2387 234 2432 &post
258 2386 325 2420 haec
345 2386 439 2420 valde
464 2387 553 2420 laetus
576 2385 747 2425 remansit,
772 2382 971 2427 &quasdam
982 2380 1061 2414 alias

115 2439 226 2473 causas
237 2437 270 2470 in
284 2436 449 2478 praesentia
461 2437 514 2469 sua
527 2434 651 2469 tractari
664 2434 741 2468 fecit
757 2457 766 2465 .
797 2432 931 2479 Qibus
945 2441 1061 2475 pertra-

115 2488 208 2523 etatis
225 2483 343 2520 iterum
366 2486 455 2520 venit
475 2485 515 2520 ad
539 2484 713 2525 Nuncios,
739 2491 851 2527 petens
861 2483 902 2516 ab
913 2482 959 2515 eis
971 2479 1060 2524 quod

116 2538 172 2581 ipsi
184 2537 269 2571 irent
292 2535 327 2568 in
340 2535 523 2578 Angliam,
549 2535 642 2570 causa
667 2533 859 2568 absolvendi
872 2541 1060 2567 excommu-

117 2589 269 2626 nicatos,
279 2585 335 2629 qui
349 2585 396 2619 ibi
408 2585 482 2618 sunt
493 2608 502 2616 .
527 2584 630 2630 Qod
641 2584 718 2618 cum
730 2585 886 2618 instanter
901 2591 1060 2627 negarent

118 2639 154 2673 se
174 2638 331 2675 fasturos,
360 2635 460 2668 iratus
480 2633 526 2668 est
550 2634 649 2673 Rex,
675 2634 708 2667 &
727 2634 821 2676 petiit
840 2632 959 2671 ,iterum
973 2629 1061 2674 quod

119 2688 201 2722 alter
211 2686 342 2721 illorum
353 2685 465 2719 saltem
478 2685 538 2718 iret
552 2708 563 2723 ,
589 2683 668 2717 alter
680 2693 859 2717 remaneret
871 2707 883 2722 ‚
909 2682 961 2715 vel
972 2679 1062 2724 quod

117 2747 221 2772 unum
235 2736 440 2771 Clericorum
454 2735 583 2769 suorum
595 2735 784 2772 mitterent,
801 2734 835 2767 δε
850 2732 914 2776 ipse
926 2731 975 2764 illi
988 2730 1062 2765 Cle·

120 2789 193 2822 rico
213 2786 356 2821 redditus
375 2786 464 2820 daret
485 2783 661 2828 antequam
685 2782 821 2818 rediret.
859 2780 964 2829 Qod
985 2791 1062 2816 cum

122 2836 240 2871 iterum
263 2836 461 2876 Gratianus,
487 2835 546 2878 qui
566 2845 602 2868 ut
625 2836 808 2877 speramus,
834 2832 920 2868 filius
937 2830 981 2865 est
994 2841 1062 2876 gra-

123 2887 198 2927 tiae,
222 2887 394 2931 denegaret
416 2910 427 2926 ‚
454 2886 621 2919 Dominus
642 2884 717 2919 Rex
737 2884 779 2918 ab
801 2882 848 2918 eis
877 2880 1062 2917 iratiffirnns

123 2935 266 2976 receffit,
291 2937 325 2970 &
345 2934 550 2973 audientibus
573 2935 637 2970 illis
648 2935 757 2969 dixit:
785 2939 887 2968 Facite
909 2931 1061 2976 quodvul-

123 2991 190 3026 τὶς)
214 2996 265 3028 ego
285 2996 374 3027 neque
393 2997 446 3019 vor
459 3010 469 3026 ,
494 2996 584 3027 neque
607 2990 921 3019 excommunicationes
947 2979 1060 3022 vestras

124 3040 302 3078 appretior,
332 3036 384 3068 vel
391 3035 492 3069 dubito
512 3046 602 3070 unum
620 3047 726 3071 ovum.
757 3035 799 3069 Et
818 3034 889 3078 post
900 3032 984 3067 istud
997 3042 1062 3066 ver·

125 3086 205 3121 bum
215 3095 334 3126 equum
347 3085 435 3118 suum
446 3084 610 3121 adscendit
630 3098 666 3121 ut
678 3085 839 3120 recederet
849 3110 856 3118 .
886 3083 947 3118 Sed
961 3080 1060 3117 secuti

127 3137 201 3170 sunt
223 3146 299 3169 eum
324 3134 620 3179 Archi-Episcopi
634 3137 677 3171 δι’*
691 3135 869 3180 Episcopi,
895 3141 1061 3179 quotquot

125 3196 237 3227 erant,
264 3184 462 3220 &dixerunt
482 3186 512 3219 ei
523 3185 612 3229 quod
635 3186 717 3222 male
740 3187 869 3221 locutus
879 3194 967 3222 erat.
994 3181 1058 3216 Po-

124 3236 193 3270 stea
213 3235 289 3269 vero
308 3234 473 3270 descendit
494 3260 507 3276 ,
541 3234 577 3269 δε
592 3247 669 3272 cum
688 3237 735 3271 eis
752 3236 886 3272 verbum
908 3233 1027 3271 habuit
1051 3254 1061 3263 ·

123 3285 232 3328 Cujus
251 3286 377 3319 confilii
402 3286 524 3320 summa
543 3285 628 3326 fuit,
652 3285 810 3332 quddipfi
821 3295 936 3321 omnes
949 3282 1061 3319 scribe-

124 3346 197 3369 rent
210 3334 359 3370 Domino
370 3335 484 3378 Papae,
510 3335 544 3371 ἀ
564 3335 654 3379 quod
674 3337 881 3373 audientibus
891 3335 954 3371 illis
963 3334 1061 3370 obtu-

124 3386 203 3420 lerat
216 3384 308 3419 vobis
320 3396 430 3429 pacem
442 3410 452 3426 ,
478 3386 512 3419 δε
524 3397 648 3429 paratus
658 3397 726 3422 erat
744 3389 846 3423 facere
865 3398 967 3423 omne
988 3394 1063 3429 prae·

124 3445 258 3479 ceptum
269 3436 411 3470 Domini
423 3435 515 3478 Papae
527 3461 537 3476 ,
561 3436 694 3479 &quod
713 3448 768 3480 per
788 3437 943 3473 Nuncios
952 3437 1040 3472 stetit
1053 3454 1063 3471 ³

122 3485 195 3530 qud
210 3484 315 3523 minus
329 3486 416 3522 fieret
433 3511 440 3519 .
464 3485 594 3526 Deinde
615 3486 692 3524 cum
708 3488 744 3523 in
768 3487 926 3527 faciendis
949 3487 1066 3526 litteris

1111 252 1179 275 non
1191 237 1276 274 nihil
1286 239 1438 283 temporis
1448 238 1659 283 perdidissent
1667 262 1680 279 ,
1696 241 1770 278 cum
1782 245 1949 282 multoties
1960 248 2048 292 quasi

1113 289 1294 325 iratiffimus
1305 287 1406 327 abeis
1428 289 1632 340 disceffiffet,
1656 293 1847 331 accefferunt
1861 297 1903 331 ad
1922 297 2045 333 eum&

1114 340 1266 385 Episcopi
1285 340 1455 381 dicentes,
1481 339 1571 385 quod
1592 339 1643 375 isti
1667 338 1793 374 Nuncii
1805 340 1958 383 haberent
1970 372 1983 388 ,
2008 348 2045 383 δε

1112 390 1321 426 ostendissent
1340 391 1406 434 jam
1430 390 1629 426 Mandatum
1647 389 1789 425 Domini
1809 390 1901 435 Papae
1922 419 1934 436 ,
1954 395 2045 441 quad

1112 452 1227 476 omnes
1248 442 1391 475 facerent
1411 440 1572 486 quidquid
1594 440 1651 484 ipfi
1665 439 1792 476 Nuncii
1808 446 2012 485 praeceperint
2037 471 2045 480 .

1113 491 1296 534 Respondit
1334 491 1408 526 Rex
1427 503 1435 523 :
1471 494 1533 526 scio
1559 515 1572 532 ‚
1602 489 1660 533 scio
1683 516 1695 532 ‚
1721 491 1901 527 interdicent
1935 500 2048 529 terram

1112 552 1208 575 meam
1221 566 1228 573 .
1254 542 1315 575 Sed
1325 543 1464 585 nunquid
1472 552 1542 585 ego,
1566 547 1621 582 qut
1627 541 1738 584 poffum
1747 551 1852 585 capere
1859 539 1979 585 fingulis
1989 543 2050 577 dte-

1113 592 1165 624 bus
1177 590 1301 631 castrum
1308 591 1492 634 forti'fflmum
1508 615 1520 632 ,
1540 599 1643 634 potero
1652 599 1755 634 capere
1765 603 1855 626 unum
1868 593 2014 627 clericum
2038 617 2051 634 ,

1108 639 1133 685 fi
1149 643 1345 675 interdixerit
1369 652 1480 676 terram
1502 641 1625 675 meam?
1651 641 1776 676 Verum
1798 642 1875 678 cum
1889 642 2052 687 aliquaad

1115 692 1320 727 voluntatem
1341 693 1430 726 suam
1449 693 1481 727 se
1502 693 1643 727 facturos
1665 693 1897 734 promisissent,
1920 692 2056 726 cessavit

1113 741 1254 777 omnino
1265 742 1459 785 tempestas,
1486 743 1599 787 &ipse
1608 740 1704 777 rediit
1722 743 1763 777 ad
1785 754 1866 782 cor,
1891 741 2019 778 &dixit
2047 753 2058 774 ι

1114 790 1245 834 Nifibac
1267 791 1348 826 noae
1363 801 1468 835 pacem
1488 792 1622 836 feceritis
1634 817 1645 834 ‚
1671 795 1829 835 nunqubm
1843 794 1882 827 de
1893 802 2001 827 caetero
2011 793 2055 826 al

1113 842 1191 876 hunc
1207 841 1351 884 paullum
1373 848 1499 877 venietis
1517 869 1526 877 .
1553 841 1671 877 Postea
1693 843 1770 877 cum
1790 843 1998 887 aliquantum
2019 843 2057 877 in

1116 891 1214 927 verbo
1227 892 1289 926 isto
1310 892 1527 934 laboraflent,
1553 894 1744 928 convocatis
1762 894 1919 928 omnibus
1929 892 2017 928 dixit
2044 905 2055 925 ε

1115 948 1237 985 Oportet
1249 953 1295 975 me
1301 941 1404 984 facere
1414 946 1539 977 multum
1546 951 1603 985 pro
1608 951 1701 986 prece
1725 947 1848 977 Domini
1868 946 1965 986 Papae
1976 967 1987 983 ,
2004 941 2058 986 quc'

1117 997 1260 1026 Dominus
1281 994 1316 1027 ὀ·
1338 995 1431 1026 Pater
1448 1004 1530 1028 meus
1555 993 1616 1035 est,
1644 995 1679 1028 (τ
1699 995 1766 1027 ider)
1789 995 1885 1028 reddo
1900 1000 1927 1027 et
1952 992 2060 1026 arebb-

1119 1042 1328 1086 Eplscopatum
1347 1040 1458 1087 suum,
1485 1045 1520 1078 Θ·
1539 1052 1648 1087 pacem
1669 1055 1790 1083 meam,
1814 1043 1998 1079 &omnibus
2008 1047 2060 1086 qui

1112 1102 1170 1136 pro
1177 1104 1209 1127 eo
1220 1102 1310 1127 extra
1319 1102 1432 1127 terram
1439 1092 1513 1138 sunt
1525 1118 1534 1127 .
1561 1094 1665 1129 Tunc
1677 1094 1713 1128 N
1715 1094 1806 1128 uncii
1816 1095 1850 1129 δε
1871 1104 1990 1128 omnes
2002 1092 2061 1127 alii

1116 1144 1236 1188 gratias
1246 1154 1359 1188 egere.
1386 1144 1430 1178 Et
1441 1153 1522 1180 tunc
1539 1143 1616 1178 Rex
1638 1143 1812 1189 adjunxit:
1838 1146 1870 1178 51
1890 1143 2061 1187 quidmode

1118 1192 1284 1239 minusfeca·
1297 1218 1308 1233 ‚
1331 1204 1400 1227 cras
1409 1193 1519 1235 confilio
1528 1194 1620 1235 nostro
1626 1192 1766 1238 supplebo
1778 1220 1785 1228 .
1812 1193 1965 1228 Crastina
1984 1192 2061 1232 die,

1117 1242 1152 1275 id
1173 1243 1239 1283 est,
1265 1242 1422 1278 Kalendis
1458 1244 1656 1288 Septembris
1680 1254 1907 1279 convenerunt
1925 1241 1967 1277 ad
1978 1252 2065 1277 eun-z

1117 1291 1195 1333 dem
1206 1291 1316 1326 locum
1332 1292 1416 1325 circa
1425 1291 1541 1326 horam
1553 1292 1769 1327 meridianam
1782 1317 1793 1332 ,
1820 1293 1855 1326 δε
1865 1292 1941 1325 cum
1953 1292 1994 1326 de
2008 1291 2065 1326 ab·

1121 1340 1283 1375 solutione
1306 1342 1671 1375 excommunicatorum
1706 1340 1831 1376 diutius
1854 1341 1931 1374 effet
1953 1342 2068 1375 trasta·

1119 1400 1188 1427 tum
1203 1415 1215 1431 ,
1242 1400 1279 1424 ut
1298 1391 1422 1425 scilicet
1442 1403 1511 1425 non
1528 1390 1672 1434 jurarent
1685 1414 1696 1431 ,
1721 1389 1764 1425 ed
1786 1390 1959 1426 decursum
1981 1390 2028 1425 est
2053 1414 2067 1432 ,

1119 1441 1209 1484 quod
1219 1440 1405 1476 Gaufredus
1417 1441 1515 1476 Ridel
1528 1464 1539 1482 ,
1564 1439 1763 1484 &Nigellns
1773 1440 1815 1475 de
1834 1439 2064 1481 Sacra-Villa.

1118 1492 1152 1524 δε
1163 1488 1318 1525 Thomas
1327 1491 1415 1525 filius
1429 1489 1585 1524 Bet-nardi
1599 1513 1610 1529 ,
1635 1498 1768 1523 extenta
1789 1498 1888 1524 manu
1902 1489 1944 1523 ad
1958 1489 2068 1523 Evan-

1119 1540 1204 1584 gelia
1214 1551 1325 1575 coram
1350 1541 1450 1583 polita
1470 1539 1624 1574 dixerunt
1637 1539 1672 1573 in
1688 1538 1789 1573 verbo
1812 1539 1958 1573 veritatis
1980 1540 2011 1572 se
2023 1539 2069 1572 fa-

1120 1588 1433 1627 &urosMandatum
1449 1589 1679 1623 Nunciorum.
1715 1588 1969 1634 I'unc‘petitum
1989 1588 2035 1622 est
2047 1588 2067 1622 a

1122 1641 1286 1681 Nunciis,
1313 1638 1402 1683 quod
1424 1650 1542 1674 omnes
1562 1650 1610 1673 res
1628 1663 1638 1678 ‚
1667 1648 1830 1682 quotquot
1842 1639 1994 1674 Ecclesiae
2008 1649 2068 1673 ve·-

1121 1691 1189 1724 strae
1200 1691 1368 1725 Dominus
1380 1690 1453 1723 Rex
1465 1688 1598 1723 interim
1608 1688 1745 1723 donavit
1756 1711 1767 1727 ,
1781 1699 1879 1731 penes
1890 1700 1946 1723 eos
1955 1688 2068 1729 reside

1121 1750 1189 1774 rent
1200 1763 1211 1780 ,
1236 1740 1355 1783 quibus
1368 1740 1386 1772 a
1397 1739 1491 1781 Rege
1500 1735 1630 1770 donatae
1642 1736 1717 1770 sunt
1728 1761 1736 1769 .
1763 1737 1826 1771 Sed
1839 1737 1921 1771 ficut
1940 1737 2066 1772 audivi—

1121 1798 1210 1828 mus,
1248 1788 1291 1822 eo
1312 1788 1493 1827 decursum
1506 1786 1552 1820 est
1565 1810 1576 1827 ,
1616 1795 1654 1820 ut
1675 1784 1775 1820 libere
1798 1784 1841 1821 ad
1864 1786 2000 1822 vestram
2021 1797 2074 1820 re„

1120 1837 1221 1871 deant
1244 1836 1480 1872 donationem.
1506 1834 1621 1870 Postea
1641 1834 1707 1870 hoc
1731 1837 1840 1870 astum
1862 1836 1930 1877 est,
1956 1846 1994 1870 ut
2006 1837 2073 1871 for-

1122 1898 1208 1921 mam
1220 1888 1324 1931 pacis,
1351 1898 1449 1931 quam
1468 1887 1665 1921 concesserat
1684 1885 1759 1919 Rex
1781 1909 1793 1925 ,
1820 1885 1974 1929 Episcopi
1997 1880 2072 1920 scriss

1123 1937 1253 1977 herent,
1280 1948 1312 1971 et
1333 1937 1436 1971 multa
1460 1936 1649 1978 intentione
1669 1934 1789 1980 agebat
1811 1933 1878 1969 hoc
1900 1935 2071 1970 Dominus

1124 1987 1216 2025 Rex,
1242 1984 1332 2031 quod
1345 1987 1427 2020 alter
1444 1985 1655 2019 Nunciorum
1676 1986 1712 2018 in
1737 1984 1897 2030 Angliam
1922 1987 2072 2019 transfre-

1122 2047 1202 2070 taret
1210 2036 1253 2070 ad
1264 2035 1500 2072 absolvendum
1511 2036 1818 2070 excommunicatos
1829 2060 1837 2068 .
1866 2035 1910 2070 Et
1928 2035 2004 2078 cum
2017 2035 2067 2070 di-

1123 2085 1310 2125 sceffiffent,
1336 2086 1402 2129 jam
1423 2088 1516 2120 tertia
1537 2084 1619 2120 hora
1631 2085 1734 2120 nostis
1748 2084 1814 2119 fere
1831 2084 1936 2128 elapsa
1953 2110 1964 2127 ,
1991 2085 2070 2120 Rex

1122 2136 1227 2176 dixit,
1254 2136 1386 2179 quodin
1397 2137 1501 2170 forma
1513 2136 1600 2178 pacis
1618 2136 1828 2170 scriberetur:
1857 2136 1952 2168 Salva
1973 2135 2073 2179 digni-

1123 2194 1185 2219 tate
1198 2190 1295 2230 Regnt
1312 2185 1380 2228 sut.
1407 2186 1469 2220 Sed
1493 2185 1695 2226 Gratianus,
1722 2197 1758 2220 ut
1778 2184 1962 2219 audivimus
1982 2209 1993 2226 ,
2023 2185 2074 2220 in-

1123 2236 1240 2270 stanter
1251 2236 1381 2278 negavit
1392 2235 1422 2269 se
1434 2236 1500 2269 ulla
1513 2235 1578 2270 hoc
1600 2237 1827 2273 concessurum
1851 2236 1996 2270 ratione.
2027 2233 2073 2270 Et

1123 2286 1158 2321 in
1180 2285 1243 2319 isto
1264 2284 1366 2318 verbo
1389 2283 1475 2318 stant
1495 2284 1626 2323 adhuc,
1652 2285 1788 2319 redituri
1809 2285 1864 2320 die
1876 2283 2073 2319 Nativitatis

1124 2336 1232 2371 Beatae
1252 2334 1366 2368 Maria:
1387 2332 1539 2378 Virginis
1559 2334 1647 2377 apud
1666 2334 1874 2373 Cadomum,
1900 2346 1938 2368 ut
1951 2334 2014 2368 hoc
2027 2335 2075 2378 ip-

1125 2385 1336 2429 sumplenius
1346 2385 1563 2419 confirment.
1593 2384 1803 2418 Lexovienfis
1826 2395 1959 2427 operam
1981 2384 2074 2418 dedit

1123 2446 1160 2471 ut
1172 2436 1259 2480 Regi
1273 2434 1474 2469 blandiretur
1486 2460 1497 2475 ,
1524 2432 1803 2477 Rothomagenfis
1816 2443 1852 2467 ut
1866 2433 1943 2467 Deo
1955 2443 1988 2466 et
2000 2434 2071 2467 Do·

1123 2487 1218 2521 mino
1228 2486 1340 2531 Papae.
1372 2484 1490 2520 Valere
1508 2508 1518 2516 .

1297 2635 1328 2670 E
1354 2635 1381 2669 P
1406 2634 1422 2669 1
1447 2633 1469 2668 S
1494 2631 1532 2666 T
1557 2634 1592 2668 Ο
1617 2632 1646 2668 L
1673 2630 1707 2666 A
1806 2630 1884 2667 Vll.

1265 2734 1387 2769 Thomae
1411 2731 1625 2775 cantuariensi*
1647 2730 1735 2766 Arc-bt
1748 2749 1760 2758 -
1774 2730 1920 2776 Episcopo

1441 2784 1570 2829 quidam
1600 2788 1736 2817 Amicus.

1230 2886 1314 2923 AEC
1338 2885 1385 2921 est
1398 2887 1501 2921 forma
1514 2910 1526 2928 ,
1550 2885 1585 2920 in
1597 2895 1659 2928 qua
1672 2884 1814 2920 conveni
1828 2884 1954 2930 Regem
1967 2894 1975 2915 :
2001 2892 2069 2918 ten-

1254 2937 1322 2973 tavi
1343 2934 1518 2981 quomodd
1540 2936 1662 2980 possem
1678 2933 1978 2978 Archi-Episcopo
2001 2943 2069 2976 pen·

1122 2989 1277 3029 suadere,
1300 2986 1460 3032 quatenus
1473 2988 1566 3030 super
1577 2984 1684 3020 verbis
1694 2985 1781 3027 illis,
1805 2996 1876 3030 quae
1897 2992 2007 3028 pacem
2021 2983 2069 3020 in·

1121 3049 1169 3073 ter
1191 3049 1250 3072 vos
1273 3047 1423 3082 ruperant
1450 3062 1462 3079 ‚
1499 3039 1692 3081 supponeret
1718 3036 1750 3070 se
1768 3035 1906 3071 confilio
1924 3032 2068 3069 Domini

1122 3087 1419 3134 Rothomagenfis,
1442 3097 1480 3122 et
1509 3085 1792 3128 Cenomanensis,
1815 3095 1848 3120 et
1871 3084 2030 3129 Sagienfis
2054 3106 2070 3123 ,

1120 3149 1152 3173 et
1162 3149 1239 3173 meo
1252 3163 1263 3179 ,
1306 3137 1541 3181 'aeterorumque
1563 3136 1804 3179 Episcoporum
1826 3132 2066 3178 quicolloquio

1122 3189 1275 3224 interfuer
1297 3197 1333 3222 nt
1345 3213 1357 3228 ,
1381 3198 1438 3223 aut
1452 3188 1473 3221 fi
1487 3187 1517 3221 ei
1527 3185 1650 3230 aliquis
1660 3184 1794 3220 illorum
1808 3183 2068 3229 suspectuseffim

1121 3238 1215 3274 illum
1224 3248 1412 3284 amoveret,
1437 3246 1471 3271 et
1482 3246 1723 3280 quemcumque
1741 3236 1844 3270 alium
1866 3234 2065 3277 Episcopum

1123 3289 1241 3330 vellet,
1265 3286 1439 3333 locuillius
1453 3285 1662 3331 reciperetis,
1685 3282 1871 3320 dummodd
1891 3282 1933 3316 de
1944 3281 2065 3325 Regno

1124 3339 1227 3376 vestro
1238 3341 1338 3378 effet,
1358 3334 1394 3371 et
1417 3337 1509 3379 juxta
1529 3336 1710 3371 confilium
1732 3335 1865 3370 illorum
1887 3331 1982 3367 verba
2007 3330 2066 3366 illa

1123 3388 1261 3425 omnino
1269 3386 1427 3424 tolleretis
1440 3397 1497 3421 ant
1508 3385 1676 3421 mutaretis
1686 3385 1723 3418 in
1744 3392 1864 3418 certam
1884 3381 2026 3418 formam
2054 3404 2067 3421 ,

1125 3439 1213 3482 quod
1234 3449 1368 3474 omnem
1388 3435 1531 3472 omnino
1555 3433 1796 3471 dubitationem
1817 3430 2030 3468 excluderetis
2053 3453 2062 3462 .

1126 3488 1425 3536 Archi-Episcopus
1437 3486 1515 3524 verti
1526 3484 1611 3522 mihi
1631 3482 1819 3530 respondit,
1842 3479 1934 3567 ςυὸὸὶ
1956 3490 2063 3536 neque

1934 3540 2014 3566 omi·
