2358 3776
652 134 927 182 RERUM
962 130 1054 177 ET
1091 130 1541 179 VERBORUM.

216 223 328 268 potest.
357 221 449 271 87.2.
477 223 613 257 Possunt
637 221 702 254 illis
730 217 884 263 Episcopi
906 227 1096 257 occurrere,

1922 156 2024 200 407

1211 213 1260 249 sti·
1994 238 2047 275 74.
2065 240 2093 263 1.

216 274 269 307 sed
294 273 376 309 salva
399 273 520 307 offensa
542 270 679 306 Ordinis
703 269 770 308 sui,
798 270 862 303 Dei
884 266 919 299 &
945 267 1122 324 Ecclesia?
1165 263 1526 309 Regibusimputantur
1538 265 1623 299 mala
1634 273 1765 313 omnia,
1791 285 1863 316 quae
1876 274 2012 310 scientes
2025 287 2090 319 per-

221 321 341 368 138.2.
370 323 413 356 Et
436 334 477 357 eo
498 321 600 356 modo
623 321 669 357 est
710 318 859 364 Regibus
888 316 1119 356 deferendum*

220 384 272 416 per
282 373 405 408 omnia.
1008 368 1060 419 67·
1071 378 1102 406 21

168 422 317 468 Regibus
348 432 457 457 autem
482 431 677 465 quamquam
709 420 745 453 sit
769 416 1063 460 obtemperandum
1092 440 1102 462 2

216 474 293 517 quia
313 472 474 507 reddenda
494 474 566 506 su-nt
588 469 732 515 Caesari?
759 479 827 519 quae
851 467 922 499 sunt
936 466 1066 506 Caesaris
1092 491 1103 513 2

217 522 330 557 inillis
351 532 461 557 tamen
472 519 763 565 obtemperandum
785 527 854 552 non
875 516 919 550 est
932 518 965 556 iri
986 516 1103 560 quibus

216 573 357 607 efficitur
376 571 418 610 ne
439 573 515 611 Rex
536 572 589 612 fir,
621 567 787 605 Videlicet
810 566 889 606 dum
911 566 949 608 fit
969 567 1104 610 Tyram

220 633 292 656 nus.
612 655 613 658 Ἴ
1004 626 1102 664 79-2.

169 673 278 718 Reges
296 683 378 716 quos
397 672 498 717 elegit
522 668 691 705 Dominus
707 692 719 712 2
744 666 963 715 glorificavit,
990 666 1024 707 {Sc
1038 677 1105 700 am-

222 721 404 765 plificavit,
430 722 552 768 ingrati
577 722 649 754 sunt
670 719 766 760 Deo,
795 717 816 750 fi
834 717 1002 752 Potestate
1014 727 1105 757 acce-,b

218 782 271 815 pta
297 770 470 811 abutantur
492 771 533 811 ad
553 769 766 809 afflissionem
790 767 958 808 Ecclefiae,
986 766 1020 801 ὃς
1044 767 1104 799 Ec-

219 821 472 861 clefiasticarum·
518 818 725 864 personarum
757 842 765 850 .
993 825 1101 860 99-1-

169 870 278 916 Reges
309 871 366 913 qui
404 869 611 909 ¹clericorum
645 866 767 911 judicia
803 868 979 910 usurpant,
1020 866 1105 900 usur-

219 930 299 964 pant
319 931 388 970 quz,
407 920 481 959 sunt
503 920 577 963 Jesu
598 917 724 953 Christi
753 941 765 958 ‚
801 917 837 957 in
861 927 1010 952 extremo
1034 925 1107 953 εκε-Ἰ

217 971 327 1011 mine,
353 970 513 1010 consimili
534 967 659 1012 judicio
680 966 860 1012 judicandi.
1007 962 1060 1012 87.
1075 974 1105 1007 2.

168 1019 243 1053 Rex
270 1030 340 1057 non
372 1019 478 1070 potest
502 1019 666 1065 deponere
700 1019 878 1058 minimum
903 1015 1070 1055 Clericum
1099 1039 1107 1047 .

163 1113 165 1115 ,
218 1078 318 1114 24-2·

169 1118 275 1164 Regis
300 1130 368 1159 non
389 1119 435 1162 est
461 1119 632 1163 Episcopis,
654 1118 821 1163 praecipere
841 1143 853 1160 ‚
901 1116 953 1151 vel
978 1125 1108 1150 excom-

218 1170 384 1210 municare
404 1195 416 1212 ,
454 1170 579 1205 trahere
605 1169 755 1209 clericos
778 1167 819 1202 ad
841 1166 1012 1207 Saecularia
1034 1176 1108 1199 exa-

217 1221 309 1260 mina
343 1245 355 1260 ,
403 1220 548 1265 judicare
584 1219 626 1254 de
670 1219 823 1256 Ecclesiis
852 1218 902 1253 vel
936 1214 1072 1250 decimis
1100 1239 1109 1254 ,

185 1303 189 1309 .
216 1269 414 1311 interdicere
444 1268 633 1314 vEpiscopis
675 1268 715 1303 ne
751 1269 899 1305 tradent»
922 1266 1031 1312 causas
1068 1264 1110 1296 de

211 1323 469 1367 transgreffione
489 1320 566 1357 fidei
591 1317 641 1348 vel
661 1314 862 1364 juramenti:
891 1324 926 1347 ut
941 1312 1107 1347 habebant

218 1368 486 1408 Consuetudines
510 1364 653 1411 Angliae.
1007 1372 1066 1408 97.
1080 1374 1110 1398 2.

167 1421 276 1465 Reges
299 1421 490 1465 usurpantes
519 1411 740 1455 Ecclefiastica
761 1411 872 1461 'sunta
897 1411 976 1446 Deo
990 1413 1098 1455 puniti

269 1495 275 1501 -
293 1482 312 1506 l,
826 1498 831 1501 =
848 1503 850 1505 .
867 1498 881 1509 v„
909 1501 913 1506 .

172 1479 342 1558 Re359non
367 1517 544 1557 salvabitur
573 1527 628 1561 per
650 1514 790 1554 multam
811 1512 967 1548 virtutem
1003 1536 1015 1552 ‚
1054 1511 1111 1545 etsi

219 1568 399 1607 subdantur
411 1569 439 1602 ei
453 1567 570 1613 Regna
587 1567 621 1601 &
644 1564 808 1602 Nationes
822 1589 832 1605 ‚
858 1563 968 1614 nilise
979 1561 1110 1605 submit·

222 1631 269 1655 tat
290 1618 426 1664 judicio*
446 1618 611 1655 Ecclefiaez,
640 1615 728 1651 Nam
749 1613 871 1657 dicitur
895 1614 929 1646 in
953 1613 1114 1647 Deuteroe

222 1671 360 1707 nomioz
388 1673 478 1701 Homo
502 1665 814 1710 quicumquefeceriq
842 1663 878 1702 u‘t
898 1674 954 1696 non
966 1664 1113 1696 exaudiat

221 1721 409 1758 Sacerdotem
419 1726 472 1752 aut
477 1713 634 1759 jadicem,
659 1721 807 1750 morietur.
982 1724 1111 1759 125·,2·

174 1763 286 1815 Reges.
308 1779 439 1813 oportet
471 1777 647 1802 contentos
673 1766 735 1799 effe
759 1763 814 1799 his?
829 1763 900 1807 qua»,
919 1773 1112 1806 competunt

223 1817 437 1863 Christiano,
463 1818 496 1857 ὃς
522 1818 607 1862 Regi
629 1815 763 1861 Regum
788 1814 843 1848 sua
856 1812 1038 1863 privilegia
1054 1812 1112 1846 illi-

224 1869 300 1909 bata
312 1869 504 1915 relinquere.
815 1896 818 1898 .
991 1876 1011 1914 3
1020 1877 1070 1912 14.
1086 1879 1111 1903 1.

174 1920 286 1967 Reges
297 1921 354 1964 qui
368 1918 532 1954 invadunt
547 1915 770 1954 Ecclefiastica
792 1915 879 1953 bona
897 1924 953 1950 aut
965 1915 1089 1959 ‘judicia
1102 1941 1112 1956 ‚

225 1968 553 2013 recordari.debent‚
580 1967 755 2012 quomodo
778 1966 851 2000 Rex
873 1966 979 2002 onias
998 1991 1008 2007 ‚
1034 1966 1111 2000 durn

222 2018 411 2058 thurificare
424 2019 531 2068 voluit
553 2018 589 2056 ‹⁴3cv
610 2017 796 2053 Sacerdotis
807 2016 966 2051 Officium
980 2017 1110 2060 usurpa-

221 2081 254 2103 re
270 2094 280 2110 ,
305 2070 401 2107 fuerit
414 2070 574 2113 percussus
586 2069 679 2111 lepra.
1011 2064 1063 2105 88·
1085 2079 1110 2103 1.

178 2120 307 2164 Regem
350 2119 560 2155 invadentem
600 2116 854 2152 Ecclefiasticam
893 2115 1073 2151 libertatem
1103 2142 1112 2157 ,

227 2170 370 2212 Joannes
394 2168 605 2205 Pistaviensts.
630 2168 809 2214 Episcopus
827 2178 900 2201 non
922 2166 1050 2201 dubitat
1062 2179 1110 2209 ap-

227 2219 347 2263 pellare
361 2228 530 2253 tortorem.
1013 2217 1033 2255 6
1037 2228 1068 2263 5.
1081 2229 1111 2253 2.

179 2269 291 2313 Reges
324 2269 496 2304 incurrunt
519 2279 628 2313 poenas
651 2267 831 2304 Canonum
853 2267 943 2310 aeque
963 2278 1001 2301 ac
1021 2267 1076 2300 alii
1103 2292 1113 2307 ‚

228 2320 308 2355 dum
342 2318 501 2355 violentas
533 2330 653 2353 manus
683 2316 836 2362 injiciunt
870 2318 904 2351 in
927 2316 1113 2352 Sacerdotes

227 2367 375 2411 Christi,
414 2369 570 2413 Ecclefias
591 2370 732 2413 spoliant
754 2366 997 2411 poffeffionibus
1016 2368 1048 2400 ὅ(
1072 2367 1113 2400 li-

230 2419 354 2455 bertate
373 2444 381 2453 .
421 2419 511 2453 Nam
534 2419 694 2455 Canones
712 2428 773 2453 nec
802 2416 1002 2452 potestatem
1021 2417 1112 2449 exci-

161 2509 163 2511 v
230 2468 326 2512 piunt
350 2478 408 2502 nec
433 2467 640 2507 Primatum,
667 2467 720 2502 sed
744 2465 886 2511 pariliter
907 2476 1077 2510 peccantes
1104 2490 1115 2506 ‚

230 2518 298 2560 pari
321 2516 609 2553 condemnationis
629 2528 724 2560 poena
755 2515 951 2558 percellunt.
993 2527 1072 2562 224,
1084 2528 1114 2553 2·

227 2567 335 2601 Immo
361 2566 528 2608 Principes
550 2565 654 2608 primo
683 2567 862 2606 puniuntur
881 2565 1003 2609 &Lege
1016 2565 1079 2599 Dei
1109 2579 1116 2598 :

226 2617 307 2657 sicut
321 2616 454 2660 quando
468 2615 563 2649 Israel
575 2626 650 2648 cum
675 2614 869 2648 Madianitis
891 2616 1067 2649 fornicatus
1078 2616 1118 2649 le-

226 2667 316 2711 gitur
331 2691 341 2705 ,
359 2666 439 2701 dicit
451 2667 562 2702 Deus:
590 2666 669 2698 Tolle
690 2664 803 2696 cunflos
832 2667 990 2706 Principes
1013 2667 1115 2707 popul!

227 2720 262 2751 (τ
295 2715 441 2761 suspende
477 2727 523 2752 eos
567 2725 671 2748 contra
700 2711 791 2761 solem
812 2738 823 2754 ‚
864 2720 895 2747 in
934 2716 1080 2749 Partibus
1108 2741 1119 2751 ,s

232 2766 303 2800 ibib.

183 2818 311 2862 Regem
333 2815 581 2860 delinquentem
604 2814 884 2850 excommunicari
914 2815 1021 2857 posse,
1048 2825 1117 2850 erat

234 2867 392 2900 sententia
416 2868 587 2905 omnium,
614 2867 713 2903 etiam
737 2866 919 2899 faventium
943 2866 1031 2911 Regi
1046 2866 1116 2899 An·

231 2917 327 2963 gliae:
357 2915 410 2949 sed
424 2917 614 2959 negantium
629 2916 756 2960 Regem
771 2915 939 2957 deliquisse
953 2939 963 2954 ‚
991 2927 1026 2950 ut
1039 2928 1116 2949 con-

236 2966 405 3001 cluderent
433 2975 508 2999 eum
542 2964 901 3003 excommunicandum
926 2977 994 2999 non
1018 2966 1080 3000 effe
1109 2991 1114 2997 .

237 3026 270 3052 ι’
298 3027 349 3055 .2.

186 3026 296 3111 Reg2e3}
319 3066 498 3100 decessores
517 3065 663 3113 quamvis
685 3066 853 3110 exegerint
874 3065 986 3109 aliqua
1000 3066 1040 3099 ab
1059 3066 1114 3101 Ec·

231 3115 335 3151 clesiis
358 3140 368 3157 ,
404 3126 471 3149 non
497 3116 639 3160 sequitur
658 3117 746 3161 quod
770 3117 962 3151 successores
988 3117 1116 3161 exigere

231 3165 361 3211 possint.

187 3216 336 3261 Regibus
350 3215 480 3249 revelari
493 3215 605 3250 omnia
632 3217 746 3251 secreta
774 3216 993 3251 Ecclefiastica
1005 3216 1045 3250 ab
1059 3216 1116 3250 Ec-

220 3266 412 3309 „cleliasticis
434 3265 505 3309 ipsis
520 3290 530 3304 ,
555 3267 669 3299 duram
692 3268 724 3303 δε
743 3267 905 3313 pessimam
927 3266 1113 3301 servitutem
1161 3271 1164 3286 ¹

234 3316 296 3356 esse
314 3341 325 3357 ,
352 3317 546 3351 lamentatur
557 3316 599 3349 D.
611 3314 770 3353 Thomas.
1016 3325 1068 3363 73.
1087 3329 1115 3353 2.

185 3366 335 3411 Regibus
359 3365 455 3411 quod,
475 3368 598 3409 placere
620 3366 735 3401 malint
755 3366 967 3403 Ecclefiastici
981 3366 1114 3412 quidam

174 3448 181 3453 ,
231 3428 330 3461 quam
354 3417 385 3453 S.
408 3416 505 3458 Sedi,
532 3417 681 3460 provenit
706 3428 747 3453 ex
765 3428 804 3452 eo
819 3416 1025 3461 quodmagis
1036 3427 1116 3459 quae·

192 3491 214 3513 ¹.ss
236 3477 308 3505 rant
343 3477 436 3521 ‘1⁰39
448 3467 506 3519 sua.
539 3468 610 3503 sunt
636 3491 648 3509 ,
673 3467 771 3512 quam
809 3478 880 3514 quae
913 3467 984 3512 Jesu
1022 3467 1117 3501 Chri·

1020 3177 1116 3213 92.1.
1162 3156 1165 3173 ἶ

1212 315 1371 357 mittunt,
1397 316 1431 349 δε
1450 314 1665 356 committunt
1686 318 1751 352 fieri
1774 323 1791 356 ὲ
1817 324 1896 358 suis.
1927 325 2091 368 Alioquin

1213 366 1322 401 David
1336 376 1404 399 non
1416 367 1476 400 erit
1489 376 1561 400 reus
1573 366 1739 410 sanguinis
1766 369 1866 406 Uriae.
1969 386 2046 423 231.
2063 388 2091 412 1.

1165 415 1296 460 Regum
1308 415 1405 450 corda
1416 416 1535 458 suntin
1547 418 1647 450 manu
1659 416 1723 462 Dei
1734 441 1746 463 ³,
1773 418 1934 459 convertit
1945 425 2000 459 illa
2013 425 2094 460 dum

1216 467 1294 499 vult.
1998 487 2050 522 35
2067 488 2095 513 1,

1168 517 1298 561 Regum
1322 515 1389 550 filii.
1405 516 1586 560 puniuntur
1609 515 1687 559 saepe
1712 528 1770 560 pro
1783 516 2058 564 delistispatern‘is
2086 550 2093 557 .

1214 567 1267 600 Sic
1279 565 1434 606 Roboam
1447 567 1491 601 est
1504 567 1625 611 Regno
1637 567 1752 610 ejectus
1763 591 1775 607 ,
1801 578 1858 611 pro
1872 568 1997 615 delictis
2009 573 2096 609 Salo-

1215 617 1334 650 monis.
1976 652 1978 657 ,
2005 618 2059 658 88·
2074 635 2101 659 1.

1167 667 1268 711 Regis
1282 667 1410 711 Angliae
1423 668 1577 712 Regnum
1602 666 1643 700 ne
1664 666 1830 701 scindatur
1852 668 1887 702 in
1900 663 1991 713 prole
2006 672 2062 706 sua
2089 698 2100 713 ‚

1216 718 1250 749 in
1272 727 1403 759 poenam
1424 717 1660 757 contumaciae,
1688 718 1806 758 metuit
1816 718 1960 761 Joannes
1974 721 2096 756 Saresb.

1222 777 1298 813 151-
1317 778 1341 802 1.

1169 815 1275 861 Reges
1299 817 1429 861 Angliae
1447 817 1580 863 quando
1600 816 1871 854 consecrabantur
1891 813 2102 865 &ungeban-

1217 876 1293 906 tur‚
1320 867 1486 910 ponebant
1507 870 1599 912 super
1626 869 1739 903 Altare
1765 869 1915 912 scriptam
1937 873 2102 914 professio-

1217 927 1293 950 nem
1305 940 1316 956 ,
1342 917 1383 950 de
1395 919 1548 957 servanda
1562 919 1708 954 Ecclesiae
1728 918 1881 954 libertate.
2004 920 2059 969 98.
2076 933 2103 958 1-

1170 966 1245 1007 Rex
1267 966 1398 1011 Angliae
1421 968 1619 1010 Wilhelmus
1643 969 1803 1013 Angliam
1816 968 2008 1014 subjugavit.
2037 973 2105 1006 Co-

1220 1026 1353 1050 ronatur
1364 1017 1406 1051 ab
1429 1019 1590 1062 Episcopo
1617 1018 1844 1065 Eboracenfi‚
1870 1020 2104 1065 quiaEcclefia

1221 1066 1466 1102 Cantuarienfis
1505 1078 1571 1102 erat
1598 1069 1753 1104 destituta
1789 1063 1956 1107 Antist'ite.
1985 1080 2105 1119 341.2.

1221 1117 1422 1151 Wilhelmus
1436 1118 1560 1158 Rufus,
1587 1118 1680 1162 hujus
1706 1118 1886 1158 Wilhelmi
1913 1121 2001 1160 filius
2016 1145 2027 1161 ,
2051 1133 2106 1155 co-

1221 1177 1355 1201 ronatur
1366 1167 1384 1201 a
1395 1167 1582 1210 Lanfranco
1607 1169 1835 1207 Cantuarienfi
1858 1170 2106 1213 Archi-Episco-

1222 1229 1287 1259 po,
1315 1218 1488 1260 praesente‚
1516 1230 1575 1258 nec
1612 1220 1860 1261 contradicente
1902 1220 2106 1255 Eboracenfi.

1172 1309 1174 1311 v
1223 1267 1297 1304 ibid,
1325 1266 1490 1303 Henricus
1512 1269 1734 1313 choronatur
1753 1269 1772 1303 ὲ
1793 1270 1821 1306 S
1842 1269 2109 1309 GirardosHere-

1223 1315 1363 1351 fordensi
1378 1314 1542 1356 Episcopo
1553 1339 1564 1354 ,
1588 1324 1756 1357 tamquam
1772 1317 2107 1363 suffraganeosstAn‘

1223 1362 1313 1396 selmi
1330 1363 1602 1409 Archi-Episcopi
1616 1364 1858 1404 Cantuarieniis
1879 1366 1997 1401 Exulis
2008 1393 2015 1401 .
2030 1369 2110 1405 ,Re-

1222 1409 1339 1445 ducem
1363 1406 1558 1453 Anselmum
1576 1412 1702 1453 accedit
1715 1437 1725 1453 ,
1751 1406 1884 1454 tradens,
1903 1407 2069 1470 Dssdlssva'
2095 1443 2107 1458 ,

1162 1464 1165 1467 '
1225 1471 1344 1506 rogans
1356 1461 1528 1502 coronari:
1557 1472 1668 1505 petens
1679 1462 1737 1496 sibi
1751 1464 2108 1513 nonimputari,'quod

1225 1512 1345 1545 fastum
1359 1511 1450 1552 estin
1461 1511 1698 1556 ejusabsentia‚
1727 1513 1920 1558 necessitate
1936 1514 2071 1562 urgente
2097 1545 2106 1552 .

1224 1562 1295 1601 ibid.
1323 1560 1622 1606 Archi-Episcopus
1644 1562 1802 1606 approbat
1821 1560 1942 1605 fadiu'm
1960 1591 1970 1605 ,
1998 1560 2034 1601 ὅς’
2047 1568 2112 1602 Re.

1225 1613 1259 1657 gi
1273 1611 1440 1651 Coronam
1453 1613 1683 1660 imponit.342.
1700 1613 1831 1647 1.Rexit
1846 1615 2110 1652 circa‘XXXVI.

1227 1672 1339 1696 annos.
1365 1662 1437 1694 ibid.
1462 1659 1645 1705 Stephanus
1680 1673 1857 1697 coronatur
1884 1665 1902 1699 a
1927 1667 2111 1702 Wilhelmo

1227 1711 1452 1760 §antu-ariensi
1466 1711 1759 1756 Archi-Episcopo.
1786 1713 1858 1746 ibid.
1884 1716 1988 1752 Rexit
2012 1720 2113 1753 annis

1228 1761 1319 1798 XlX.
2040 1769 2111 1802 ibid.

1177 1818 1242 1855 Rex
1257 1819 1369 1861 Angliae
1384 1825 1525 1855 Henricus
1538 1824 1575 1853 ΙΙ.
1586 1820 1603 1854 ἐ
1615 1822 1709 1856 Duce
1723 1819 1951 1867 Nortmanniae
1961 1821 1995 1855 δι
2009 1818 2115 1861 Aqui·

1226 1869 1320 1903 taniae
1340 1870 1484 1904 succedit
1523 1868 1697 1914 Stephano.
1733 1882 1764 1918 3.
1782 1870 1961 1916 19Titulo
1981 1870 2115 1916 adopta·

1226 1919 1336 1953 tionis.
1361 1930 1439 1967 342.
1455 1932 1480 1957 1.
1493 1920 1582 1959 Nam
1594 1921 1751 1966 Regnum
1763 1920 1804 1962 ab
1817 1920 1966 1970 Henrico
1978 1921 2003 1955 1.
2027 1932 2112 1959 tran.

1225 1970 1274 2007 siit
1303 1971 1335 2003 in
1358 1972 1456 2004 aliam
1478 1971 1638 2006 familiam
1658 1996 1666 2005 .
1713 1971 1776 2006 Sed
1798 1967 1939 2017 multum
1961 1984 2115 2018 operante
2143 1965 2148 1972 ⁴

1226 2018 1432 2054 Theobaldo
1446 2019 1972 2066 Archi.Episcopo.,Cantuarienfi
1984 2049 1995 2066 ,
2022 2025 2116 2060 Hen-

1226 2070 1309 2103 ricus
1320 2069 1360 2102 Π.
1373 2070 1600 2114 illiusnepos,
1615 2072 1872 2115 adoptaturfuit
1893 2074 1912 2107 a
1929 2073 2111 2119 Stephano.

1226 2119 1300 2154 ibid.
1317 2120 1763 2162 CoronaturaTheobaldo.
1791 2123 1865 2156 ibid.
1894 2122 2028 2167 Juvenis
2040 2126 2116 2161 Rex

1225 2169 1497 2206 consuetudinem
1531 2169 1630 2206 habet
1662 2183 1739 2206 cum
1760 2173 1894 2208 muliere
1919 2174 2052 2219 pulchra
2078 2177 2115 2209 in

1227 2218 1318 2253 Villa
1355 2221 1530 2255 Stafordiae.
1557 2231 1589 2267 3.
1608 2233 1635 2257 1.
1666 2221 1722 2256 Ab
1750 2223 1890 2265 Eudone
1927 2225 2116 2269 Brytonum

1228 2267 1383 2309 Comite,
1409 2271 1507 2305 affine
1518 2272 1580 2305 suo.
1594 2296 1604 2312 ,
1623 2273 1657 2306 in
1669 2274 1758 2316 pacis
1769 2274 1915 2313 obsidem
1924 2276 2039 2317 recipit
2054 2276 2117 2310 Eu-

1227 2316 1324 2351 donis
1350 2319 1451 2352 filiam
1465 2343 1476 2358 ,
1503 2320 1661 2362 illamque
1683 2322 1871 2365 impraegnat
1885 2347 1892 2354 .
1935 2324 2033 2358 Eudo
2054 2326 2118 2360 Re-

1227 2377 1302 2410 gem
1314 2369 1420 2412 arguit
1431 2377 1599 2409 tamquam
1615 2370 1814 2410 proditorem
1834 2395 1844 2410 ‚
1858 2371 2057 2414 adulterum,
2069 2375 2117 2408 in·

1227 2417 1424 2452 caestuosum.
1456 2415 1532 2463 196.
1545 2426 1575 2450 2.
1604 2417 1684 2461 Ejus
1709 2417 1778 2452 laus
1800 2418 1818 2452 ὲ
1843 2420 1975 2456 dotibus
1987 2434 2118 2461 naturae.

1231 2476 1305 2504 121.
1318 2479 1347 2503 2.

1179 2521 1267 2563 Regis
1280 2521 1400 2550 Henrlci
1409 2515 1535 2557 fhrtuna
1544 2514 1696 2559 prospera.
1710 2517 1788 2560 Ejus
1801 2519 1921 2554 divitiae
1934 2546 1944 2561 ,
1973 2523 2114 2558 vistoriae

1228 2569 1260 2602 &
1278 2564 1443 2609 triumphi.
1472 2577 1549 2613 297.
1565 2578 1584 2599 ι
1613 2567 1771 2602 Habenas
1792 2569 1902 2614 Regni
1934 2571 2003 2614 ejus
2024 2574 2114 2608 Deus

1228 2614 1590 2659 multipliciterdilatat.
1618 2626 1694 2664 223.
1724 2630 1752 2654 1.
1780 2618 1934 2655 Potentia
1954 2624 1985 2656 &
2007 2624 2115 2667 gloria

1227 2668 1354 2709 superat
1383 2667 1493 2711 Reges
1523 2667 1672 2708 reliquos.
1702 2679 1778 2715 243.
1800 2678 1828 2703 1.
1858 2670 2022 2707 Asturiam
2036 2663 2115 2716 'ejus

1230 2715 1635 2758 reformidabantremoti,
1663 2717 1777 2751 Vicini
1801 2722 1980 2764 potentiam
1993 2748 2010 2764 ‚7
2031 2725 2118 2758 seve-

1228 2767 1358 2801 ritatem
1373 2764 1511 2801 subditi..
1533 2776 1603 2802 110.
1618 2776 1649 2802 2.
1678 2767 1797 2802 Crebri.
1817 2770 1891 2804 vero
1914 2772 2116 2807 successus&

1230 2817 1369 2852 fortunae
1381 2817 1504 2861 gratia,
1531 2818 1673 2851 fecerant
1685 2828 1760 2852 eum
1778 2818 2036 2856 tamdelicatum
2049 2848 2058 2863 ‚
2079 2834 2117 2857 ut

1228 2867 1389 2911 quidquid
1413 2877 1481 2901 non
1502 2867 1738 2911 obsequebatur
1748 2867 1790 2902 ad
1814 2881 1953 2913 nutum,
1980 2873 2112 2906 duceret

1228 2916 1391 2960 injuriam.
1419 2918 1492 2951 ibid.
1522 2917 1683 2962 Euergica
1696 2917 2112 2964 hominisdescripciosbid.

1229 2967 1406 3013 Qaerebat
1429 2966 1537 3011 potius
1555 2967 1693 3011 gloriam
1720 2991 1732 3007 ,
1767 2979 1862 3011 quam
1893 2982 2086 3012 proventum
2103 2984 2115 3004 .·

1229 3019 1320 3061 ‚Quod
1330 3024 1362 3050 in
1379 3020 1519 3059 Principe
1528 3017 1615 3059 posset
1623 3015 1704 3058 satls
1718 3020 1946 3054 commendabile
1956 3027 2089 3063 reputari
2100 3045 2112 3061 ‚

1226 3066 1360 3111 figloriae
1372 3073 1532 3101 materiam
1546 3071 1645 3099 virtus
1659 3069 1693 3100 (ν
1705 3073 1820 3100 veritas
1832 3093 1841 3109 ‚
1869 3081 1925 3103 non
1938 3078 2066 3104 vanitas
2078 3074 2113 3104 U

1230 3120 1325 3150 dulcis
1338 3116 1523 3151 meretrt'cum
1534 3117 1677 3150 adulatio.
1696 3126 1897 3160 compararet:
1926 3121 1971 3154 ait
1996 3120 2117 3153 Ernul-

1230 3167 1312 3211 phus
1324 3166 1534 3202 Lexovienfis
1550 3165 1736 3209 Episcopus,
1988 3181 2002 3206 1
2013 3180 2063 3205 10.
2078 3180 2111 3204 2.

1180 3222 1270 3262 Regis
1276 3216 1438 3260 persecutio
1450 3217 1591 3258 quomodo
1610 3226 1715 3250 exorta
1732 3216 1789 3259 sit.
1817 3218 1872 3251 Sui
1896 3218 2080 3253 adulatores
2102 3242 2115 3258 ‚

1228 3269 1315 3312 Regi
1328 3276 1517 3308 proponunt
1532 3266 1620 3309 quod
1635 3267 1743 3301 nullus
1766 3266 2031 3315 Praedecesl’orum
2044 3269 2113 3312 ejus

1228 3317 1384 3351 habuisset
1399 3326 1506 3351 tantas
1520 3317 1601 3350 vires
1614 3326 1710 3357 atque
1722 3317 1975 3359 amplitudinem
1986 3330 2023 3354 ac
2035 3320 2110 3362 ipse:

1230 3366 1373 3409 adeoque
1388 3365 1523 3402 honoris
1535 3365 1602 3408 eius
1613 3366 1676 3399 effe
1687 3391 1697 3406 ‚
1723 3364 1760 3398 ad
1774 3365 1891 3401 statum
1916 3369 2020 3413 Regni
2034 3379 2114 3402 con·

1232 3417 1444 3457 servandum,
1475 3415 1787 3459 undequaque-bona
1810 3418 1985 3463 colligere.-
2012 3420 2111 3452 etiam

1237 3466 1468 3503 Ecclesiastica.
1497 3465 1729 3510 Maximequia
1752 3466 1841 3511 juxta
1862 3468 2112 3504 consuetudines

1934 3517 2067 3564 Angliar
