2358 3776
306 108 344 152 s,
416 90 1787 150 THOMAE·CA'NTUAR1ENSIS.
1923 105 1996 159 89

103 200 190 235 cium
200 193 267 229 non
282 193 489 231 detinuerat,
516 189 646 225 tractare
657 196 823 231 coeperunt
847 185 894 219 illi
905 183 992 222 duo,
1020 184 1054 217 δε

105 252 228 292 Regem
242 245 450 288 aliquatenus
465 245 556 286 super
569 240 618 274 his
632 240 814 279 increpare.
841 235 943 269 Tunc
954 234 1053 291 etiam

106 295 407 337 Archi-Episcopus
426 302 570 327 mentem
594 291 760 323 literarum
782 311 792 325 ‚
834 296 913 329 quas
933 283 1015 317 olim
1036 284 1054 318 a

107 345 257 382 Domino
271 345 356 387 Papa
369 356 426 388 pro
440 343 531 376 vobis
582 341 738 380 'sceperat,
750 336 836 381 Regi
849 334 949 378 coepit
972 345 1056 376 aper-

515 343 621 477 (AEre
634 389 693 421 suo
714 386 830 420 leniter
854 386 1020 427 increpare
1045 409 1056 425 ‚

1114 182 1398 219 diaobdormivit.
1428 185 1490 220 Eia
1513 184 1632 230 igitur,
1659 199 1768 225 arcum
1793 191 1953 228 intendite
1972 217 1983 233 ,
2012 195 2059 229 stt-i

1116 235 1213 280 gittas
1248 235 1418 269 immittite
1444 259 1454 276 ‚
1480 234 1588 270 donec
1625 237 1828 276 infirmentur
1851 269 1857 276 ,
1885 243 2056 290 Qoniam

1117 287 1252 329 impium
1274 286 1320 319 est
1345 285 1389 318 ibi
1412 287 1474 320 esse
1495 286 1611 330 pium,
1640 287 1695 320 ubi
1709 289 1772 322 Dei
1786 291 1891 327 Pietas
1910 295 2070 329 annullat-³²

1116 344 1186 376 tur,
1213 336 1246 369 ὅ(
1269 335 1364 369 Fides
1384 336 1602 379 periclitatur.
1631 337 1722 370 Male
1737 339 1826 372 enim
1848 342 1949 377 fidelis
1970 345 2014 377 est
2040 368 2053 384 ‚

1116 386 1173 430 qui
1186 386 1260 419 fidei
1271 387 1339 429 jura
1353 397 1418 419 non
1432 388 1549 420 servat.
1580 387 1621 420 Et
1634 398 1730 431 quem
1743 397 1858 422 contra
1871 390 1966 426 fidem
1980 395 2057 438 age'-

1115 446 1148 469 re
1159 435 1325 476 videmus,
1355 437 1498 479 profesto
1521 437 1686 471 infidelem
1713 438 1930 481 appellamus.
1959 442 2059 485 Agite

1115 486 1212 531 ergo,
1241 487 1421 530 &amplius
1445 487 1547 520 nolite
1569 487 1674 521 silere.
1701 488 1874 535 Qoniam
1897 489 2060 524 taciturni-

1116 546 1164 570 tas
1186 536 1288 569 nutrit
1311 537 1490 577 assensum,
1528 537 1561 570 &
1583 537 1737 572 delictum
1762 538 1962 574 subditorum
1985 539 2061 582 saepe

106 397 172 430 tius
181 396 352 437 explanare
365 417 376 435 ‚
401 394 435 427 δι’.
447 403 519 427 eum
939 432 944 438 ,

109 447 217 481 donec
229 445 302 478 Rex
317 445 347 477 se
361 450 468 479 totum
482 442 516 482 sci
526 450 559 473 re
568 438 652 472 dixit
665 435 826 479 quidquid
852 436 968 469 litteris
979 445 1055 468 con-

109 496 272 530 tinebatur
295 519 306 535 ,
341 495 374 528 ἀ
395 494 499 534 minas
528 487 716 531 hujusmodi
740 484 908 520 modicum
943 485 1056 518 formi-

111 547 208 581 dare.
404 564 406 567 v

1117 597 1171 630 per
1193 586 1311 619 silentii
1333 597 1479 631 teporem
1502 588 1748 630 retorqueturin
1770 587 1956 623 Pastorem.
1984 588 2062 623 Vo-

1116 645 1186 669 cate
1197 646 1274 679 ergo
1286 647 1367 681 quos
1390 637 1543 680 potestis,
1565 636 1796 681 &compellite
1819 640 1909 673 exire
1935 639 1974 671 de
1996 650 2062 672 me-

1116 686 1172 720 dio
1187 686 1368 727 Babylonis
1379 710 1386 718 .
1414 688 1584 734 Qoniam
1600 687 1714 720 melius
1726 688 1770 721 est
1785 690 1868 722 mori
1893 687 2062 722 vobiscum

1118 737 1152 770 in
1181 735 1292 777 bello,
1319 736 1416 781 quam
1441 737 1547 772 videre
1570 739 1653 772 mala
1671 738 1782 784 gentis
1803 740 1866 772 sua:
1888 738 2005 784 pariter
2028 738 2062 771 &

161 597 252 630 Dum
268 593 333 628 haec
352 595 509 636 geruntur
531 612 542 629 ,
569 584 954 633 magister'Raynaldus,
982 583 1059 618 Cle-

112 647 197 680 ricus
210 642 330 679 Decani
345 640 565 678 Turonensis,
593 639 634 673 ad
646 637 771 682 Regem
796 636 948 675 acceffit,
974 634 1055 668 mul·

115 697 157 730 tis
167 693 386 730 occasionibus
400 690 536 724 sollicite
553 699 716 732 quaerens,
731 686 881 730 ‘qualiter
904 686 945 719 de
969 685 1056 719 fastu

115 746 178 780 isto
197 754 270 778 eum
303 742 403 785 posset
436 739 602 773 honestius
623 739 811 780 increpare,
848 736 881 769 &
905 737 992 769 suam
1014 734 1055 768 ad

115 796 244 838 plenum
255 792 451 836 cognoscere
462 789 680 823 voluntatem.
713 787 786 826 Rex
806 785 883 819 vero
900 785 1056 828 prosperi-

115 853 212 878 tatem
236 837 491 883 Domini-Papae
509 840 542 872 ὅ(
573 837 788 872 Serenitatern
822 835 930 869 Status
952 833 1055 868 Curiae

114 893 329 929 subsannans,
356 901 429 924 eum
444 889 483 922 de
494 888 613 923 talibus
625 889 682 922 vix
702 888 791 931 loqui
814 884 1021 929 permittebat
1046 909 1053 916 .

113 943 190 977 1³0st
202 939 268 975 haec
283 941 356 975 Rex
366 937 451 984 apud
463 938 649 974 cadomum
665 939 805 971 reversus
817 935 861 970 est
874 961 885 976 ‚
911 936 945 969 δ(
958 935 1054 978 Epis-

111 1002 212 1035 copus
222 989 431 1025 Lexoviensis
454 989 593 1033 adeum
617 987 771 1022 accedens
794 1010 805 1025 ,
831 996 867 1019 ut
889 985 1054 1019 licentiam

109 1041 298 1088 egrediendi
312 1040 437 1084 plenius
449 1038 578 1073 haberet
592 1062 602 1077 ,
627 1039 645 1072 ὲ
667 1038 758 1082 Rege
781 1036 937 1069 attentius
961 1037 1054 1067 inter-

98 1121 100 1123 .
113 1101 248 1137 rogatus
257 1091 303 1125 est
315 1115 326 1130 ‚
346 1099 504 1133 quantum
515 1088 645 1122 deberet
656 1111 666 1127 ‚
692 1088 725 1120 &1
736 1086 865 1130 quantis
876 1085 1051 1129 indigeret.

116 1142 269 1185 Cumque
282 1141 458 1183 Episcopus
468 1139 622 1173 ducentas
638 1148 757 1170 marca-s
772 1161 781 1176 ‚
808 1136 830 1169 si
853 1144 1054 1173 remaneret»,

114 1190 170 1224 fibi
193 1191 376 1224 necessarias
398 1189 581 1222 inculcasset
595 1213 604 1228 ‚
632 1188 704 1220 Rex
727 1187 758 1220 se
780 1194 907 1219 tantum
929 1184 1053 1228 argenti
1256 1203 1261 1208 ι

113 1248 182 1274 non
198 1240 312 1272 habere
321 1239 478 1278 affer-uit,
497 1237 549 1271 sed
561 1247 668 1270 tamen
681 1236 774 1269 noste
796 1234 909 1268 eadem
929 1235 959 1268 ei
972 1236 1055 1267 sexa-
1253 1237 1371 1269 Tbomae
1409 1236 1623 1277 Cantuartenfi
1656 1238 1743 1270 Archi
1758 1257 1767 1263 -
1781 1238 1924 1282 Episcopo

55 1299 57 1309 ¹
112 1290 207 1334 ginta
230 1299 352 1323 marcas
384 1288 503 1321 remisit
526 1311 533 1319 .
576 1286 719 1321 Utinam
742 1282 820 1329 ergo
844 1284 1054 1317 imminutam
1342 1290 1452 1320 Frater
1488 1287 1631 1318 leau,
1670 1289 1707 1320 de
1733 1291 1835 1321 Monte

111 1338 272 1382 Principis
294 1336 555 1381 pecuniam‘non
578 1335 748 1379 accepisset
765 1359 776 1374 ‚
813 1344 909 1376 quem
934 1334 1055 1367 amodo
1469 1335 1704 1380 Rothomagensp

113 1388 222 1424 credet
234 1389 265 1422 se
287 1388 341 1420 illa
363 1387 472 1424 emisse
486 1411 496 1426 ,
525 1396 620 1430 quem
641 1386 763 1419 viderat
776 1383 939 1428 indigere:
969 1383 1055 1417 &eo

112 1438 276 1483 tanquam
291 1438 506 1478 instrumento
519 1436 559 1470 ad
571 1434 797 1479 complendam
821 1435 882 1467 suae
903 1434 1054 1477 iniquita·

113 1490 158 1522 tis
171 1489 328 1522 malitiam
342 1497 447 1521 utetur
459 1512 466 1519 .
494 1485 564 1519 Rex
577 1487 665 1519 enim
675 1486 704 1518 ei
726 1484 855 1518 forsitan
880 1484 983 1527 magis
993 1494 1057 1517 cre—

110 1539 194 1579 det,
218 1538 252 1572 δι
275 1538 339 1581 ipse
361 1537 431 1578 illi,
457 1547 492 1571 ut
514 1536 635 1576 timeo,
664 1536 698 1568 in
721 1534 915 1575 infidelitate
938 1533 997 1571 erit
1021 1532 1054 1565 fi-

115 1588 241 1623 delion
279 1599 281 1601 ’

1117 787 1325 821 Sanctorum.
1354 786 1483 821 Vocare
1500 810 1510 826 ‚
1537 789 1669 831 inquam
1690 811 1700 827 ‚
1725 787 1758 820 &
1781 787 1890 822 statim
1914 788 2059 822 sentiant

1116 835 1257 879 judicem
1270 861 1282 877 ,
1309 837 1374 882 ‚qui
1394 835 1505 870 audire
1525 838 1779 882 contempserint
1801 837 1942 872 Pastoris
1964 848 2063 871 voca-

1117 886 1260 920 tionem.
1291 887 1408 923 Valeat
1429 888 1463 920 in
1485 888 1606 922 multos
1626 889 1694 922 dies
1715 889 1865 937 sanstitas
1888 889 1920 922 δε
1943 887 2060 921 sanitas

1119 936 1220 970 vestra
1233 961 1240 968 .
1268 938 1327 972 Me
1337 948 1445 972 autem
1457 938 1596 971 vestrum
1608 939 1670 972 esse
1694 939 1816 981 semper
1840 938 1979 973 credatis
1991 962 2002 977 ‚
2027 936 2061 970 δε

1118 986 1158 1019 ad
1170 986 1304 1029 omnia,
1330 999 1400 1032 quae
1411 987 1503 1021 vobis
1514 988 1712 1031 placuerint,
1740 999 1969 1033 praeparatum.
1992 985 2060 1023 Va*

1120 1037 1183 1071 lete
1194 1035 1310 1072 iterum
1324 1063 1334 1079 ‚
1360 1039 1546 1082 &semper.

1293 1137 1704 1174 EPISTOLA
1758 1140 1886 1175 XLV.

1186 1438 1316 1473 UPER
1343 1438 1480 1482 negotio
1494 1437 1597 1471 vestro
1613 1449 1672 1472 nos
1701 1438 1809 1471 minus
1824 1438 1917 1471 fuisse
1939 1437 2075 1479 solliciy

1208 1501 1280 1527 tos,
1306 1489 1383 1532 quia
1411 1486 1557 1521 nondum
1591 1487 1608 1519 a
1632 1488 1738 1521 nostra
1762 1491 1918 1530 parvitate
1942 1490 2064 1520 litteras

1123 1539 1308 1580 accepistis,
1336 1537 1492 1575 minime,
1518 1537 1538 1567 si
1560 1537 1663 1578 placet
1685 1561 1694 1576 ‚
1723 1537 1830 1569 vestrae
1854 1536 2064 1571 paternitatis

1123 1588 1292 1621 arbitretur
1306 1584 1518 1631 magnitudo.
1548 1585 1644 1618 Nihil
1660 1587 1746 1619 enim
1757 1586 1796 1618 eo
1809 1589 1907 1630 usque
1922 1588 2062 1619 scriben-

167 1638 205 1671 In
218 1637 376 1670 his-etiam
398 1635 512 1668 diebus
535 1633 709 1672 infredus,
737 1632 883 1666 Clericus
906 1631 1057 1674 Episcopi
1123 1637 1461 1673 dumaestimavimus,
1490 1636 1578 1673 quod
1592 1636 1725 1668 vestram
1748 1636 1940 1668 concederet
1954 1637 2065 1670 audire

117 1685 386 1724 fleresordenfis,
413 1685 452 1717 ad
468 1684 592 1727 Regem
617 1684 705 1715 venit
725 1704 736 1719 ‚
761 1686 898 1716 asserens
924 1682 1060 1723 Episco-
1123 1686 1341 1718 sanctitatem.
1379 1683 1463 1715 Satis
1480 1683 1571 1714 enm
1591 1683 1692 1715 etiam
1715 1684 1799 1725 apud
1825 1696 1880 1717 vos
1905 1687 2066 1719 credimus

117 1747 197 1780 pum
209 1737 320 1773 fisum»
345 1733 578 1765 &Dominum
600 1730 797 1772 Rogamus
822 1727 999 1762 secundnm
1010 1736 1059 1760 te·-
1122 1736 1184 1767 esse
1195 1733 1389 1779 cognitum,
1415 1741 1550 1773 puerum
1563 1732 1618 1774 qui
1643 1731 1728 1776 Regi
1753 1732 1878 1768 litteras
1901 1733 2031 1768 tradidit
2060 1760 2071 1773 ,

115 1781 332 1819 floremvestri
349 1779 554 1813 Mandatide
566 1787 646 1811 terra
657 1778 827 1817 exituros>
854 1776 940 1813 &ad
952 1787 1010 1810 VOS
1023 1776 1057 1809 11²
1122 1784 1155 1815 in
1168 1784 1256 1816 arcto
1279 1782 1372 1816 fuisse
1395 1782 1534 1826 pofitum
1551 1805 1561 1820 ,
1583 1781 1697 1825 digitis
1715 1782 1755 1815 ad
1781 1784 2071 1820 oculos-eruendos

116 1831 270 1880 proximo
281 1840 456 1869 venturos,
484 1828 540 1862 nisi
552 1827 839 1871 Regisauxilio&
863 1825 1002 1861 consilio
1014 1837 1059 1859 re·
1122 1831 1272 1876 appofitis
1295 1833 1394 1874 usque
1415 1831 1454 1864 ad
1476 1831 1666 1865 effufionem
1690 1833 1857 1876 sanguini-s
1876 1859 1887 1873 ‚
1923 1835 1957 1868 ὅ(
1985 1845 2068 1879 aqua

115 1891 301 1919 manerent.
330 1880 403 1913 Rex
415 1877 544 1923 ergdde
556 1878 708 1911 Domino
722 1878 857 1922 Rogero
879 1877 1058 1921 plurimum

112 1931 333 1977 conquestus,
360 1928 585 1974 prohibitione
598 1929 671 1967 usus
681 1928 726 1961 est
751 1938 809 1971 pro
830 1928 988 1965 consilio,
1015 1926 1060 1959 di·-

112 1992 198 2020 ⁴«cens
219 1990 276 2016 eos
298 1992 364 2015 non
389 1979 476 2023 posse
485 1979 560 2023 cogi
573 1977 614 2012 ad
625 1978 810 2011 exeundum
824 2002 834 2017 ‚
860 1988 946 2020 quos
961 1986 1059 2010 reme-

115 2031 449 2075 diumappellationis
465 2028 574 2071 juvare
598 2038 723 2071 poterat
743 2027 783 2060 ad
806 2027 1059 2061 remanendum.

117 2083 251 2126 Adjecit
265 2081 362 2115 etiam
373 2090 429 2114 eos
439 2080 527 2123 posse
535 2079 645 2118 exire,
673 2078 725 2111 sed
738 2077 932 2111 reverti—non
953 2076 1041 2120 posse
1052 2100 1059 2107 .

114 2135 161 2168 Et
174 2132 241 2167 haec
252 2131 385 2175 quidem
397 2130 481 2174 apud
495 2139 554 2162 nos
564 2128 652 2172 gesta
666 2129 755 2161 sunt.
786 2127 966 2161 Defcaetero
987 2126 1059 2159 scia-

113 2185 182 2224 tis,
208 2182 330 2226 quiain
345 2181 468 2214 octava
480 2178 569 2212 Beati
582 2178 718 2211 Martini
732 2177 805 2211 Rex
827 2187 904 2211 cum
928 2176 1061 2210 Comite

111 2230 321 2266 Theobaldo
349 2229 434 2272 apud
467 2229 646 2261 Turonum
669 2228 762 2271 loqui
785 2226 880 2261 debet
900 2250 912 2267 ,
949 2226 1061 2269 ibique

114 2282 315 2326 quingentas
326 2278 440 2318 libras,
466 2288 545 2321 quas
561 2279 591 2311 ei
617 2288 671 2320 per
691 2288 816 2310 annum
835 2277 1024 2320 promiserat
1050 2300 1061 2316 ‚

117 2332 301 2376 depresenti
316 2329 441 2367 solvet,
467 2328 501 2360 ὅ(
526 2327 568 2359 de
589 2326 700 2359 futuro
723 2326 915 2360 mentietur.
943 2326 1059 2360 Domi-

118 2383 192 2416 nica
211 2380 289 2414 vero
310 2376 456 2422 sequenti
479 2376 564 2419 apud
589 2376 736 2409 Chinum
768 2378 830 2410 erit
853 2376 1060 2420 colloquium

1120 1933 1278 1978 magistro
1291 1932 1469 1966 Heriberto
1482 1932 1653 1974 accepisse.
1682 1932 1743 1966 Sed
1763 1933 1901 1966 necdum
1923 1933 1939 1966 ὲ
1953 1935 2071 1969 vincu-

1123 1983 1163 2016 1²1³
1173 1982 1351 2016 absolvitur
1362 2005 1373 2021 ,
1399 1982 1474 2014 cum
1488 1992 1595 2014 tamen
1610 1982 1683 2014 Rex
1701 1981 1718 2015 ὲ
1742 1982 2067 2022 Matreman'datum

1126 2032 1286 2075 acceperit
1297 2057 1309 2072 ,
1335 2040 1369 2065 ut
1383 2032 1470 2064 abire
1484 2031 1723 2074 permitteretur
1734 2056 1751 2063 .,
1770 2032 1808 2065 ln
1821 2034 1930 2067 ossava
1942 2045 2070 2073 autem3

1122 2093 1159 2116 ut
1171 2082 1375 2125 accepimus,
1402 2081 1508 2115 Sansti
1522 2082 1659 2115 Martini
1674 2081 1745 2116 Rex
1760 2082 1792 2116 ἀ
1817 2082 1939 2124 Qomes
1952 2083 2067 2118 Theo·

1122 2132 1236 2166 baldus
1251 2133 1398 2165 Turonis
1413 2130 1580 2165 habebunt
1603 2131 1882 2174 collocutionem,
1914 2134 1950 2166 In
1984 2135 2068 2169 festo

1123 2182 1200 2216 vero
1223 2182 1328 2214 Sanffi
1353 2181 1492 2215 Andreae
1514 2193 1669 2215 venturus
1691 2182 1736 2216 est
1756 2183 1796 2218 ad
1821 2195 1906 2225 nos,
1943 2194 1980 2218 ut
2004 2186 2068 2219 una

1121 2244 1198 2267 cum
1211 2230 1463 2267 Fiandrensibus
1475 2231 1701 2276 colloquatur.
1729 2234 1792 2268 Sed
1805 2232 1912 2268 &hoc
1936 2235 1976 2268 de
1991 2235 2066 2268 An·-

1121 2283 1186 2328 glia
1200 2280 1401 2325 accepimus,
1429 2281 1518 2325 quod
1533 2282 1774 2317 Lincolniensis
1795 2284 1829 2318 ὀὶ
1850 2283 1971 2318 Comes
1983 2285 2071 2319 Gau-

1121 2332 1224 2367 fridus
1235 2331 1380 2366 debitum
1392 2333 1498 2366 carnis
1521 2333 1748 2375 persolverint.
1780 2334 1913 2368 Dicitur
1934 2346 2065 2379 quoque

1122 2382 1212 2426 quod
1233 2381 1419 2416 Richardus
1435 2380 1477 2416 de
1502 2382 1585 2416 Luci
1602 2383 1668 2424 jam
1688 2406 1699 2422 ‚
1734 2394 1769 2417 ut
1794 2385 2063 2426 Hierosolymam

115 2442 192 2465 cum
203 2429 343 2464 pictavis
362 2451 374 2468 ,
400 2426 518 2461 &aliis
536 2426 576 2459 de
595 2426 685 2459 terris
706 2426 925 2468 adjacentibus
946 2451 953 2459 .
983 2426 1059 2461 Post
1123 2432 1218 2467 vadat
1231 2456 1242 2473 ,
1267 2432 1395 2477 fignum
1409 2431 1463 2466 fibi
1476 2432 1786 2476 Crucjsimposuerjt
1801 2457 1808 2464 ,

115 2482 183 2514 haec
197 2481 229 2513 in
250 2479 330 2513 festo
342 2478 452 2513 Sansti
472 2475 612 2510 Andreae
634 2476 693 2509 erit
717 2477 920 2521 Rothomagi
938 2501 949 2517 ‚
978 2478 1059 2510 utin

116 2533 244 2566 Ostava
263 2538 433 2563 occurrere
454 2526 547 2569 possit
572 2525 920 2567 ComitiFlandrenfi‚
951 2526 1061 2570 ibique

113 2581 247 2615 Comiti
261 2579 414 2613 Boloniae
425 2576 625 2610 millelibras
649 2577 679 2609 se
690 2577 840 2609 daturum
863 2588 917 2621 per
937 2587 1061 2610 annum

115 2631 286 2675 promittet
300 2639 358 2673 pro
370 2626 492 2671 pace&
505 2625 681 2659 concordia
706 2627 790 2660 iuter
811 2638 887 2667 eos,
913 2627 1061 2668 nihilque

117 2682 208 2715 aliud
221 2682 250 2714 se
261 2681 418 2713 facturum
433 2687 563 2720 propter
583 2685 657 2708 eum
678 2676 863 2710 constanter
880 2678 1007 2711 asseruit
1029 2677 1062 2710 ἀ

118 2731 237 2775 juravit
249 2755 256 2762 .
288 2731 323 2763 ln
338 2729 386 2762 his
398 2726 479 2770 ergo
488 2725 643 2759 omnibus
656 2725 729 2758 Rex
755 2724 888 2760 fluctuat
909 2727 943 2760 &
961 2728 1061 2760 incer-

111 2791 170 2814 ·tus
181 2781 225 2814 est
239 2803 249 2819 ,
275 2780 308 2812 &
320 2780 360 2812 de
373 2777 472 2811 futuri
484 2776 638 2818 temporis
649 2773 771 2808 casibus
782 2776 928 2819 sperans.
949 2776 986 2810 ln
996 2775 1060 2810 hoc

117 2831 222 2864 solum
233 2829 433 2863 fortitudinis
449 2829 509 2860 suae
522 2826 628 2868 possit
642 2826 882 2859 firmamentum
896 2850 907 2866 ‚
933 2826 954 2859 si
975 2827 1060 2860 forte

1172 2482 1226 2516 De
1246 2492 1364 2517 caetero
1388 2494 1446 2526 pro
1469 2494 1560 2516 certo
1584 2483 1710 2522 sciati5‚
1737 2483 1826 2526 quo'd
1848 2483 1955 2517 nullus
1968 2495 2064 2528 appa·

1098 2564 1100 2568 ,
1122 2531 1169 2567 r'et
1204 2558 1215 2573 ,
1241 2534 1298 2576 qui
1324 2543 1434 2567 coram
1458 2531 1550 2575 Rege
1569 2532 1610 2565 de
1641 2531 1736 2565 vobis
1749 2533 1796 2565 vel
1812 2543 1913 2567 unum
1928 2536 2061 2568 verbum

1120 2582 1237 2618 audeat
1249 2580 1407 2627 proferre.
1434 2581 1586 2626 Sigillum
1599 2582 1716 2616 suuma
1740 2583 1894 2626 magistro
1918 2584 2064 2617 Walthe·

1097 2637 1101 2642 '
1121 2645 1181 2675 ro,
1207 2633 1282 2676 quia
1295 2643 1452 2675 puerum,
1479 2632 1535 2673 qui
1561 2630 1681 2665 litteras
1710 2633 1877 2673 attulerat,
1906 2644 1972 2671 non
1994 2635 2062 2668 reti-

1123 2684 1215 2722 nuit,
1243 2681 1392 2715 abstulit:
1421 2680 1524 2729 Qod
1538 2680 1646 2723 postea
1660 2690 1767 2716 tamen
1790 2681 2062 2718 Archi-Diacono

1122 2732 1287 2767 reddidit.
1326 2730 1613 2764 Archi-Diaconus
1636 2743 1744 2766 autem
1776 2743 1884 2766 coram
1911 2733 2061 2767 Domino

1123 2781 1378 2825 Rothomagenfi
1398 2780 1432 2814 ὃ(
1456 2780 1602 2824 pluribus
1625 2781 1697 2816 aliis
1717 2782 1829 2815 dicens
1853 2784 1883 2816 se
1895 2783 2061 2818 miffurmn

1121 2833 1292 2867 Nuncium
1315 2831 1355 2865 ad
1378 2841 1435 2865 vos
1460 2829 1470 2871 ‚'
1508 2832 1540 2864 in
1564 2832 1794 2876 Affumptione
1816 2832 1921 2866 Beatae
1945 2833 2059 2867 Mariae

1120 2881 1478 2926 Virginis·appellavit.
1493 2882 1545 2914 De
1566 2882 1727 2917 Mandato
1741 2883 1814 2916 vero
1845 2883 1984 2918 Domini
2002 2884 2057 2917 Pa-

1121 2943 1166 2975 pae
1189 2934 1280 2977 super
1301 2930 1394 2975 Rege
1421 2932 1651 2970 conveniendo
1685 2932 1851 2967 Dominus
1874 2933 2059 2967 Rothoma-

1120 2982 1226 3027 gensis
1236 2981 1531 3025 cumfuffiaganeis
1550 2981 1751 3025 nihilpalam
1775 2983 1853 3016 fecit
1877 2996 1884 3015 ε
1911 2983 1996 3017 forte
2019 2985 2060 3017 se·

1101 3031 1240 3075 teretius
1272 3031 1630 3075 alloquens'Regem.
1683 3032 1745 3065 Sed
1779 3044 1839 3067 nec
1873 3032 1935 3066 hoc
1961 3034 2059 3068 lateat

119 2879 288 2914 Dominus
309 2879 393 2922 Papa
415 2876 569 2911 universae
585 2875 690 2909 carnis
710 2876 795 2909 viam
817 2877 948 2910 intraret
968 2900 979 2918 ,
1005 2886 1060 2912 aut

119 2929 233 2969 vobis,
259 2930 347 2972 quod
360 2928 439 2962 absit
453 2952 463 2967 ‚
492 2925 682 2960 humanitus
694 2937 899 2970 contingeret
912 2951 919 2958 .

171 2977 242 3010 Vos
254 2978 374 3022 igitur,
401 2979 480 3011 dum
491 2987 618 3018 tempus
640 2975 785 3016 habt-tis,
811 2977 979 3011 extendite
996 2987 1060 3010 ma-

115 3036 200 3067 num
224 3027 441 3061 retributionis
462 3051 474 3068 ,
497 3027 530 3060 ὅ(
552 3022 632 3059 illud
654 3027 805 3072 scripturn
822 3028 883 3061 esse
916 3027 1021 3060 sciatis
1052 3052 1057 3057 .

82 3114 84 3117 .
121 3081 207 3122 ,Quia
223 3075 358 3110 retribuit
384 3079 525 3110 Dominus
546 3075 736 3109 abundanter
753 3076 936 3117 facientibus
955 3075 1056 3119 super-

117 3129 217 3161 biam.
246 3126 430 3167 Eositaque
444 3127 500 3168 qui
512 3136 626 3160 contra
645 3126 753 3160 Deum
777 3128 807 3160 se
828 3127 959 3171 erigunt
973 3152 983 3168 ,
1010 3137 1056 3159 ve-

121 3178 188 3210 sirae
208 3177 381 3210 severitatis
402 3175 558 3209 sententia
582 3175 713 3219 puniat.
743 3177 783 3210 Et
807 3188 904 3220 caput
929 3177 1055 3211 colubri

121 3227 302 3260 tortuosum
315 3226 403 3269 virga
425 3224 610 3258 directionis
631 3235 820 3270 amputate,
847 3237 882 3261 ut
904 3226 1058 3261 Sathanas

119 3275 319 3318 subpedibus
331 3275 656 3308 vestrisconculcetur
669 3277 819 3310 velociter
846 3289 852 3309 ι
888 3277 944 3311 nisi
970 3278 1056 3310 enim

122 3330 156 3362 in
169 3337 267 3360 manu
294 3324 368 3357 forti
389 3325 422 3358 &
446 3320 733 3366 brachioexcelso,
761 3326 903 3360 Ecclesia
930 3327 994 3361 Dei
1009 3337 1054 3368 pa-

1101 3076 1254 3117 {vestram
1279 3082 1500 3122 sanctitatem,
1536 3081 1626 3122 quod
1646 3082 1796 3126 magister
1815 3083 1947 3117 Domus
1972 3083 2058 3116 infir-

1101 3118 1248 3179 [morum
1259 3131 1561 3171 cantuariensium,
1589 3133 1623 3164 in
1636 3142 1740 3175 partes
1750 3133 1875 3166 nostras
1886 3133 2016 3165 veniens
2038 3155 2052 3173 ‚

1100 3181 1227 3230 iretulit
1240 3181 1335 3215 nobis
1357 3181 1626 3216 Londoniensem
1648 3181 1761 3217 omnia
1773 3182 1942 3216 reddidisse
1963 3181 2056 3214 Scae·

1099 3232 1207 3280 Jcario
1244 3231 1369 3275 Regis,
1397 3242 1467 3273 quae.
1504 3231 1544 3264 de
1582 3231 1738 3267 reditibus
1775 3232 1952 3264 vestrorum
1980 3229 2054 3265 Cle-

1099 3281 1260 3321 tricorum
1285 3291 1467 3322 acceperat.
1496 3280 1556 3315 Sed
1577 3280 1612 3313 &
1639 3281 1703 3316 hoc
1730 3280 1824 3314 nobis
1857 3280 2022 3314 nuntiavit
2046 3303 2056 3319 ,

1100 3323 1207 3375 {quod
1230 3329 1322 3362 Prior
1345 3329 1586 3363 Cantuariensis
1608 3330 1814 3364 Monachum
1835 3329 2054 3372 quemdamin

122 3387 192 3411 cern
214 3387 281 3408 non
306 3372 456 3408 habebit.
482 3372 554 3406 Nec
576 3374 631 3406 nili
654 3375 765 3420 rugitu
796 3376 899 3410 Patris
919 3377 987 3411 Leo
1002 3375 1058 3409 iste
1101 3366 1269 3421 icustostia
1291 3378 1439 3421 posuerat
1460 3404 1472 3420 ‚
1506 3380 1582 3421 quia
1612 3379 1653 3413 de
1670 3377 1870 3421 processione
1900 3380 2023 3412 exierat
2042 3405 2052 3419 ,

121 3426 240 3473 poterit
261 3423 415 3461 excitari,
434 3424 491 3465 qui
516 3432 604 3455 totus
627 3425 875 3463 ininfidelitatis
886 3428 947 3461 suae
973 3429 1057 3472 perfi-
1100 3429 1268 3467 lclamans
1286 3428 1319 3462 <Sc
1341 3427 1527 3472 exprimens
1548 3453 1558 3469 ,
1597 3428 1650 3470 qui
1673 3427 1790 3468 vobis,
1825 3428 1861 3462 ἁ
1884 3439 1952 3466 non
1970 3428 2059 3474 Regi

219 3473 326 3516 christ.
340 3477 420 3515 Lupi
430 3475 527 3514 Opera
537 3475 614 3506 Tom.
628 3474 669 3506 Χ.
1626 3476 1661 3510 H
1711 3487 1733 3525 3
1932 3480 2016 3512 fave-

1122 1883 1226 1916 calida
1241 1893 1295 1926 per
1305 1893 1342 1916 os
1354 1882 1467 1923 injeeta
1482 1905 1493 1921 ,
1518 1880 1624 1915 donec
1634 1882 1844 1917 confiteretur
1862 1884 1898 1917 se
1920 1885 2070 1919 litterasa
2121 1903 2123 1906 .
