2358 3776
446 149 541 198 156

366 218 599 261 sacerdotibus
628 217 711 254 inter
744 219 901 255 inimicos
924 219 1047 255 utiliter
1083 219 1280 254 commorari
1303 244 1316 261 ,

372 273 472 316 quam
498 269 754 305 sibi-inutiliter
792 270 964 305 coexulare
1001 294 1008 302 .
1042 269 1213 319 Qosdam
1243 269 1320 312 Epi-

370 324 546 364 scoporum
570 318 701 363 justitias
727 321 791 354 Dei
815 321 849 353 δε
876 320 969 354 vobis
997 321 1103 354 favere
1132 332 1197 354 non
1226 318 1320 353 dubi—

367 381 429 411 to,
445 370 489 405 ὅ(
507 370 687 406 {maximam
715 376 837 413 partem
866 369 978 409 Cleri,
1006 370 1059 403 sed
1086 371 1190 404 velex
1214 370 1318 404 neces-

368 420 462 455 sitate
487 419 549 454 velv
566 419 831 464 pusillanimitate
857 417 1057 453 diffimulant
1080 443 1088 451 .
1119 418 1202 467 Qis
1228 420 1318 453 enim

365 471 520 515 opinetur
563 470 675 504 omnia
713 468 809 503 sidera
856 469 1017 504 defectum
1062 469 1182 514 pariter
1232 468 1321 503 susti-

367 531 444 555 nere
458 519 475 551 ,ἲ

416 569 471 604 Ut
481 578 560 612 ergo
571 568 611 602 de
623 579 735 604 caetero
746 581 882 604 manum
902 567 1093 605 contraham
1105 594 1115 610 ‚
1141 569 1314 605 confilium

364 619 453 664 quod
471 620 491 652 a
512 630 565 653 me
585 620 749 662 quaeritis,
788 620 950 665 ingenioli
974 620 1039 654 mei
1066 622 1148 654 vires
1169 619 1318 654 excedit.

362 668 482 714 Neque
504 669 650 711 unquam
673 680 709 702 ut
734 672 768 704 in
803 670 930 714 Regem
966 670 1155 705 Dominum
1181 670 1318 705 vestrum

365 719 586 755 anathematis.
615 743 628 760 ,
668 730 725 753 aut
756 720 790 753 in
825 722 1018 755 innocentes
1060 720 1171 764 Regni
1210 720 1319 754 feratIs

361 770 554 805 sententiam
575 768 760 810 intendisti,
790 769 994 816 praecipitabo
1016 771 1190 805 confilium
1217 794 1224 801 .
1250 770 1318 803 Ad-

361 819 428 854 huc
450 820 554 854 fixum
574 818 622 853 est
645 819 733 863 apud
758 829 810 852 me
835 844 846 860 ,
870 819 1113 864 quodrauribus
1137 821 1246 854 vestris
1268 819 1318 853 in·

362 870 478 905 timavi
501 867 587 913 apud
617 868 767 903 Castrum
788 869 1022 912 Theodorici,
1049 882 1111 905 nec
1137 870 1178 904 ab
1201 870 1257 903 illa
1272 881 1316 903 re-

360 920 444 956 cedo
468 920 628 954 sententia
653 945 659 952 .
699 919 792 967 Qid
823 919 904 955 illud
925 922 963 955 fit
988 945 1000 961 ,
1039 921 1175 964 potestis
1206 919 1311 953 memi-

360 972 465 1011 nisse,
492 970 569 1014 quia
591 968 676 1004 idem
697 969 904 1006 sentiebatis.
932 973 1012 1006 Hoc
1039 981 1149 1005 tamen
1172 969 1315 1013 adjicio,

358 1029 397 1056 ut
424 1022 516 1064 super
536 1020 571 1054 δε
592 1019 684 1061 aliis,
710 1031 780 1065 quae
801 1021 912 1066 postea
936 1018 1133 1056 emerserunt
1157 1045 1168 1061 ,
1202 1021 1314 1054 consu·

358 1071 436 1105 latis
457 1071 647 1104 Dominum
671 1070 907 1106 pictaviensem
930 1097 942 1114 ‚
966 1072 1001 1106 δε
1026 1071 1169 1105 aliorum
1193 1070 1314 1113 sapien-

356 1129 430 1154 tum
447 1120 622 1154 sententias
643 1122 843 1164 exploretis.
870 1122 914 1156 Et
933 1122 1056 1155 Hervei
1084 1146 1096 1162 ,
1121 1122 1143 1154 fi
1169 1130 1245 1157 eum
1270 1120 1316 1153 in-

356 1171 455 1205 terim
479 1169 649 1204 reduxerit
686 1172 857 1207 Dominus
877 1196 888 1213 ,
926 1170 1072 1206 habeatis
1104 1170 1278 1206 confilium
1303 1193 1310 1200 .

356 1221 421 1255 Sed
443 1229 519 1254 ante
549 1221 665 1255 omnia
697 1222 894 1257 incumbatis
926 1220 1076 1266 precibus
1112 1243 1123 1259 ,
1172 1220 1206 1253 &
1242 1219 1315 1253 aliis

355 1269 519 1305 exercitiis
538 1270 663 1304 militiae
684 1270 877 1306 Christiana
899 1296 912 1312 ,
938 1272 973 1305 δε
998 1280 1141 1315 agonem
1173 1270 1312 1306 uestrum

354 1321 462 1354 media
487 1321 670 1353 sanctorum
706 1321 931 1356 interceffione
965 1319 1119 1354 Domino
1140 1329 1313 1353 commen-

351 1370 439 1405 detis
453 1394 460 1402 .
489 1369 533 1403 Et
554 1369 597 1403 fic
620 1369 806 1412 procedatis
829 1370 869 1404 ad
891 1369 950 1410 id,
975 1369 1134 1414 quidquid
1157 1369 1240 1403 illud
1263 1369 1312 1408 fit,

354 1419 445 1463 quod
469 1429 525 1462 pet
546 1429 671 1464 organa
693 1420 771 1461 sua,
797 1421 956 1464 sapientes
988 1420 1023 1453 δε
1059 1417 1170 1453 fideles
1199 1419 1276 1453 dico
1301 1440 1313 1457 .

352 1470 504 1503 docuerit
523 1469 818 1510 spiritus'Sanaus
848 1493 860 1509 ,
893 1469 928 1502 &
957 1467 1047 1509 quod
1081 1470 1176 1503 causa
1209 1467 1311 1502 vestra

353 1517 527 1553 defiderat·
555 1516 666 1551 Credo
686 1518 777 1561 quod
800 1518 836 1552 δε
859 1528 914 1551 vos
939 1518 995 1560 ipsi
1016 1516 1144 1552 habetis
1155 1517 1311 1561 Spiritum

350 1569 439 1603 Dei.
467 1565 557 1612 Qia
578 1567 635 1608 qui
654 1567 763 1600 zelum
784 1566 878 1602 dedit
902 1567 1069 1600 immerito
1094 1590 1105 1606 ,
1128 1567 1210 1601 bene
1241 1577 1311 1600 me-

350 1619 437 1653 renti
461 1615 640 1651 credendus
661 1617 706 1651 est
740 1618 775 1650 in
810 1615 1005 1651 neceffitatis
1034 1616 1174 1650 articulo
1209 1615 1311 1649 confi-

350 1669 434 1703 lium
457 1665 660 1700 ministrare.
689 1666 773 1700 Non
794 1678 875 1711 ergo
898 1667 1042 1706 suadeo,
1069 1675 1116 1700 ut„
1132 1663 1309 1701 secundum

349 1718 441 1763 quod
463 1716 650 1751 communis
672 1715 769 1748 Pater
795 1715 904 1748 noster
932 1716 966 1749 δε
1002 1716 1171 1751 Dominus
1204 1716 1312 1750 dicere

352 1765 585 1805 corisueverat,
613 1763 814 1803 confilium,
851 1763 942 1808 quod
977 1764 1147 1798 Dominus
1177 1765 1310 1808 inspira·

351 1819 436 1853 verit
456 1815 547 1851 cordi
569 1813 673 1850 vestro
686 1837 699 1855 ,
725 1814 777 1847 in
785 1813 927 1858 caligula
953 1813 1140 1857 reponatis,
1174 1814 1207 1847 δε
1229 1814 1310 1847 alio.

352 1879 426 1904 rum
447 1863 589 1902 minus
578 1876 630 1899 ιιι
627 1864 731 1900 causa
758 1863 860 1900 vestra
895 1862 1104 1909 vigilantium
1135 1864 1310 1909 praeferatis

350 1918 552 1964 ορὶηὶοιὶες.ι
600 1924 604 1928 ”
720 1932 723 1939 «

402 1967 481 2003 Post
500 1966 627 2002 festum
650 1962 743 2004 Beati
766 1965 854 2003 Petri
875 1966 1018 2013 dispono
1035 1965 1142 2002 statim
1163 1965 1240 2001 Deo
1255 1975 1308 2000 au-

350 2019 447 2056 thore
467 2014 579 2053 venire
604 2017 646 2053 ad
666 2029 744 2059 vos,
769 2019 804 2052 &
825 2027 906 2053 tunc
929 2029 973 2054 ex
993 2026 1107 2052 mutua
1129 2016 1310 2050 collatione

354 2071 461 2106 multa
486 2066 527 2105 ad
549 2068 694 2103 invicem
720 2070 842 2103 clarere
863 2077 1047 2112 poterunt,
1084 2078 1156 2111 quae
1192 2065 1310 2110 pagina

350 2132 423 2157 non
458 2118 577 2154 mfficit
608 2117 779 2163 expedire
817 2118 913 2166 Quid
946 2117 1079 2163 egeritis
1111 2116 1271 2150 Vizeliaci
1298 2141 1309 2158 ,

352 2168 472 2206 Archi·
460 2169 645 2214 -Episcopo
660 2170 694 2203 dc
718 2168 864 2203 Ecclefiae
888 2164 1038 2203 Remenfi
1062 2167 1080 2201 ὲ
1106 2167 1219 2201 multis
1241 2166 1310 2201 die-

351 2222 414 2257 bus
432 2220 600 2255 innotuit:
631 2219 705 2253 Nec
726 2230 831 2263 operae
853 2219 992 2263 pretium
1027 2228 1106 2262 puto
1132 2217 1307 2261 divulgata

352 2273 491 2307 referre.
519 2270 554 2305 Si
576 2269 786 2313 Templarius
806 2269 946 2304 offensus
957 2268 1002 2302 est
1017 2292 1027 2307 ,
1050 2267 1308 2301 diffimulatione

351 2322 519 2357 utendum:
535 2318 691 2355 arbitror:
718 2320 808 2368 Qia
830 2318 1075 2362 qua—*facilitate
1098 2318 1271 2360 concipere
1297 2342 1308 2358 ,

356 2371 472 2406 eadem
496 2370 648 2405 aborsum
672 2371 777 2404 facere
798 2369 983 2403 consuevit.
1013 2367 1057 2402 Et
1079 2378 1156 2401 cum
1179 2365 1308 2401 einihil

353 2421 499 2457 debeatis
520 2419 659 2460 adhuc,
685 2431 754 2454 non
784 2418 957 2459 consulo,
991 2426 1029 2452 ut
1052 2428 1111 2452 vos
1142 2417 1309 2451 obnoxios

352 2471 404 2507 illi
429 2470 601 2505 reddatis
591 2482 625 2504 m
649 2470 768 2505 talibus
797 2495 805 2503 .
843 2469 898 2504 Ad
922 2466 989 2503 haec
1011 2467 1035 2500 fi
1066 2468 1098 2502 ei
1118 2467 1215 2502 fuerit
1238 2469 1311 2510 sup-

351 2522 537 2566 plicatum,
561 2520 789 2565 magnificabit
809 2519 981 2562 injuriam.
1013 2517 1308 2558 Sidiffimulatum‚

354 2572 477 2607 etiamsi
500 2582 564 2615 qua
584 2570 717 2615 praeceff
721 2582 733 2604 t
755 2569 875 2612 injuria
891 2576 924 2608 ς’
923 2567 1194 2602 dissimulatione
1213 2577 1309 2610 pote-

356 2622 399 2655 rit
419 2621 565 2655 aboleri.
604 2620 689 2654 Via
701 2631 811 2656 autem
843 2617 1120 2654 reconciliationis
1150 2618 1308 2652 facillima

357 2671 442 2710 erit,
469 2678 506 2702 ut
529 2670 562 2701 in
584 2670 697 2712 aliquo
722 2669 916 2704 munusculo
935 2669 1100 2712 capiatur.
1142 2667 1251 2702 Video
1264 2678 1310 2703 ta-

353 2730 436 2755 men
459 2717 666 2760 Templarios
690 2719 722 2751 in
747 2721 845 2754 Curia
860 2721 927 2762 ejus
950 2718 1094 2763 benigne
1113 2718 1212 2762 recipi
1237 2743 1249 2759 ,
1274 2719 1308 2752 &

357 2779 473 2805 eorum
495 2767 627 2810 negotia
648 2770 823 2801 commode
845 2769 1015 2810 expediri·.
1042 2769 1114 2812 Ipse
1137 2778 1246 2803 autem
1268 2767 1309 2803 ad

361 2819 519 2854 claram·
532 2816 663 2851 Vallem
688 2817 847 2860 profestus
868 2817 913 2851 est
927 2842 938 2858 ‚
964 2817 1107 2858 accitus,
1138 2826 1175 2853 ut
1194 2819 1308 2862 ajunt,

358 2870 377 2905 ὲ
400 2868 522 2911 majore
554 2876 642 2910 parte
679 2868 871 2901 Conventus
905 2867 940 2901 in
972 2869 1100 2903 ruinam
1132 2868 1274 2903 Abbatis
1295 2893 1303 2900 .

360 2916 591 2955 Fromundus,
617 2916 673 2960 qui
694 2915 759 2952 hoc
784 2916 842 2950 iter
862 2917 931 2961 ejus
964 2930 1187 2961 procuraverat
1211 2944 1222 2960 ,
1249 2920 1310 2962 pri-

362 2966 417 3003 die
441 2967 512 3001 idus
536 2966 612 3011 Julii
635 2965 722 3001 obiit
742 2990 754 3008 ,
779 2966 814 3001 ὅ(
838 2966 871 3000 in
893 2967 1096 3005 Monasterio
1124 2969 1224 3005 saufti
1244 2969 1309 3004 Re·

361 3017 459 3067 migii
483 3016 625 3064 sepultus
641 3015 706 3051 est.
811 3038 813 3040 .

1080 135 1640 187 EPISTOLAE

1583 238 1978 303 EPISTOLA
2039 273 2126 309 CL-l.

1522 373 1648 416 Joanni
1676 366 1859 410 Pidavrenfi
1880 366 2025 412 Episcopo
2042 373 2190 416 Joaennes

1729 418 1956 461 Saresberienfii
1973 443 1981 450 .

1496 518 1696 556 lRATUR
1723 521 1855 555 fortasse
1880 519 1983 554 vestra
2009 520 2163 556 discretio
2190 545 2202 564 ,
2235 523 2327 569 quod

1520 571 1687 606 Dominus
1721 570 1963 606 Cantuarienfis
1995 571 2201 615 colloquium
2229 571 2330 619 Regis

1382 620 1532 665 A-ngliae,
1570 623 1658 666 quod
1682 622 1782 655 vestra
1803 631 2034 665 procuraverat
2060 622 2216 657 industria
2237 644 2248 661 ,
2271 626 2329 658 res·

1382 670 1474 713 puit,
1500 671 1576 706 cum
1593 672 1687 707 antea
1703 672 1814 715 saepius
1823 671 1866 706 ad
1885 672 2091 716 colloquium
2113 672 2183 716 ejus
2201 674 2330 708 accesse-

1381 720 1423 754 rit
1436 731 1502 754 non
1519 731 1652 766 rogatus
1661 745 1672 761 ‚
1681 723 1716 756 &
1730 721 1820 765 quod
1832 723 1973 766 amplius
1981 723 2026 756 est
2039 747 2051 762 ,
2064 724 2187 766 spretus
2197 723 2234 758 in
2245 734 2331 757 con·-

1381 770 1557 806 tumeliam·
1571 770 1693 806 Christi
1708 797 1718 811 ‚
1743 772 1778 806 ὅ(
1797 773 1892 806 variis
1908 772 2040 806 affectus
2061 772 2189 816 injuriis
2213 798 2220 805 .
2250 771 2329 807 Erat

1379 820 1467 854 enim
1482 822 1619 864 cupidus
1631 823 1715 866 pacis
1727 823 1787 856 suae
1799 846 1809 862 ,
1839 822 1892 856 sed
1916 822 2144 856 Ecclefiasticae
2168 823 2333 857 liberatio-

1380 871 1431 904 nis
1443 870 1541 915 longe
1554 872 1704 916 cupidior
1716 886 1723 904 z
1735 872 1794 906 Sed
1806 872 1841 905 δε
1856 872 1988 907 salutern
2004 873 2109 918 Regis
2122 875 2155 907 ὅ(
2166 873 2307 919 gloriam
2318 897 2332 914 ,

1378 920 1603 956 &liberorum
1615 922 1681 965 ejus
1704 922 1954 956 indemnitatem
1978 922 2122 957 maxime
2140 923 2294 967 cupiebat
2321 947 2329 955 .

1378 969 1435 1005 Ob
1445 969 1502 1006 has
1511 983 1593 1017 ergo
1604 972 1714 1006 causas
1727 974 1757 1005 se
1767 973 1801 1005 ὃ(
1812 972 1885 1006 suos
1897 973 2059 1007 conviciis
2070 997 2081 1014 ‚
2094 972 2308 1008 contumeliis
2320 996 2336 1014 ,

1379 1020 1414 1053 &
1433 1021 1531 1055 variis
1555 1022 1726 1065 periculis,
1754 1033 1791 1054 ut
1813 1032 1935 1067 taceam
1955 1022 2082 1057 labores
2094 1024 2289 1067 &sumptus
2317 1046 2329 1063 ‚

1378 1071 1529 1114 exposuit
1541 1092 1555 1110 ,-
1575 1072 1655 1105 dum
1669 1081 1723 1113 per
1737 1072 1822 1103 viam
1837 1071 2031 1105 humilitatis
2042 1084 2155 1116 pacem
2178 1073 2331 1108 reforma·

1378 1120 1403 1153 ri
1418 1121 1504 1163 poffe
1513 1121 1599 1155 ratio
1613 1119 1766 1154 suadebat
1782 1144 1788 1151 .
1814 1120 1875 1153 Sed
1889 1120 2058 1163 postquam
2080 1122 2196 1157 multis
2211 1123 2248 1164 §t
2260 1127 2331 1156 ma·

1379 1170 1502 1204 nifestis
1524 1173 1662 1215 agnovit
1686 1169 1839 1210 indiciis,
1881 1170 1969 1213 quod
1998 1170 2053 1204 ille
2076 1170 2328 1216 Domini'Pap'ae

1379 1220 1533 1262 patientia
1546 1220 1780 1264 sempermagis
1793 1219 2121 1263 acmagisabutitur,
2157 1221 2192 1256 ἀ
2223 1216 2332 1256 humf-

1377 1269 1467 1303 litate
1479 1271 1591 1304 crescit
1604 1269 1827 1304 inhumanitas
1838 1293 1848 1308 ,
1876 1270 1910 1304 ἀ
1922 1269 1963 1304 de
1973 1269 2124 1305 exhibita
2146 1271 2330 1306 mansuetu*

1375 1318 1454 1353 dine
1478 1320 1619 1354 nascitur
1642 1331 1678 1353 ac
1701 1319 1856 1353 dilatatur
1878 1319 2078 1361 insolentia,
2103 1320 2167 1355 alia
2193 1321 2268 1362 via,
2293 1320 2329 1356 ὰ

1376 1369 1501 1404 utinam
1513 1369 1676 1409 feliciori,
1702 1369 2131 1404 fibicensuitincedendum
2159 1396 2166 1403 .
2193 1370 2328 1406 praser-

1375 1419 1437 1452 tim
1458 1431 1535 1454 cum
1559 1430 1704 1463 patenter
1727 1421 1948 1463 agnosceret,
1985 1420 2073 1462 quod
2097 1420 2267 1455 vobiscum
2290 1419 2326 1456 ἆ

1374 1479 1450 1503 cum
1462 1471 1530 1513 ipso
1543 1470 1670 1514 prorsus
1682 1470 1859 1514 agebatur
1850 1482 1884 1503 in
1906 1467 2002 1503 dolo.
2032 1471 2087 1504 Sic
2108 1470 2222 1511 Fistula
2241 1471 2328 1505 duero

1374 1524 1484 1559 canit,
1521 1520 1667 1553 volucrem
1689 1522 1761 1553 dum
1783 1521 1890 1562 decipit
1913 1528 2040 1561 auceps.
2068 1518 2232 1554 Nondum
2255 1520 2325 1564 spes

1375 1569 1463 1609 pacis
1474 1570 1675 1612 promittitur
1702 1593 1714 1609 ‚
1740 1570 1895 1613 pernicies
1915 1569 2062 1604 Ecclefiae
2082 1569 2260 1606 transmiffa
2283 1568 2328 1605 ad

1374 1616 1487 1651 Sedem
1513 1619 1741 1662 Apostolicam
1759 1619 1925 1663 legatione
1950 1631 2140 1661 procuratur
2165 1645 2175 1655 .
2208 1618 2329 1655 Archi-

1376 1667 1554 1712 Episcopus
1567 1669 1725 1702 invitatur
1735 1667 1776 1703 ad
1797 1667 2002 1711 colloquium
2016 1693 2026 1709 ,
2060 1678 2097 1702 ut
2120 1678 2190 1704 non
2210 1679 2328 1705 caveae

1373 1717 1558 1752 tendiculas
1578 1729 1714 1758 eorum,
1740 1718 1799 1761 qui
1817 1727 1962 1761 quaerunt
1984 1719 2132 1753 animam
2155 1718 2248 1764 ejus,
2286 1729 2326 1754 ut

1371 1768 1619 1801 auferanteam.
1648 1766 1738 1800 Nam
1764 1778 1835 1809 quae
1861 1778 1930 1800 non
1958 1767 2191 1812 ptaevidentur,
2219 1768 2325 1815 ineufi

1372 1816 1494 1849 feriunt
1517 1816 1637 1856 citius,
1664 1816 1697 1849 &
1721 1816 1826 1860 magis
1846 1815 1993 1850 laedunt
2036 1817 2111 1852 Ubi
2133 1840 2144 1859 ,
2182 1819 2323 1863 quaeso.
2320 1827 2324 1833 '

1373 1866 1534 1909 scripturae
1547 1865 1685 1906 veritas,
1710 1865 1732 1898 fi
1746 1865 1801 1899 ille
1811 1866 1867 1909 qui
1881 1865 2035 1900 omnibus
2045 1866 2175 1902 foveam
2193 1878 2295 1912 parat·
2308 1871 2331 1916 ‚⁰⁸

1371 1915 1571 1960 quandoque
1584 1927 1652 1950 non
1665 1916 1926 1959 praecipitaturin
1942 1917 2039 1959 ipsam
2064 1917 2077 1949 ἓ
2102 1917 2190 1968 Qis
2216 1916 2331 1953 fidelis

1371 1966 1406 2000 &
1419 1975 1514 2001 verax
1526 1966 1595 2005 est,
1621 1966 1643 1998 fi
1656 1966 1758 1999 fallax
1770 1966 1813 1999 est
1837 1967 1872 2000 δε
1892 1967 1969 2000 falsa
1995 1967 2133 2008 veritas,
2158 1978 2231 2012 quae
2250 1972 2325 2003 me-

1371 2015 1530 2051 tientibus
1540 2025 1676 2059 operum
1695 2015 1808 2050 merita
1825 2017 2031 2060 praemiorum
2054 2018 2176 2052 studius
2196 2018 2238 2053 ad
2247 2028 2324 2053 eau-

1371 2065 1470 2107 detn,
1494 2066 1549 2100 sed
1560 2066 1782 2112 coagitatam,
1808 2067 1958 2102 refertam
1981 2068 2014 2102 ὅ(
2038 2067 2322 2117 supereffluentem

1373 2117 1554 2152 mensuram
1567 2116 1760 2161 pollicetur?
1787 2116 1913 2152 Nonne
1926 2118 2054 2162 pondus
2075 2118 2110 2152 ὅ(
2135 2117 2266 2162 pondus
2285 2119 2321 2152 itt

1373 2179 1470 2202 manu
1491 2165 1636 2202 hominis
1655 2168 1700 2202 est
1720 2167 1926 2202 abominatio
1950 2167 2035 2212 apud
2058 2167 2196 2203 Deum?
2223 2168 2323 2203 Nun-¹

1370 2218 1449 2260 quid
1462 2230 1541 2264 ergo
1553 2218 1723 2262 pondus&
1738 2216 1866 2262 pondus
1878 2229 1974 2252 erunt
1986 2219 2021 2252 in
2043 2229 2144 2253 manu
2168 2218 2257 2259 Dei,
2283 2226 2323 2253 ut

1372 2269 1455 2302 inter
1466 2268 1788 2312 pauperes&divites
1801 2267 1914 2309 inique
1925 2268 2078 2302 decernat
2103 2267 2121 2299 ἒ
2146 2267 2242 2303 Abiit
2254 2265 2321 2303 hoe

1369 2317 1479 2358 abeo,
1506 2318 1871 2361 quiorbemjudicatin
1881 2318 2054 2360 aequitate,
2079 2318 2138 2363 qui
2150 2318 2234 2363 ipfis
2249 2316 2321 2364 Ans·

1369 2367 1450 2412 gelis
1473 2380 1541 2401 non
1567 2368 1732 2411 pepercit,
1758 2370 1813 2410 qui
1836 2378 1984 2410 potentes
2007 2379 2160 2411 potenter
2185 2366 2282 2412 punit
2302 2366 2320 2409 ’ξ

1369 2419 1426 2461 qui
1448 2418 1551 2453 aufert
1573 2418 1722 2460 spiritum
1747 2416 1937 2459 Principum
1957 2440 1969 2456 ,
1996 2418 2053 2459 qui
2076 2425 2320 2460 contemptores

1371 2469 1445 2502 suos
1454 2466 1558 2502 reddit
1572 2465 1735 2512 ignobiles
1748 2491 1755 2498 .
1784 2465 1985 2509 lpsejudicet
1998 2467 2126 2499 causam
2145 2466 2235 2500 suam
2247 2491 2257 2508 ,
2285 2468 2320 2502 δε

1373 2516 1740 2560 Ecclefiaeoppreffores
1773 2526 1833 2549 aut
1858 2524 2032 2549 convertat
2052 2525 2110 2549 aut
2132 2519 2282 2550 conterat
2310 2541 2320 2561 .-

1371 2567 1527 2611 Pauperes
1548 2568 1623 2602 suos
1643 2565 1685 2599 ad
1708 2565 1848 2610 gloriam
1871 2565 2017 2598 nominis
2039 2564 2110 2605 sui,
2135 2570 2246 2609 pro-itt
2267 2564 2318 2610 eis

1371 2619 1465 2653 novit
1474 2617 1626 2662 expedire
1635 2641 1645 2656 ,
1669 2614 1784 2649 liberet
1795 2616 1830 2649 &
1840 2615 1955 2659 eripiat
1966 2614 1984 2648 a
1998 2614 2082 2649 facie
2093 2613 2196 2659 gladii
2211 2613 2319 2650 immi-

1372 2670 1480 2703 nentis
1489 2694 1500 2710 ,
1511 2679 1551 2702 ne
1561 2665 1695 2711 quando
1709 2663 1823 2699 dicant
1834 2665 1956 2699 Gentes
1968 2688 1978 2704 ,
1990 2664 2042 2697 ubl
2054 2663 2093 2703 es}
2105 2667 2185 2698 Deus
2192 2666 2318 2700 eorum?

1373 2719 1505 2752 Patiens
1526 2718 1660 2760 quidem
1682 2715 1966 2750 Cantuarienfium
1990 2714 2083 2748 Deus
2105 2739 2117 2755 ,
2150 2715 2204 2749 sed
2226 2714 2318 2750 iden!

1372 2768 1482 2813 procul
1503 2768 1607 2802 dubio
1630 2765 1831 2800 fideliffimus
1855 2764 2047 2799 Retributor
2069 2789 2077 2796 .
2117 2763 2160 2799 Et
2181 2764 2317 2810 quiden!

1372 2821 1439 2863 spes
1447 2817 1492 2853 est
1504 2842 1515 2859 ,
1540 2817 1630 2862 quod
1646 2826 1714 2850 non
1728 2815 1786 2849 diu
1798 2815 1926 2849 differet
1939 2814 2101 2848 ultionem
2113 2838 2124 2854 ‚
2150 2815 2204 2848 sed
2226 2822 2316 2849 como

1371 2868 1551 2903 minabitur
1562 2869 1596 2902 in
1609 2864 1715 2899 brevi.
1744 2866 1786 2898 Et
1796 2865 1853 2899 nifi
1868 2875 1921 2907 per
1933 2864 2214 2907 poenitentiam‘i&
2228 2866 2316 2900 satis*

1370 2919 1550 2953 factionem
1573 2917 1756 2961 persecutor
1774 2914 1924 2948 Ecclesiae
1942 2913 2154 2949 declinaverit
2177 2914 2278 2949 istum
2298 2919 2315 2956 ⁴,

1370 2963 1756 3012 ferieturirreparabiliter
1766 2989 1777 3006 ‚
1802 2965 1836 2999 &
1847 2965 1906 2998 erit
1918 2964 2032 2999 saeculo
2056 2965 2090 2998 in
2103 2964 2310 3010 exemplum.

1542 3112 1949 3152 EPISTOLA
2021 3114 2124 3150 an.

1465 3221 1609 3264 Joamues
1635 3214 1861 3255 saresberienfis
1885 3216 2010 3248 Nicolaeo
2033 3215 2072 3247 de
2098 3215 2215 3248 Monte-

1717 3263 1958 3310 Rotbomagenfi

1376 3365 1623 3455 ΝΟΤΑΜ
1650 3366 1895 3411 ingratitudinis
1917 3364 1985 3408 jure
2003 3362 2189 3403 contrahit,
2214 3373 2312 3409 quem

1500 3416 1541 3451 ad
1555 3417 1805 3460 promerendum
1827 3426 1972 3451 amorem
1994 3415 2029 3449 &
2049 3413 2239 3455 obsequium
2262 3411 2313 3447 be·

1373 3467 1566 3503 neficiorum
1577 3467 1735 3503 memoria
1746 3477 1814 3502 non
1826 3465 1995 3501 accendit.
2023 3464 2066 3498 Et
2089 3462 2219 3508 quidem
2243 3473 2313 3498 tan-

2227 3513 2263 3548 to
