2358 3776
294 212 341 252 'rit
352 209 467 248 vobis,
500 199 641 249 {nostro
647 194 829 246 defiftemus
847 196 1008 244 obsequio
1021 223 1035 241 ‚
1059 199 1142 244 quin
1153 209 1241 236 acce·

294 250 358 309 >pto
367 256 519 301 tempore
531 252 654 299 honori
669 252 782 297 ‘vestro
799 252 833 291 βε
856 250 1037 290 vestrorum
1057 248 1240 288 studeamus

297 306 447 352 devotius
459 304 609 344 inservire
622 329 629 337 .
640 302 715 337 Hac
725 301 835 346 itaque
847 300 1018 340 voluntate
1031 299 1067 337 ,δε
1076 301 1241 335 conscien-

291 357 349 398 tiae
368 351 536 398 securitate
551 354 665 391 confisi
684 361 837 397 rogamus
856 350 1010 384 attentius
1041 372 1054 395 ,
1081 361 1238 393 quatenus

288 406 565 448 Cantuariensem
586 403 763 441 Ecclesiam
782 401 817 439 se
839 399 934 437 vobis
949 400 1142 437 offerentem
1169 411 1236 434 non

290 458 475 505 abjiciatis,
493 466 564 491 non
580 452 728 494 deseratis
751 450 879 485 causam
901 448 995 490 Dei,
1018 460 1088 493 quae
1109 450 1240 485 indubi-

290 519 400 548 tanter
410 507 458 545 est
471 508 506 541 in
516 503 667 542 manibus
677 500 787 536 vestris
796 525 808 542 ,
821 511 863 538 ne
874 499 908 534 ὃς
918 510 978 534 vos
994 498 1119 534 deserat
1131 502 1237 540 Deus,

290 559 444 606 quidde
467 554 581 594 vobis,
606 553 720 595 inquo
741 551 867 595 judicio
887 549 1132 593 judicaveritis,
1155 550 1238 594 judi.

286 611 394 648 cabit.
424 605 616 650 Experiatur
626 614 715 640 nuuc
726 599 967 638 Cantuariensis
990 598 1135 634 Ecclesia
1151 609 1235 644 vete·

286 661 333 701 ris
353 657 465 694 Amici
486 655 610 697 fidem,
636 652 715 703 quia
732 652 788 698 qui
809 649 970 688 Amicum
991 649 1027 687 in
1051 650 1236 687 necessitate

286 710 423 752 deserit,
447 718 518 742 non
531 704 619 742 illius
629 700 768 739 Amicus
780 699 825 736 est
838 724 851 744 ,
871 699 924 735 sed
938 701 1079 737 fortunae
1091 724 1099 732 .
1129 699 1235 735 Unde

285 758 380 797 vobis
389 768 553 802 tamquam
569 754 690 790 Amico
700 752 734 788 &
745 752 899 787 Domino
916 750 1007 787 fideli
1019 751 1232 790 intimamus,

284 810 364 852 ‚quia
374 819 444 845 non
455 816 584 848 tantum
594 804 685 839 vobis
705 800 848 847 proderit
872 799 960 837 illius
980 800 1132 844 juratoris
1150 802 1185 836 δε
1197 801 1234 835 si-

284 859 417 897 milium
435 857 596 893 amicitias
606 853 733 894 colere,
757 859 920 897 quantum
941 850 1072 891 oberit,
1097 851 1120 886 fi
1144 850 1233 886 Can-

285 908 452 950 tuariensis
463 905 610 947 Ecclefiae
619 903 797 949 projiciatis
820 900 1032 945 obsequium.
1058 899 1148 935 Nam
1164 902 1231 934 ser-

284 956 352 995 vile
364 952 536 1006 ingenium
555 955 620 997 est,
646 952 736 1003 quod
757 951 931 994 dumtaxat
946 950 1113 998 suppliciis
1121 960 1230 989 emen.

280 1009 393 1047 datur.

429 1101 840 1145 EvlsToLA
932 1101 1077 1138 LXXII.

219 1230 223 1234 -
278 1208 432 1257 Thomas
457 1205 702 1294 Cantuariengs
726 1201 1028 1261 Archi-Episcopus
1044 1200 1226 1237 Canonicis

684 1263 862 1291 antanerae.

277 1359 429 1400 Salutem,
455 1358 532 1395 &ln
542 1354 725 1397 fhmtudme
731 1356 896 1395 patientiae
913 1351 1141 1397 consolationem
1164 1353 1227 1384 Do·

515 1409 591 1440 mini
597 1403 778 1447 fiducialiter
788 1401 964 1447 exspedare
978 1427 988 1437 .

382 1554 454 1592 ΟΝ
464 1552 611 1591 turbetur
620 1563 679 1588 cor
688 1550 828 1587 vestrum
837 1574 852 1593 ,
877 1549 1072 1586 dileaiffimi
1085 1572 1097 1591 ,
1122 1559 1229 1594 neque

409 1605 587 1646 formidet,
612 1604 690 1647 quia
710 1602 789 1638 Deo
808 1602 954 1647 propitio
975 1600 1060 1635 salus
1076 1599 1246 1653 Ecclesiae(¹

275 1661 311 1697 ὃς
320 1671 382 1705 pax
394 1658 498 1693 vestra
510 1657 545 1690 in
555 1654 660 1699 januis
670 1653 715 1688 est
723 1675 735 1692 ,
762 1650 976 1694 Prioremque
989 1649 1129 1686 vestrum
1139 1673 1152 1690 ,
1166 1649 1223 1694 qui

274 1722 334 1755 per
344 1719 406 1744 nos
416 1704 593 1742 incolumis
603 1704 638 1738 δι
649 1703 737 1736 laetus
749 1702 917 1736 transitum
929 1700 1008 1736 fecit
1022 1724 1035 1741 ,
1057 1700 1127 1734 voti
1138 1711 1229 1735 com·

275 1769 390 1804 potem
400 1754 561 1799 recipietis
582 1752 618 1786 in
639 1750 750 1785 brevi.
777 1749 914 1784 Interim
939 1760 1009 1783 non
1024 1749 1156 1783 deficiat
1178 1759 1229 1783 ve-

272 1808 338 1846 stra
349 1806 431 1843 sides
439 1827 451 1845 ,
475 1805 554 1847 quia
562 1801 653 1848 quod
663 1799 871 1845 prudentiam
881 1798 1019 1833 vestram
1039 1808 1148 1833 tenere
1160 1808 1225 1832 rne-

272 1852 412 1896 moriter
429 1852 558 1889 constat
568 1876 581 1893 ,
604 1852 659 1886 1⁷ae
679 1858 872 1897 perpetuum
895 1846 946 1882 his
956 1872 968 1889 ,
994 1847 1052 1892 qui
1076 1846 1229 1882 sustinen-

274 1908 356 1946 tiam
369 1901 599 1951 perdiderunt,
623 1899 655 1934 δε
678 1899 713 1933 in
737 1899 802 1945 fide
814 1897 1090 1943 perseverantibus
1101 1908 1226 1932 corona

270 1957 389 2006 gloriae
398 1953 537 1998 reposita
547 1950 593 1986 est
606 1949 641 1984 in
653 1950 723 1983 sinu
732 1948 839 1984 Patris
850 1947 1154 1988 misericordiarum,
1170 1946 1228 1990 qui

272 2003 427 2051 superbos
446 2000 599 2039 humiliat
610 2025 621 2042 ‚
646 1999 682 2035 ὃ(
704 1997 826 2033 exaltat
841 1996 999 2032 humiles.
1027 1995 1103 2030 Nec
1120 1995 1168 2031 est
1189 1996 1231 2030 de

272 2057 344 2101 ejus
363 2053 490 2090 auxilio
511 2047 727 2087 diffidendum
739 2073 751 2091 ,
778 2049 801 2083 si
826 2047 1028 2092 patientibus
1039 2045 1232 2090 plerumque

212 2108 218 2113 ’
271 2117 334 2153 pro
344 2115 424 2139 voto
435 2114 505 2138 non
515 2099 687 2136 exhibetur
699 2111 707 2131 :
733 2098 809 2142 quia
821 2099 903 2132 sicut
913 2095 1096 2142 Apostolus
1106 2095 1204 2131 docet
1217 2118 1230 2136 ,

273 2153 435 2202 patientia
446 2164 502 2197 per
512 2149 732 2187 tribulationis
741 2147 908 2194 angustias
920 2146 1076 2192 probatur
1088 2168 1100 2184 ‚
1121 2146 1156 2180 ὅ(
1169 2144 1231 2180 cla·

274 2206 342 2242 rins
353 2202 503 2241 enitescit
513 2226 524 2244 ,
551 2202 716 2243 virtusque
728 2198 902 2245 proficiens
915 2196 1109 2252 nobilitatur
1130 2195 1165 2228 <Sc
1177 2206 1231 2251 ge-

273 2257 390 2293 nerosa
401 2253 514 2289 sobole
530 2252 723 2288 meritorum
737 2273 749 2289 ,
773 2247 891 2292 quibus
913 2245 1101 2299 augustiore
1123 2244 1229 2300 gloria

273 2313 449 2343 coronatur
460 2305 495 2342 in
508 2302 638 2345 praemio
648 2325 656 2332 .
678 2297 743 2342 ,Est
754 2306 865 2331 autem
877 2291 1107 2350 proculdubio
1129 2290 1228 2325 Chri-

273 2355 400 2392 stianus
409 2349 538 2387 infideli
547 2348 688 2385 deterior
704 2370 716 2386 ,
743 2346 801 2389 qui
815 2344 858 2378 sic
868 2343 979 2377 Deum
990 2341 1123 2386 justitiae
1133 2342 1196 2376 sua:
1215 2365 1228 2382 ,

272 2405 311 2442 &
321 2399 550 2440 misericordiae
559 2423 572 2440 ,
597 2399 631 2433 δε
642 2395 784 2432 veritatis
795 2402 888 2438 putat
909 2393 1138 2427 immemorem
1150 2416 1164 2434 ‚
1189 2401 1228 2426 ut

274 2451 429 2490 Ecclefiae
439 2450 474 2484 &
485 2458 664 2492 pauperum
674 2443 798 2479 Christi
809 2453 950 2479 tortores
961 2441 1137 2486 suspicetur
1154 2451 1228 2476 eva-

278 2505 355 2541 dere
377 2500 466 2547 posse
483 2494 646 2542 judicium
659 2495 750 2535 Dei,
775 2493 810 2528 &
835 2491 1019 2537 lachrymas
1029 2502 1144 2541 contra
1157 2503 1227 2535 pro·

275 2553 408 2591 missum
417 2548 561 2585 veritatis
572 2542 806 2590 perpetuandas
825 2543 862 2577 in
881 2543 991 2595 oculis
1008 2543 1191 2577 sanctorum
1218 2566 1225 2574 .

276 2603 460 2647 Accipiunt
479 2597 613 2643 quidem
635 2594 728 2639 impii
752 2590 918 2628 interdum
939 2590 959 2627 a
971 2593 1125 2628 Domino
1139 2601 1228 2636 pote-

277 2655 394 2689 statem
404 2655 670 2684 momentaneam
681 2645 716 2678 in
728 2642 815 2680 filios
825 2641 936 2691 gratiae
945 2666 958 2684 ,
986 2650 1023 2676 ut
1043 2653 1156 2692 eorum
1173 2642 1232 2675 mi-

279 2700 415 2739 nisterio
437 2706 638 2742 purgentur,
663 2704 720 2728 aut
740 2693 919 2737 probentur
931 2717 945 2734 ,
970 2701 1027 2727 aut
1047 2691 1230 2728 custodian-

278 2762 333 2787 tur
346 2777 353 2783 .
381 2747 444 2784 Sed
466 2746 586 2781 Beatus
607 2743 690 2788 Job,
715 2742 882 2791 exemplar
903 2741 1067 2786 patientiae
1086 2742 1121 2777 δι
1131 2740 1229 2777 virtu·

281 2803 347 2843 tis,
372 2796 560 2842 exemplum
571 2792 768 2829 fidelibus&
790 2803 1023 2837 argumentum
1043 2793 1190 2827 datusest
1220 2816 1231 2832 ,

281 2851 374 2897 quod
384 2849 442 2884 diu
456 2858 524 2882 non
535 2844 696 2887 relinquet
709 2842 878 2877 Dominus
889 2844 1014 2888 virgam
1025 2852 1229 2887 peccatorum

281 2905 376 2945 super
387 2900 505 2933 sortem
514 2894 672 2938 justorum
682 2916 690 2924 .
709 2892 743 2927 Si
753 2902 834 2937 ergo
846 2891 1090 2927 Sathanitarum
1101 2892 1230 2937 spiritus

282 2959 416 2995 accepta
427 2945 585 2991 potestate
597 2942 759 2980 intumuit
770 2952 884 2976 contra
897 2954 954 2976 vos
963 2966 974 2982 ‚
1000 2943 1023 2976 fi
1045 2944 1063 2977 a
1077 2943 1152 2978 loco
1162 2967 1172 2984 ,
1195 2943 1228 2976 in

283 3013 353 3048 quo
371 3007 502 3033 morum
516 2992 758 3029 conversionem
776 2991 812 3025 &
832 2991 1041 3027 stabilitatem
1064 2994 1140 3028 Deo
1161 3003 1229 3037 pro-

286 3049 414 3088 misistis
425 3072 436 3088 ,
462 3042 645 3091 perturbare
666 3051 805 3077 conatur
825 3066 835 3083 ,
862 3042 1045 3077 constantia
1070 3043 1172 3078 vestra
1195 3044 1229 3077 in

285 3093 440 3138 Domino
450 3105 651 3140 nequaquam
664 3092 721 3127 fibi
731 3089 887 3126 creditam
899 3090 1021 3125 deserat
1033 3093 1206 3127 stationem
1219 3117 1229 3133 ,

287 3152 343 3187 sed
352 3148 508 3192 exspestet
516 3145 652 3180 salutem
666 3142 808 3178 Domini
821 3165 833 3182 ,
842 3140 877 3175 δε
889 3141 1039 3184 clypeum
1052 3142 1228 3184 patientiae,

287 3203 367 3236 sicut
377 3199 470 3233 decet
481 3195 607 3232 sanctos
623 3218 634 3235 ,
658 3192 833 3227 terroribus
852 3191 887 3225 ὅ(
907 3191 1008 3225 minis
1028 3192 1230 3226 confidenter

289 3257 437 3295 opponat
446 3271 455 3281 .
492 3243 709 3280 Prohibemus
728 3252 837 3276 autern
858 3239 1056 3276 authoritate
1088 3241 1229 3276 Domini

288 3298 383 3343 Papa:
392 3300 426 3334 &
436 3297 544 3331 nostra
556 3295 591 3329 in
603 3295 722 3328 virtute
733 3291 926 3326 obedientiae
937 3317 948 3333 ,
972 3301 1009 3326 ut
1020 3290 1109 3324 nulla
1135 3291 1230 3325 ratio-

292 3361 336 3384 ne
348 3348 503 3382 recedatis
517 3345 559 3381 ab
573 3344 713 3379 Ecclesia
724 3342 758 3376 ὅ(
778 3341 933 3376 domibus
954 3341 1064 3375 vestris
1076 3365 1087 3381 ,
1113 3341 1170 3374 nisi
1183 3340 1229 3375 vis

291 3397 433 3432 atrocior
444 3419 454 3435 ,
479 3397 514 3430 δε
535 3397 707 3430 inexorata
730 3392 895 3427 necessitas
916 3391 1038 3425 invitos
1057 3391 1089 3425 δε
1101 3392 1230 3425 coaetos

293 3446 470 3483 extraxerit
480 3470 487 3477 ,
511 3447 584 3482 Nos
596 3454 706 3482 autem
715 3448 757 3479 ex
765 3440 894 3488 speciali
903 3440 1070 3490 Mandato
1087 3441 1229 3478 Domini

880 95 1544 166 ⁹sEPISroLAE

1302 198 1397 245 Papae
1420 201 1590 237 Comitem
1615 201 1653 235 H
1656 210 1803 246 ugonem
1827 199 2012 241 solemniter
2020 206 2249 243 excommnni-

1302 252 1444 286 cavlmus
1455 277 1466 292 ,
1489 253 1525 286 δε
1542 252 1750 295 praecipimus
1774 253 1809 287 in·
1832 251 1950 287 virtute
1962 254 2166 296 Johedigntiae
2177 281 2188 298 ,
2211 259 2247 293 ὅ(

1302 302 1443 345 periculo
1456 301 1567 336 salutis
1579 301 1610 335 &
1622 301 1746 336 ordinis
1757 302 1851 336 vestri
1862 326 1875 343 ‚
1899 312 2056 345 quatenus
2067 306 2248 343 denuncia.

1301 353 1401 387 terias
1411 352 1537 388 nostras
1550 351 1789 387 venerabilibus
1809 352 1961 387 fratribus
1973 352 2089 387 nostris
2098 356 2246 396 2Wflhe1a

1302 411 1357 436 mo
1368 402 1578 441 Norwicensr
1588 402 1621 436 ἀ
1631 403 1666 438 N
1670 402 1771 448 igello
1781 402 1927 438 Heliensi
1953 402 2126 448 Episcopis
2143 408 2247 443 trada-

1302 451 1343 486 tis
1354 476 1366 492 ,
1391 462 1428 488 ut
1439 453 1596 487 sententia
1607 476 1619 493 ,
1640 464 1712 495 quae
1724 464 1767 487 ex
1780 452 1873 488 Sedis
1881 451 2082 497 Apostolicae
2097 457 2244 497 procedit

1301 501 1434 539 arbitrio
1442 525 1454 541 ‚
1462 503 1562 538 robur
1573 501 1723 538 debitum
1736 504 1955 549 consequatur
1965 527 1976 537 .
2004 501 2128 538 Cavete
2139 513 2247 542 autem

1301 551 1406 588 modis
1415 553 1567 588 omnibus
1577 576 1588 592 ‚
1605 564 1647 587 ne
1658 554 1694 587 in
1706 553 1851 589 absentia
1863 553 1988 589 Prioris
1999 552 2096 588 vestri
2107 563 2243 597 compo-

1301 603 1491 645 positionem
1503 603 1555 638 vel
1566 602 1655 638 aliud
1668 605 1799 640 faciatis
1810 628 1824 648 ,
1850 603 1941 651 quod
1953 604 1989 640 in
2013 602 2175 641 damnum
2187 602 2248 639 Ec-

1300 651 1400 688 clefiae
1412 653 1517 690 valeat
1527 654 1714 693 redundare
1727 679 1736 689 .

1454 802 1862 843 EPISTOLA
1924 806 2086 843 Lxxlu.

1343 902 1472 940 thomas
1488 904 1718 947 ,Cantuaerlenfis
1743 904 1834 940 Archi
1845 925 1856 932 -
1868 905 2038 951 Episcopus
2066 911 2194 943 Henrico

1535 980 1537 982 »
1588 956 1751 999 presbytero
1763 957 1949 992 cardinali.

1353 1103 1369 1138 1
1394 1103 1490 1140 vobis
1500 1105 1595 1141 aliter
1609 1105 1737 1141 locutus
1747 1106 1863 1147 fuero,
1887 1105 1987 1151 quam
2012 1106 2223 1152 animantem
2233 1130 2249 1151 ‚

1378 1155 1413 1188 in
1436 1166 1490 1190 me
1510 1167 1549 1190 ac
1572 1167 1631 1191 vos
1641 1156 1729 1200 aeque
1741 1156 1876 1191 videbor
1897 1154 2061 1200 injurius,
2089 1155 2126 1190 ἀ
2139 1159 2251 1193 nentri

1291 1206 1366 1239 satis
1388 1203 1492 1239 fidus.
1522 1206 1613 1240 Nam
1635 1207 1724 1250 quod
1747 1206 1824 1250 [εμὲ
1848 1215 2002 1250 expertus
2027 1207 2098 1241 sum
2112 1230 2126 1247 ‚
2161 1207 2253 1243 salus

1291 1265 1362 1289 mea
1381 1253 1416 1287 δε
1435 1253 1632 1299 Anglicanae
1661 1257 1808 1291 Ecclesia:
1840 1256 2050 1291 incolumitas
2074 1256 2117 1289 de
2143 1257 2250 1292 vestro

1291 1305 1361 1348 post
1376 1303 1487 1338 Deum
1499 1305 1617 1347 pendet
1629 1306 1783 1340 confilio.
1811 1305 1907 1340 Licet
1919 1316 2030 1340 autem
2058 1306 2190 1341 affectus
2207 1307 2249 1341 sit

1291 1353 1449 1398 plurimus
1467 1352 1508 1388 ad
1534 1366 1614 1396 vos,
1640 1356 1674 1389 ὅ(
1699 1357 1734 1389 in
1761 1355 1854 1390 vobis
1880 1355 2084 1390 confidentia
2100 1356 2208 1391 multa
2232 1379 2248 1396 ,

1291 1403 1389 1439 verba
1402 1414 1514 1438 tamen
1526 1405 1736 1448 multiplicari
1752 1416 1822 1439 non
1834 1404 1966 1449 expedit
1982 1429 1996 1447 ,
2021 1416 2163 1450 quorum
2173 1416 2253 1450 pau·

1292 1454 1374 1488 citas
1400 1454 1518 1488 sufficit
1539 1454 1700 1498 sapienti,
1725 1454 1891 1497 presertim
1912 1456 1990 1489 cum
2003 1456 2147 1499 &opem
2164 1457 2250 1497 ferre

1292 1503 1534 1538 necessitatibus
1549 1502 1745 1538 Amicorum
1759 1503 1862 1538 soleat
1875 1501 2016 1539 charitas
2025 1515 2096 1540 non
2108 1514 2225 1549 rogata
2238 1530 2249 1540 .

1293 1554 1345 1586 Ex
1361 1553 1478 1588 litteris
1490 1577 1503 1594 ,
1515 1563 1596 1597 quas
1607 1553 1760 1588 Domino
1772 1554 1870 1598 Papae
1880 1554 2042 1589 mittimus
2055 1578 2068 1596 ,
2094 1555 2130 1589 δε
2144 1554 2251 1591 Nun-

1291 1603 1335 1636 cii
1348 1602 1506 1638 relatione
1519 1626 1531 1643 ,
1549 1604 1606 1647 qui
1618 1604 1715 1637 frater
1726 1603 1772 1637 est
1789 1603 1951 1649 Religiosi
1976 1602 2160 1640 Sacerdotis
2186 1605 2247 1641 in·-
2282 1621 2286 1625 ·

1292 1654 1468 1694 carcerati,
1494 1653 1530 1687 in
1542 1663 1611 1696 quo
1630 1652 1760 1688 calculo
1782 1654 1878 1687 causa
1900 1653 2033 1695 nostra,
2053 1651 2244 1691 immonem-

1292 1702 1324 1737 ιὲ
1334 1703 1457 1745 vestra,
1482 1702 1518 1736 δε
1537 1702 1638 1738 totius
1648 1702 1793 1739 Ecciefiae
1804 1703 1871 1737 Dei
1889 1703 2027 1738 versetur
2040 1726 2052 1743 ,
2078 1701 2176 1739 facile
2191 1704 2249 1743 ad-

1293 1752 1423 1787 vertetis
1444 1778 1452 1785 .
1480 1751 1603 1787 vestm
1621 1753 1684 1787 erit
1703 1753 1746 1788 de
1766 1763 1882 1788 caetero
1903 1752 2120 1797 providentias
2136 1754 2249 1790 tantia}

1291 1800 1423 1835 obviare
1434 1801 1575 1840 morbis,
1600 1811 1669 1835 tam
1678 1801 1849 1837 sceleratos
1869 1803 1903 1836 dc
1918 1802 2087 1846 pestiferos
2099 1802 2242 1840 consilio

1291 1850 1325 1883 δι
1336 1850 1463 1885 auxilio
1474 1850 1670 1893 praevenire,
1694 1852 1727 1885 &
1739 1862 1894 1886 evacuare
1917 1861 2057 1886 conatus
2069 1877 2078 1885 .
2105 1852 2247 1888 Distuli-

1292 1911 1364 1934 mus
1386 1899 1421 1934 in
1441 1899 1568 1945 Regem
1590 1899 1809 1935 anathematis
1838 1925 1849 1942 ,
1873 1912 1973 1944 quam
1998 1911 2157 1936 meruerat
2172 1926 2184 1944 ,
2209 1904 2249 1939 de

1291 1950 1462 1993 continuis
1474 1948 1594 1994 jugiter
1605 1961 1762 1994 provocat
1778 1950 1906 1994 injuriis
1914 1975 1926 1992 ,
1940 1953 2021 1986 ferre
2032 1952 2246 1996 sententiam;

1292 1999 1346 2033 sed
1358 1999 1450 2042 ipse,
1477 1999 1556 2032 dum
1570 2008 1685 2033 manus
1699 1999 1861 2036 violentas
1873 2000 1981 2044 injicit
1992 2001 2028 2036 in
2051 2000 2247 2039 Sacerdotes

1293 2045 1418 2082 Christi
1429 2072 1440 2089 ,
1469 2047 1628 2083 Ecclefias
1640 2048 1886 2099 possessionibus
1896 2050 2013 2094 spoliat
2023 2050 2058 2085 ἀ
2071 2049 2224 2088 libertate
2232 2077 2248 2094 ,

1293 2098 1439 2141 incaput
1461 2098 1556 2131 suum
1578 2097 1704 2133 intorsit
1728 2099 1925 2138 anathema.
1946 2101 2068 2136 Canon
2080 2101 2170 2140 enim
2183 2113 2247 2138 nec

1292 2148 1486 2191 potestatem
1497 2147 1622 2191 excipit
1642 2160 1704 2183 nec
1727 2149 1902 2193 primatum
1913 2174 1926 2191 ,
1953 2150 2007 2185 sed
2017 2151 2162 2194 pariliter
2171 2163 2245 2196 pem

1292 2207 1402 2232 cantes
1415 2198 1483 2241 pari
1495 2198 1784 2234 condemnationis
1798 2211 1892 2243 poena
1904 2200 2050 2244 percellit
2060 2226 2069 2234 .
2092 2201 2165 2237 Nisi
2178 2203 2248 2238 for*

1291 2246 1323 2280 te
1348 2247 1453 2292 Leges
1475 2247 1715 2284 Ecclesiasticas
1739 2249 1893 2284 civilibus
1916 2250 2153 2294 comparandas
2167 2261 2247 2288 cen·

1292 2297 1384 2329 seatis
1405 2298 1439 2331 δε
1461 2309 1519 2331 vos
1541 2323 1552 2339 ,
1578 2309 1648 2343 quae
1671 2300 1753 2334 sicut
1775 2299 1969 2340 Anacharsis
1990 2301 2205 2345 conqueritur
2226 2326 2243 2345 ‚

1290 2356 1477 2380 aranearum
1489 2348 1715 2383 affimulantur
1728 2350 1802 2383 telis
1814 2374 1826 2390 ,
1840 2362 1911 2394 quae
1921 2352 2047 2386 muscas
2057 2351 2245 2395 impediunt

1289 2395 1324 2429 δε
1350 2395 1517 2435 retinent,
1542 2395 1599 2429 sed
1620 2396 1756 2440 diruptae
1779 2399 1927 2432 volatilia
1949 2401 2124 2443 grandiora
2139 2400 2245 2437 trans·

1289 2444 1427 2479 mittunt
1435 2468 1443 2476 .
1470 2445 1550 2479 Hoc
1561 2443 1606 2493 es}
1617 2446 1706 2480 enim
1717 2447 1807 2490 quod
1819 2447 1992 2490 Judicibus
2008 2449 2242 2486 Ecclesiastieis

1290 2495 1484 2538 improperat
1496 2495 1666 2529 Dominus
1677 2521 1687 2537 ‚
1697 2505 1734 2530 ut
1746 2495 1813 2530 fere
1823 2508 1899 2531 cum
1911 2497 2093 2542 gentilibus
2104 2497 2219 2536 dicant
2228 2524 2244 2542 ,

1289 2548 1334 2578 Et
1345 2545 1466 2586 tantam
1487 2543 1604 2588 miseris
1628 2545 1717 2589 {rasa
1737 2551 1864 2580 numina
1871 2547 1989 2589 pqffunt
2006 2571 2015 2580 .
2041 2547 2182 2586 sednon
2193 2549 2245 2585 ita.

1288 2595 1360 2630 Lex
1385 2595 1552 2636 Domini,
1579 2607 1649 2639 quae
1673 2596 1840 2630 ultionem
1862 2593 1999 2631 inchoat
2018 2595 2037 2630 a
2060 2598 2244 2636 sanctuario

1288 2646 1370 2686 suo,
1396 2646 1431 2680 δε
1449 2646 1484 2679 in
1507 2656 1587 2686 eos,
1614 2644 1671 2688 qui
1693 2647 1821 2688 presunt
1844 2669 1857 2686 ,
1881 2644 2084 2681 duriffimum
2111 2656 2241 2687 exercet

1287 2695 1448 2739 judicium
1464 2718 1474 2734 ‚
1499 2695 1533 2729 ἀ
1547 2704 1697 2738 potentes
1721 2695 1821 2730 distat
1841 2703 1992 2738 potenter
2017 2696 2203 2739 puniendos
2229 2724 2241 2733 .

1289 2746 1376 2780 Cum
1402 2744 1642 2779 Madianitibus
1674 2745 1855 2779 fornicatus
1887 2744 2007 2790 legitur
2030 2746 2126 2782 Israel
2149 2772 2162 2789 ,
2182 2750 2241 2786 .&

1290 2795 1458 2839 Principes
1466 2795 1711 2838 paenacriminis
1723 2794 1939 2838 percelluntur
1953 2819 1962 2828 .
1987 2794 2048 2830 Ait
2061 2797 2151 2832 enim
2166 2791 2241 2837 Do-

1289 2846 1400 2879 minus
1412 2858 1420 2877 :
1447 2845 1526 2879 Tolle
1536 2845 1650 2878 candos
1662 2847 1816 2885 Principes
1822 2845 1933 2885 popule
1942 2867 1953 2883 ‚
1978 2845 2013 2878 <w
2023 2844 2171 2888 suspende
2183 2859 2235 2883 eos

1288 2904 1390 2928 contra
1400 2896 1494 2930 solem
1504 2901 1540 2929 in
1548 2894 1696 2937 patibulis
1714 2919 1721 2924 .
1750 2894 1794 2928 Et
1805 2891 1881 2927 cum
1892 2895 2037 2928 animam
2049 2920 2059 2936 ,
2074 2907 2147 2940 quas
2162 2906 2237 2941 peta·

1290 2945 1434 2985 caverit,
1459 2943 1855 2986 justitiamoridecernat,
1881 2954 1985 2978 utnec
2008 2943 2107 2979 Pater
2128 2948 2236 2990 filii,
2298 2949 2302 2955 ’

1291 3005 1350 3030 nec
1361 2993 1447 3029 filius
1470 2996 1677 3039 iniquitatem
1700 2992 1804 3026 Patris
1829 3002 1958 3036 portet,
1987 3006 2050 3038 qua
2063 2998 2235 3040 transpofi*

1290 3046 1382 3080 tione
1394 3043 1526 3079 Divinae
1538 3044 1635 3089 Legis
1647 3042 1785 3076 efficitur
1794 3066 1805 3082 ,
1819 3052 1856 3076 ut
1867 3043 2042 3087 potestates
2053 3047 2230 3088 comedant

1292 3106 1387 3130 uvam
1398 3094 1547 3129 acerbam
1558 3119 1570 3135 ,
1595 3094 1629 3127 &
1638 3090 1864 3136 obstupescant
1881 3094 1996 3128 dentes
2006 3096 2206 3138 privatorum
2217 3120 2232 3138 .

1291 3156 1327 3180 ut
1339 3154 1454 3189 potens
1467 3144 1607 3179 solvatur
1617 3142 1652 3177 in
1664 3142 1822 3184 crimine,
1848 3142 2085 3181 &innocentia
2105 3155 2231 3190 paupe-,1

1291 3197 1332 3230 ris
1355 3193 1513 3239 supplicio
1534 3192 1702 3237 addicatur
1721 3193 1738 3225 ?
1762 3192 1903 3234 Fidem,
1928 3195 2059 3238 quaeso,
2083 3193 2232 3232 Nunciis

1293 3244 1459 3283 habeatis,
1482 3245 1518 3280 δε
1530 3253 1661 3287 operam
1672 3243 1755 3277 detis
1777 3244 1812 3277 &
1829 3242 2057 3289 diligentiam,
2084 3256 2126 3278 ne
2147 3257 2232 3289 pres„-

1292 3296 1385 3339 byter
1413 3293 1560 3328 Clericus
1580 3292 1762 3329 Wilhelmi
1793 3293 1958 3337 Papiensis
1983 3295 2227 3337 promissionem

1290 3355 1397 3379 veram
1409 3354 1508 3387 nuper
1518 3342 1632 3378 fecerit
1648 3343 1735 3388 Regi
1748 3342 1899 3389 Angliae,
1923 3343 2084 3387 pollicens
2093 3344 2123 3377 ei
2135 3342 2226 3389 quod

1290 3394 1457 3430 Dominus
1479 3393 1557 3428 suus
1571 3418 1582 3434 ,
1621 3393 1804 3438 Legatione
1825 3403 1976 3438 accepta,
2014 3395 2142 3429 causam
2162 3393 2226 3427 Ec·

1290 3445 1391 3482 clefiae
1401 3468 1412 3487 ,
1438 3454 1538 3489 quam
1549 3444 1699 3481 fovemus
1711 3468 1722 3487 ,
1748 3441 1788 3479 ad
1801 3443 1905 3491 Regis
1914 3442 2055 3482 diffiniet
2074 3443 2225 3479 volunta-

2092 3500 2180 3529 tem.
