2358 3776
292 158 1759 220 S.THOMAE'CANTUARIENSIS.

86 260 207 297 ei'viva
231 270 311 293 voce
336 257 507 301 injund'tis,
542 251 773 296 ad‘negotium
802 248 948 283 nostrum
974 248 1040 290 spe·

93 309 270 351 nantibus,
297 316 368 350 q'uz
389 306 559 350 Scriptoris
582 302 657 337 fidei
676 301 882 334 committere
893 309 959 333 non
973 306 1039 331 erat

94 372 200 396 tutum
227 384 233 394 .
261 359 349 395 Cum
374 358 474 402 igitur
495 356 535 390 ab
569 363 609 387 eo
644 349 842 383 discederem
869 372 880 388 ,
906 358 1039 403 manum

95 420 202 445 meam
226 421 339 445 tenens
367 409 398 441 in
425 409 502 443 sua,
529 404 562 436 in
585 400 683 434 verbo
713 399 823 443 Regio
857 398 1001 441 promisit
1029 421 1039 437 ,

96 462 186 508 quod
206 462 227 496 fi
244 472 301 494 vos
313 459 354 494 ad
376 467 478 501 partes
487 454 556 488 suas
566 451 696 488 transire
716 450 946 492 contingeret,
972 457 1039 480 non

97 514 178 548 ficut
201 512 397 555 Episcopum
415 505 464 540 vel
478 500 579 536 Archi
596 519 606 526 -
619 499 819 544 Episcopum
843 507 901 531 vos
923 497 1041 552 recipe·

98 574 147 599 get
161 587 172 603 ‚
198 561 250 596 sed
273 559 423 604 tanquam
446 556 480 588 in
494 552 614 596 Regno
637 550 762 584 socium
784 550 815 582 se
837 548 931 582 vobis
947 546 1041 581 exhi-

101 615 208 653 beret.
236 610 361 646 Eodem
373 603 474 640 modo
495 601 698 637 Suessionum
721 599 843 633 Comes
863 598 977 631 multis
998 597 1040 630 in-

102 662 258 707 terpofitis
278 655 469 703 Juramemis
492 651 646 686 asserebat
665 675 676 691 ‚
711 647 800 693 quod
834 647 1043 682 Comitatum

105 705 406 748 Sueffionensem&
424 704 520 747 ipsius
534 701 654 735 reditus
676 701 842 734 universos
855 698 889 731 in
911 699 984 731 usus
996 707 1042 730 ve·

104 766 185 798 stros
194 760 355 796 conferet.
385 754 451 788 Etsi
464 752 617 798 regressus
630 761 720 784 meus
734 761 787 792 per
798 760 874 782 eum
888 749 977 782 fieret
991 771 1002 787 ,
1015 746 1045 780 se

106 813 199 848 vobis
220 819 275 854 per
294 807 415 842 litteras
441 805 510 837 suas
529 800 788 845 significaturum
809 797 953 833 dicebat.
980 797 1046 830 His

103 859 233 905 itaque.
260 866 353 901 prout
376 854 490 899 potui,
517 850 707 894 procuratis,
743 850 807 882 una
828 859 903 884 cum
939 845 1047 903 praedi·

101 916 156 947 eto
178 910 289 944 Priore
302 918 357 952 per
375 915 492 938 terram
513 900 654 936 Comitis
681 898 820 933 Henrici
841 923 851 938 ,
879 908 949 931 tum
970 907 1046 940 quia

104 962 161 996 via
181 959 306 994 brevior
327 981 339 998 ,
374 966 444 990 tum
467 951 544 996 quia
568 951 769 985 securitatem
797 947 961 992 praessabat
980 947 1047 990 ejus

104 1012 243 1047 societas
260 1031 270 1047 ,
304 1005 345 1041 ad
369 1004 494 1040 curiam
514 1000 665 1036 festinavi
687 1025 694 1031 .
734 999 971 1033 Verumtamen
993 1006 1048 1039 per

105 1062 192 1096 duos
210 1060 279 1094 dies
293 1082 304 1097 ,
329 1054 502 1098 antequam
516 1063 579 1096 ego
593 1052 626 1085 in
638 1050 810 1093 conspeetu
834 1047 975 1082 Domini
988 1046 1047 1080 Pa-

105 1124 154 1156 pae
177 1106 422 1151 comparuissem
443 1129 453 1144 ,
492 1102 592 1147 Regis
612 1100 738 1134 litteras·
757 1098 980 1142 praesentavit,
1015 1096 1048 1129 ὃ(

110 1163 201 1205 super
222 1157 293 1199 his,
320 1166 389 1199 quae
409 1153 523 1188 eiviva
547 1163 627 1184 voce
642 1150 782 1192 injunaa
805 1151 956 1187 fuerant,
982 1155 1048 1189 per·

107 1210 254 1245 tractavit
275 1230 282 1239 .
321 1203 450 1239 Deinde
470 1202 545 1236 cum
569 1201 601 1234 ὅ(
623 1212 687 1244 ego
709 1198 899 1233 accessissem
924 1220 933 1236 ‚
973 1205 1048 1229 eum

105 1259 243 1303 suspirio
264 1281 276 1296 ,
309 1256 343 1288 &
365 1265 432 1287 non
456 1252 522 1285 sine
545 1249 722 1291 lachrymis
746 1249 765 1281 a
785 1248 937 1281 Domino
960 1244 1048 1287 Papa

106 1316 252 1351 receptus
275 1306 361 1339 sum.
390 1302 459 1345 Ipse
479 1300 567 1334 enim
593 1308 802 1342 quaecumque
833 1298 865 1329 in
891 1295 1048 1330 Concilio

106 1360 175 1394 asta
187 1359 281 1396 sunt,
307 1353 347 1387 de
361 1351 580 1396 persecutione
603 1348 749 1383 Ecclesiae
767 1373 777 1387 ,
804 1345 845 1381 de
867 1345 1049 1380 constantia

110 1408 233 1446 vestra,
259 1403 314 1446 qui
331 1401 481 1447 Episcopi
496 1399 664 1434 vobiscum
688 1397 855 1436 steterint,
881 1392 1050 1438 quomodo

108 1458 128 1492 Ξι
149 1457 242 1492 vobis
261 1454 343 1488 exiit
358 1477 369 1492 ‚
402 1453 458 1495 qui
479 1448 518 1483 de
539 1447 634 1483 nobis
657 1460 724 1482 non
747 1457 812 1480 erat
826 1472 837 1487 ‚
862 1446 903 1480 de
925 1444 1050 1490 judicio

105 1506 201 1550 quod
220 1507 337 1540 factum
356 1502 399 1536 est
413 1500 452 1535 de
471 1499 602 1534 Clerico
616 1523 628 1539 ,
654 1498 685 1533 δι
707 1498 820 1532 omnia
842 1495 906 1530 fere
932 1507 1002 1540 quae
1017 1496 1050 1528 in

105 1561 235 1592 >secreto
255 1553 421 1589 commissa
453 1552 580 1585 fuerant
603 1573 613 1588 ,
651 1549 824 1591 antequam
860 1558 925 1591 ego
951 1545 1051 1579 venis-

109 1610 202 1647 sem,
225 1606 259 1640 &
280 1615 349 1639 tota
361 1603 448 1636 curia
474 1600 641 1638 audierat,
666 1598 700 1631 ὅ(
721 1608 774 1639 per
800 1598 918 1637 plateas
943 1595 1048 1638 praedi-

104 1657 269 1691 'cabantur
293 1677 301 1685 .
337 1652 446 1686 Nobis
467 1649 574 1690 itaque
594 1648 627 1679 in
651 1656 770 1689 partem
790 1643 1018 1679 ‘secedentibus
1043 1666 1054 1682 ‚

119 1704 245 1750 singula
268 1700 442 1744 Capitula‚
469 1699 548 1731 ficut
564 1695 762 1730 Memoriale
776 1695 929 1728 ,nostrum
950 1694 1055 1726 conti·

113 1756 238 1791 nebat,
264 1751 436 1792 diligenter
459 1747 487 1779 ei
510 1746 644 1786 exposui
670 1768 676 1775 .
706 1745 776 1785 lpse
798 1744 874 1775 vero
906 1743 1015 1774 Deum
1044 1761 1056 1776 2

111 1805 168 1847 qui
191 1801 287 1834 tatem
312 1796 459 1830 Ecclesiae
476 1793 638 1826 Pastorem
661 1791 803 1824 contulit
823 1811 834 1827 ‚
871 1789 939 1822 sine
959 1789 1054 1827 inter·

112 1851 264 1888 minione
287 1843 537 1890 magnificabat.
570 1840 783 1875 Totaetiam
817 1840 905 1873 curia
926 1839 1053 1872 sortitu-

113 1902 224 1936 dinem
245 1898 278 1931 in
300 1896 391 1930 vobis
414 1889 625 1927 commendat
649 1914 660 1930 ‚
696 1889 786 1931 cujus
816 1889 872 1923 illa
919 1889 1053 1931 seipsam

106 1949 267 1987 omnibus
290 1945 398 1981 modis
417 1943 545 1977 invenit
568 1949 730 1983 expertem
755 1964 760 1972 .
799 1940 910 1973 Tanta
932 1938 1054 1973 etenim

108 1999 473 2037 „imbecillitateomnes
491 1992 661 2029 laborant,
693 2000 728 2026 ut
753 1989 861 2024 minus
881 1989 994 2025 Deum
1018 1987 1054 2022 tir

113 2062 223 2089 mere,
247 2048 344 2092 quam
363 2044 534 2079 hominem
556 2042 745 2075 videantur.
785 2038 836 2072 Εό
855 2042 945 2072 enim
968 2035 1055 2080 quod

108 2103 152 2137 in·
170 2094 362 2134 Thuscania
387 2093 622 2132 Radicoforum
652 2098 729 2124 cum
751 2090 853 2123 fratre<
869 2089 903 2122 &
933 2087 1058 2130 nepoti-

115 2152 178 2187 bus
198 2147 339 2185 Domini
360 2145 452 2188 Papio
471 2167 482 2183 ,
519 2143 551 2176 &
581 2141 726 2184 quaedam
756 2139 818 2172 alia
839 2135 950 2172 Castra
982 2147 1057 2170 cum

108 2199 303 2246 -parenaeibus
324 2193 552 2230 Cardinalium
574 2202 666 2234 capta
689 2191 748 2222 sint
771 2188 789 2222 a
811 2187 1057 2226 Theutonicis‚

115 2250 209 2293 quod
231 2249 372 2291 Ioannes
394 2242 529 2278 Cumini
564 2240 691 2274 tamdiu
711 2239 795 2282 apud
810 2275 812 2277 ,
830 2238 1057 2281 Imperatorem

116 2307 290 2336 moratur,
315 2294 403 2340 quod
415 2292 549 2327 Comes
563 2291 726 2324 Henricus
738 2289 777 2328 ad
798 2288 986 2328 Dominum
1000 2286 1057 2320 Pa·

115 2360 196 2393 pam
218 2347 327 2383 venire
348 2342 514 2381 noluerit,
553 2340 642 2382 quod
661 2340 678 2371 a
698 2340 791 2382 Rege
819 2337 946 2383 Angliae
967 2337 1057 2371 Nun-

117 2400 210 2435 cium
231 2395 374 2439 aliquem
392 2394 411 2427 ὲ
439 2392 542 2435 longo
581 2399 727 2432 tempore
747 2400 817 2422 non
847 2388 1021 2430 receperint
1048 2411 1058 2427 ‚

113 2448 253 2490 (aliisque
275 2442 387 2478 multis
402 2438 586 2483 inidipsum
611 2437 880 2472 concurrentibus
901 2437 983 2471 adeo
1003 2448 1058 2470 ter·

112 2508 233 2533 :rentur
255 2520 266 2534 ,
293 2502 329 2528 ut
351 2502 497 2534 tempore
521 2490 582 2524 isto
603 2488 788 2531 Principem
813 2488 954 2530 aliquem
978 2511 988 2526 ,
1026 2488 1059 2520 ἃ

111 2546 265 2583 mxime
291 2543 416 2587 Regem
439 2539 583 2584 Angliae‚
613 2539 800 2573 nullatenus
824 2538 856 2570 in
881 2537 994 2581 aliquo
1008 2549 1058 2570 au-

114 2597 219 2632 ·deant
231 2593 395 2629 offendere
406 2615 417 2631 ,
441 2601 499 2623 nec
516 2589 661 2623 Ecclesiae
676 2589 762 2628 Dei,
791 2599 858 2631 quae
871 2586 991 2629 ubique
1003 2598 1060 2619 ter-

112 2658 226 2684 aarum
240 2643 440 2689 periclitatur
452 2665 462 2679 ,
488 2640 507 2672 si
520 2640 645 2682 possent
655 2639 772 2678 etiam,
786 2648 983 2672 attentarent
994 2635 1064 2670 sub-

117 2696 250 2731 ·venire.
276 2693 338 2728 Sed
364 2691 429 2726 haec
450 2686 605 2723 hactenus
620 2713 627 2722 .

115 2763 120 2768 ·
175 2746 228 2779 De
239 2741 453 2789 petitionibus
475 2739 583 2773 vestris
605 2737 683 2781 quid
694 2739 822 2778 astum,
848 2735 1064 2779 &quomodo

119 2798 158 2831 *in
182 2797 228 2829 eis
248 2793 425 2837 processum
449 2815 459 2831 ,
497 2802 550 2833 per
573 2789 695 2823 litteras
717 2788 858 2828 prioris,
884 2788 916 2820 δι
950 2788 1063 2821 Domi·

118 2847 161 2881 -ni
183 2843 394 2879 Pistavienfis
418 2867 427 2880 ‚
454 2839 509 2883 qui
539 2851 592 2883 per
613 2839 750 2883 gratiam
772 2837 837 2872 Dei
872 2837 1064 2871 Adventum

119 2907 236 2929 meum
250 2906 305 2938 per
327 2903 429 2926 unum
461 2891 548 2924 diem
580 2898 773 2932 praevenerat
795 2911 806 2927 ,
844 2887 878 2921 δε
900 2886 1064 2931 tamquam

129 2945 267 2978 Amicus
290 2944 324 2977 in
349 2942 491 2987 negotiis
504 2939 612 2973 vestris
629 2937 959 2976 sollicite&fideliter
981 2936 1067 2971 labo·

127 2997 231 3033 ravit,
257 2991 383 3037 liquido
396 2990 620 3035 cognoscetis.
649 2989 737 3032 Papa
748 2988 889 3031 namque
905 2988 985 3022 iram
998 2987 1066 3021 Re-

126 3044 217 3089 giam
228 3043 380 3076 omnibus
393 3041 499 3076 modis
511 3040 678 3073 declinans
692 3064 702 3079 ,
725 3038 816 3073 vobis
827 3038 859 3072 δε
873 3037 1064 3072 Eboracensi

131 3095 254 3127 litteras
268 3090 386 3129 mittit,
413 3102 480 3125 non
493 3091 742 3132 Praeceptorias,
769 3088 822 3123 sed
845 3087 886 3121 de
909 3087 1066 3122 firmanda

129 3146 163 3177 δε
176 3140 318 3177 tenenda
341 3141 511 3182 paceinter
521 3151 581 3174 vos·
598 3138 746 3173 hortatur
767 3149 959 3182 utrumque.
989 3139 1068 3172 Frae

132 3203 214 3227 trem
225 3190 302 3226 vero
314 3189 486 3233 quemdam
507 3188 547 3223 de
566 3188 711 3232 Templo
734 3188 774 3222 ad
789 3199 845 3223 vos
867 3188 1003 3232 dirigit,
1030 3198 1067 3221 ut

139 3251 314 3284 utrumque
337 3238 474 3272 vestrum
492 3237 665 3273 conveniat
677 3263 688 3279 ,
713 3240 746 3272 ὅ(
764 3237 892 3282 utrique
910 3250 951 3272 ex
980 3248 1069 3281 parte

135 3289 381 3331 DominiPapae
392 3288 465 3321 viva
478 3289 743 3331 vocepraecipiat,
769 3289 857 3333 quod
883 3289 1068 3323 nullainter

137 3353 195 3376 vos
205 3338 358 3380 deinceps
370 3337 522 3377 habeatur
534 3339 704 3373 contentio
727 3338 767 3372 de
779 3339 884 3374 Crute
902 3335 1031 3372 ferenda
1058 3363 1068 3378 ‚

135 3400 242 3434 neque
252 3389 291 3422 de
304 3386 392 3427 alio,
415 3388 522 3422 donec
533 3386 671 3421 Ecclesia
694 3388 847 3422 Romana
860 3399 913 3431 per
926 3387 990 3422 Dei
1011 3390 1067 3421 mi-

134 3439 338 3476 sericordiam
362 3437 630 3480 tranquillitatem
651 3438 738 3480 pacis
756 3436 923 3471 obtineat,
954 3436 1007 3472 Ut
1028 3437 1067 3470 ad

131 3492 221 3530 alia,
245 3486 578 3531 siquaeinteriminter
598 3496 655 3520 vos
665 3487 873 3529 exoriantur,
900 3485 1085 3523 decernens

233 3536 338 3579 christ.
352 3540 429 3580 Lupi
439 3541 536 3580 opera
547 3538 624 3570 Tom.
643 3537 683 3568 X.

1097 246 1315 292 daffufficiat.
1344 245 1561 281 Eborancensi
1574 246 1674 288 vero,
1701 261 1742 283 ne
1761 251 1892 288 interim
1908 265 1980 290 eam
2002 256 2037 287 in

1098 296 1238 331 Dim-cesi
1255 296 1355 331 vestra
1380 298 1461 331 ferre
1482 298 1669 339 praesumat.
1710 299 1786 332 Hoc
1806 305 1936 345 quidem
1962 313 2049 338 cum*

1097 347 1200 382 inulta
1211 347 1407 381 difficultate
1417 346 1565 382 obtinere
1576 349 1742 391 potuimus
1755 372 1763 381 .
1791 350 1942 388 Similiter
1953 354 2043 388 Lon-

1099 397 1247 433 donienfi
1263 398 1430 431 scribitur:
1459 398 1521 432 Sed
1534 397 1621 432 unde
1634 399 1756 442 semper
1769 398 1872 433 elatus
1885 403 1979 437 citius
1994 406 2047 437 iri-t

1102 448 1260 483 tumescat
1283 449 1323 482 ad
1346 447 1526 490 superbiam
1541 472 1551 486 ‚
1587 448 1683 491 quam
1703 448 1864 483 excitetur
1885 450 1924 483 ad
1945 453 2043 487 virtu-

1094 510 1166 537 tem
1188 522 1195 529 .
1233 498 1307 532 Hae
1327 498 1436 540 itaque
1469 498 1729 532 consideratione
1766 498 1934 533 Dominus
1955 499 2043 542 Papa

1101 548 1329 591 transcriptum
1363 558 1472 582 earum
1495 546 1536 580 ad
1559 558 1616 581 vos
1636 548 1823 583 transmittit
1848 572 1859 588 ‚
1885 549 2046 593 quatenus

1080 636 1083 639 ,
1101 598 1317 641 eoinspe6t0‚
1340 599 1361 631 si
1375 609 1444 632 non
1459 597 1552 631 vobis
1565 598 1599 631 &
1621 597 1765 632 Ecclesiae
1776 598 1927 643 judicetis
1949 609 2046 642 expe-

1102 647 1172 684 dire
1185 673 1196 688 ,
1221 647 1306 691 apud
1319 659 1378 683 vos
1387 657 1593 689 remanerent
1607 673 1613 680 .

1154 698 1208 731 De
1232 698 1425 740 profeffione
1445 708 1554 733 autem
1575 698 1724 732 facienda
1738 723 1747 738 ‚
1774 700 1792 732 a
1813 699 1966 733 Domino
1989 698 2050 731 Pa-

1106 748 1189 792 pa&
1213 747 1366 782 Domino
1389 747 1577 782 pictaviensi
1593 749 1762 783 multoties
1772 749 2027 791 disputatumest
2042 772 2051 778 .

1108 798 1161 832 Ad
1183 797 1338 831 ultimum
1360 807 1469 832 tamen
1491 798 1718 838 obtinuimus,
1756 798 1844 842 quod
1869 799 1890 831 si
1913 799 1979 842 ipse
2005 799 2052 831 su-

1109 860 1163 892 per
1183 846 1248 881 hoc
1260 848 1426 891 requisitus
1451 858 1585 892 negaret
1603 849 1718 887 vobis,
1745 860 1826 883 tunc
1847 848 1979 882 demum
1997 859 2053 881 co-

1107 907 1199 944 geret
1215 909 1314 938 eum,
1339 898 1374 931 ὅ(
1395 898 1514 933 faceret
1537 910 1619 932 eamr
1633 897 1796 938 exhiberi.
1827 899 1933 946 Qod
1956 897 2053 931 vobis

1110 946 1236 992 plenius
1253 959 1309 991 per
1331 947 1521 991 posteriores
1543 949 1663 983 litteras
1681 948 1824 983 Domini
1846 948 2054 983 pictaviensis

1112 997 1310 1032 innotescet.
1341 998 1422 1044 Qiae
1433 1009 1541 1032 autem
1564 1000 1706 1042 priores,
1734 1010 1802 1043 quae
1825 998 2016 1043 posteriores
2043 1022 2054 1038 ,

1112 1051 1145 1082 in
1166 1047 1277 1082 earum
1299 1047 1593 1094 subscriptionibus
1617 1050 1801 1094 apparebit.
1839 1050 1893 1083 De
1916 1049 2054 1093 negotio

1111 1099 1214 1132 Sansti
1229 1097 1408 1143 Augustini
1421 1096 1656 1134 nihilomnino
1671 1101 1836 1143 potuimus
1848 1099 2018 1143 impetrare
2046 1122 2055 1130 .

1112 1149 1178 1191 lpse
1195 1149 1284 1183 enim
1295 1147 1491 1192 privilegia,
1520 1149 1726 1184 Monasierio
1745 1151 1762 1183 a
1786 1150 1949 1184 Romanis
1971 1147 2059 1182 Pon·

1112 1198 1253 1232 tificibus
1266 1198 1416 1238 indulta,
1444 1199 1549 1232 asserit
1562 1201 1593 1233 se
1607 1199 1742 1239 vidisse,
1768 1200 1861 1233 &eis
1882 1198 2058 1236 contraire,

1111 1248 1191 1282 ficut
1214 1248 1314 1288 dicit,
1338 1249 1384 1280 est
1400 1248 1536 1281 decretis
1560 1249 1692 1281 Pati-um
1707 1249 1740 1282 ἀ
1766 1247 1993 1282 Ecclesiasticis
2008 1245 2060 1278 In·

1113 1297 1232 1331 stitutis
1263 1297 1498 1331 authoritatem
1522 1308 1588 1330 non
1601 1298 1773 1331 exhibere.
1805 1297 1986 1331 Novissime
2002 1309 2063 1330 no·

1113 1348 1161 1382 bis
1183 1347 1377 1390 petitionem
1399 1347 1489 1380 illam
1512 1346 1707 1381 facientibus
1732 1370 1743 1387 ‚
1778 1356 1813 1381 ut
1846 1347 1966 1382 scilicet
1994 1348 2063 1390 ipse

1114 1409 1171 1431 vos
1191 1398 1230 1430 ad
1255 1398 1287 1430 se
1310 1397 1420 1431 venire
1442 1398 1623 1441 praeciperet
1647 1421 1658 1438 ,
1691 1398 1725 1432 ἀ
1754 1399 1845 1441 super
1866 1395 1931 1432 hoc
1966 1397 2063 1432 vobis

1115 1446 1426 1492 litterasdirigeret,
1453 1458 1528 1481 cum
1553 1448 1668 1481 dolore
1687 1446 1719 1481 ὃ(
1737 1448 1839 1482 multa
1861 1448 1964 1482 animi
1978 1447 2063 1480 affli-

1114 1499 1222 1531 stione
1243 1499 1326 1531 visus
1348 1498 1392 1531 est
1405 1497 1601 1540 respondisse
1623 1512 1634 1530 .·
1662 1497 1739 1539 Abfit
1760 1523 1766 1529 .
1805 1499 1893 1530 Prii‘cs
1912 1498 2064 1538 finiantur

1116 1549 1179 1581 dies
1201 1547 1309 1587 nostri,
1335 1549 1428 1589 qutim
1451 1559 1502 1579 nos
1514 1549 1673 1579 videamus
1696 1558 1760 1578 eum
1769 1546 1805 1585 lic
1825 1553 1928 1585 exire,
1957 1549 1991 1580 (ν
2006 1550 2063 1579 Ec·

1115 1596 1228 1637 clefiam
1245 1595 1330 1638 suam
1348 1595 1387 1636 fic
1403 1594 1566 1638 desolatam
1589 1597 1758 1638 relinquere
1771 1621 1778 1627 .
1807 1597 1986 1630 Conservet
2006 1608 2065 1630 vos

1118 1647 1207 1679 Deu‘s
1228 1647 1262 1679 in
1284 1645 1439 1679 omnibus
1453 1646 1514 1678 viis
1539 1646 1669 1678 vestris.
1707 1646 1807 1688 Apud
1831 1647 2042 1680 Clarevallirn
2057 1669 2068 1684 ,

1118 1695 1308 1728 Cistertium
1320 1718 1335 1733 ,
1352 1695 1385 1726 ἀ
1399 1694 1634 1725 pontiniacum
1647 1718 1658 1732 ,
1685 1694 1913 1728 intercessione
1925 1697 2070 1729 Domini

1117 1745 1237 1784 Papae,
1259 1739 1502 1774 oraturaffidue
1512 1753 1569 1783 pro
1594 1742 1710 1781 vobis,
1737 1743 1837 1786 &pro
1862 1745 2003 1778 Ecclesia
2015 1756 2070 1778 vo-

1117 1791 1166 1825 bis
1179 1792 1197 1824 ὲ
1208 1791 1287 1825 Deo
1298 1789 1470 1824 commissa
1483 1808 1492 1815 ·
1517 1791 1689 1835 significet
1703 1790 1786 1826 mihi
1798 1794 1968 1828 Dominus
1979 1805 2071 1829 meus

1116 1842 1157 1876 de
1167 1841 1251 1874 statu
1261 1840 1317 1875 suo
1330 1841 1428 1883 quam
1441 1841 1509 1875 cito
1521 1842 1639 1884 poterit
1655 1866 1664 1881 ‚
1694 1853 1728 1875 ut
1741 1843 1853 1878 saltem
1865 1846 1899 1878 in
1915 1844 2074 1881 visitatio-

1119 1903 1159 1925 ne
1171 1891 1225 1925 sua
1237 1890 1423 1925 consoletur
1440 1892 1550 1924 anima
1566 1903 1634 1926 mea
1652 1918 1659 1924 .

1266 1972 1352 2026 up
1380 1991 1620 2026 rsToL
1649 1992 1678 2025 Λ
1783 1993 1941 2027 xxiv.

1146 2071 1494 2132 Thomaehc‘aniuarienfi
1513 2091 1615 2140 Arcbl-
1629 2090 1771 2134 Episcopo
1795 2094 2018 2136 Saresberi'enfis
2031 2122 2040 2129 ,

1201 2191 1231 2224 Χ
1254 2202 1321 2234 quo
1334 2202 1437 2234 partes
1454 2193 1548 2236 artigi
1563 2192 1760 2227 Cismaririas
1774 2219 1784 2233 ‚
1813 2196 1897 2229 visus
1921 2196 1990 2229 sum
2008 2196 2067 2229 mi-

1226 2240 1259 2274 hi
1274 2241 1398 2274 senfisse
1419 2242 1553 2276 lenioris
1576 2254 1658 2276 aurae
1678 2245 1888 2287 temperiem,
1916 2246 1948 2280 ὅ(
1970 2246 2069 2280 detu-

1122 2291 1336 2325 mescentibus
1362 2293 1510 2334 procellis
1521 2292 1748 2335 tempestatum
1770 2306 1846 2330 cum
1871 2297 1996 2340 gaudio
2010 2298 2070 2331 mi-

1122 2353 1208 2376 ratus
1220 2342 1289 2375 sum
1303 2352 1407 2375 rerum
1419 2342 1540 2386 ubique
1552 2343 1697 2385 copiam,
1721 2346 1933 2390 quietemque
1953 2348 1987 2381 ὅ(
2012 2348 2068 2380 lae-

1121 2393 1228 2426 titiam
1241 2391 1455 2435 populorum.
1485 2391 1717 2437 Egredientem
1739 2395 1816 2429 vero
1837 2397 1879 2429 de
1905 2398 1978 2430 navi
2003 2398 2068 2431 ser·-

1124 2441 1246 2476 vientes
1265 2441 1397 2476 comitis
1421 2443 1588 2487 Epmensis
1599 2454 1640 2476 ex
1660 2445 1816 2481 mandato
1842 2445 1928 2486 ejus,
1956 2458 2070 2488 procu-

1124 2502 1214 2526 rante
1238 2490 1410 2535 Ernulpho
1434 2502 1554 2537 nepote
1574 2493 1690 2536 ipsius,
1720 2492 1908 2529 honorifice.
1926 2497 2066 2540 suscepe-

1123 2552 1216 2577 runt.
1246 2542 1289 2575 Et
1311 2541 1395 2577 mihi
1417 2544 1451 2577 &
1472 2543 1551 2576 meis
1571 2542 1708 2576 domum
1732 2544 1766 2576 ἀ
1788 2554 1903 2578 terram
1925 2546 2068 2580 Comitis

1125 2604 1183 2637 pro
1195 2592 1294 2626 vestra
1319 2594 1494 2626 reverentia
1516 2601 1741 2634 exponentes,
1778 2593 1915 2628 liberum
1934 2597 1977 2630 ab
1998 2608 2067 2631 om·

1125 2643 1161 2677 ni
1173 2642 1423 2677 consuetudinis
1443 2652 1541 2677 onere
1551 2641 1769 2683 perduxerunt
1782 2643 1847 2677 sere
1858 2643 1898 2677 ad
1920 2646 2067 2681 sanctum

1127 2692 1352 2727 Andomarum
1367 2717 1374 2724 .
1403 2691 1484 2737 Quo
1494 2689 1570 2725 cum
1585 2693 1756 2732 venissem,
1783 2704 1977 2737 procurante
1987 2707 2067 2738 quo-

1126 2744 1200 2778 dam
1215 2741 1360 2776 Marsilio
1376 2739 1567 2780 Monicho,
1594 2743 1652 2786 qui
1676 2743 1762 2787 apud
1790 2744 2007 2787 Thilleham,
2033 2749 2067 2782 ἀ

1128 2793 1255 2836 lrulege
1277 2790 1397 2825 morari
1419 2791 1607 2833 consuevit,
1637 2793 1671 2827 in
1696 2794 1815 2828 Domo
1834 2796 1942 2831 Sansti
1965 2796 2067 2832 Berti-

1128 2844 1162 2876 ni
1186 2840 1406 2876 honestissime
1426 2852 1572 2884 receptus
1597 2844 1682 2877 sum.
1713 2844 1756 2878 Et
1779 2855 1925 2889 patenter
1943 2846 2067 2881 intelle·

1130 2893 1188 2932 xi,
1214 2891 1303 2933 quod
1329 2891 1468 2933 Ecclesia
1489 2891 1543 2926 illa
1564 2893 1605 2926 ad
1629 2893 1791 2929 honorem
1828 2896 2066 2932 Cantuarienfis

1131 2940 1322 2976 Ecclesiae&
1335 2941 1472 2976 vestrum
1483 2943 1704 2985 exposita-est.
1733 2945 1777 2979 Et
1803 2946 1824 2978 fi
1853 2947 1976 2991 placet,
2001 2956 2066 2980 tam

1129 2992 1257 3026 Comiti
1281 2992 1377 3033 quam
1390 2992 1591 3033 Monachis,
1619 2994 1729 3027 oblata
1741 2995 2069 3041 vobisopportunita-

1130 3054 1181 3082 te,
1211 3042 1329 3086 gratias
1342 3042 1503 3077 referatis.
1533 3043 1664 3078 Exinde
1674 3044 1749 3078 cum
1761 3041 1915 3081 venissem
1930 3046 2069 3081 Atreba-

1130 3101 1222 3134 tum,
1249 3092 1416 3130 Comitem
1454 3090 1643 3136 Philippum
1681 3095 1764 3138 apud
1803 3097 1977 3132 Exclusam
2000 3098 2068 3130 Ca-

1130 3141 1250 3183 strum,
1276 3142 1374 3186 aquo
1396 3142 1577 3186 Tyrannus
1599 3143 1806 3188 Iprensistam
1819 3147 1918 3192 longa
1930 3145 2069 3181 obsidio·

1131 3203 1172 3226 ne
1184 3192 1332 3226 exclusus
1357 3192 1422 3232 est..
1450 3192 1512 3229 esse
1524 3193 1633 3228 audivi
1681 3195 1763 3230 llluc
1774 3197 1882 3241 itaque
1893 3196 2067 3237 divertens,

1130 3242 1280 3277 Domino
1292 3242 1540 3278 misericorditer
1563 3245 1623 3279 iter
1642 3255 1751 3280 meum
1773 3247 1807 3280 in
1829 3243 1983 3280 omnibus
1996 3255 2069 3288 pro-

1130 3292 1293 3339 sperante,
1320 3304 1388 3326 non
1413 3292 1513 3338 longe
1533 3294 1551 3327 a
1574 3295 1677 3329 Strata
1700 3295 1828 3338 publica
1859 3293 1994 3329 obvium
2015 3293 2072 3329 ha-

1131 3341 1187 3375 bui
1214 3352 1311 3386 quem
1333 3342 1510 3385 quaerebam
1533 3369 1540 3375 .
1571 3343 1625 3378 Ut
1647 3346 1736 3378 enim
1765 3355 1859 3378 more
1878 3343 2033 3380 Divitum
2059 3369 2070 3385 ,

1130 3402 1211 3434 quos
1230 3391 1369 3426 obleaat
1392 3390 1457 3426 hoc
1477 3393 1623 3438 nugandi
1638 3404 1764 3438 genus,
1803 3394 1838 3428 in
1862 3393 1974 3428 avibus
1995 3394 2070 3429 coeli

1137 3441 1282 3480 luderet,
1309 3439 1429 3475 fluvios
1453 3466 1463 3481 ,
1499 3443 1636 3485 stagna,
1663 3441 1816 3484 paludes,
1849 3443 1884 3478 ἀ
1904 3444 2069 3487 scaturigi-

1132 3501 1188 3525 nes
1212 3491 1358 3526 fontium
1382 3500 1552 3534 peragrans
1564 3490 1739 3526 circuibat.
1766 3493 1905 3529 Gavisus
1924 3491 1969 3528 est
1982 3494 2069 3536 seio-

1606 3539 1644 3574 G
1692 3553 1715 3579 2
1914 3542 2034 3578 venisse
