2358 3776
238 2388 243 2395 '
307 2386 399 2421 suam
410 2385 442 2420 &
453 2382 595 2418 aliorum
606 2380 847 2424 Episcopomm
861 2403 872 2419 ‚
896 2379 954 2423 qui
975 2388 1088 2413 contra
1099 2389 1253 2414 memora·

403 125 497 168 190

327 196 384 235 sa,
409 194 548 238 seipsam
558 190 679 236 semper
698 189 810 235 aliquo
830 189 942 236 prodit
960 189 1107 227 indicio.
1134 193 1167 226 Si
1190 203 1258 226 non

322 246 406 284 colit
423 243 608 286 obsequiis,
632 242 655 277 fi
678 244 941 290 opportunitates
963 254 1030 276 non
1054 243 1208 285 expedit,
1234 242 1257 275 fi

322 293 515 340 prohibetur
537 291 730 328 utilitatibus
752 292 927 330 deservire,
966 290 1053 325 certe
1072 294 1153 335 quin
1176 291 1260 325 votis

321 340 472 386 adjuvet,
498 343 576 387 quin
587 341 750 378 desideriis
771 342 983 382 obsequatur,
1009 342 1089 385 quin
1110 342 1259 386 'precibus

319 391 536 432 necessaria&
555 389 762 436 expedientia
789 398 962 432 procuret,
987 393 1130 427 omnino
1151 403 1259 436 praepe-

318 441 460 483 dirinon
482 442 586 485 potest
601 466 613 474 ,η
636 440 745 482 Hujus
766 439 874 483 itaque
895 450 1049 484 purgetur
1072 442 1185 476 officio
1200 466 1211 482 ,
1236 442 1258 475 fi

317 490 396 536 quid
418 492 582 530 temeritas
601 489 823 533 inscriptionis
845 488 974 524 videtur
996 489 1030 524 in
1054 490 1170 526 limine
1190 503 1258 534 prae-

316 541 498 585 sumpsisse,
525 542 567 573 Et
579 541 654 584 quia
677 538 815 575 memini
835 550 887 574 me
899 539 1073 583 promisisse
1085 552 1259 581 novorum,

314 601 385 634 quae
403 600 606 635 emergerent
628 590 714 633 apud
743 601 804 626 nos
828 613 839 630 ,
875 590 1216 626 communicationem
1250 614 1261 630 ,

314 651 417 686 pauca
437 651 507 682 qua:
519 640 690 683 postquhm
702 640 796 677 vobis
815 638 920 683 scripfi
932 639 1105 675 noviffime
1124 652 1179 685 per
1191 642 1259 677 Ser·

314 691 459 731 vientem
484 690 639 735 Magistri
662 688 842 735 Reginaldi
867 712 880 730 ,
905 688 1062 725 innovata
1083 691 1182 732 sunt,
1208 690 1259 725 ad·

315 738 421 775 bibita
444 740 611 776 celeritate
633 740 810 785 significare
831 740 967 774 curavi.
992 740 1144 776 innotuit
1167 740 1260 775 vobis

314 790 439 836 praefati
463 790 627 827 servientis
645 787 825 824 ministerio
838 811 850 829 ‚
876 788 956 831 quid
970 792 1076 825 aetum
1098 790 1181 824 sitin
1193 792 1258 825 col·

314 840 430 884 loquio
458 840 683 881 cardinalium
710 864 722 880 ‚
748 839 782 874 δε
803 837 948 875 Domini
979 839 1222 875 Cantuariensis
1248 865 1258 881 ,

312 889 399 927 inter
420 889 602 926 Gisottium
625 891 657 924 &
677 889 793 923 Iriam.
830 887 900 923 Illis
921 899 1030 925 autem
1052 889 1094 925 ab
1115 890 1256 925 invicem

312 939 556 980 discedentibus
579 965 591 982 ‚
617 939 811 974 cardinales
833 938 918 975 adeo
939 940 1102 977 turbatum
1127 940 1256 986 Regem

310 988 531 1034 invenerunt,
557 1000 594 1028 ut
613 989 717 1034 palam
740 998 926 1032 quereretur
952 991 983 1024 se
1005 989 1170 1035 proditum
1192 991 1255 1024 esse

309 1039 329 1078 a
350 1039 505 1075 Domino
528 1038 635 1084 Papa,
660 1040 693 1076 &
706 1039 882 1074 minaretur
895 1040 926 1074 se
936 1039 978 1075 ab
998 1041 1254 1081 concessurum,

308 1089 370 1124 nisi
383 1090 425 1124 de
448 1089 672 1126 cantuariensi
698 1087 801 1124 Archi
815 1089 1004 1134 ·Episcopo
1025 1090 1184 1134 justitiam
1204 1090 1253 1125 fa·-

305 1148 393 1174 ceret
423 1139 593 1183 exhiber'y.
615 1139 750 1178 Deinde
773 1139 884 1177 multis
895 1140 1043 1175 consiliis
1064 1140 1150 1175 ultro
1159 1141 1250 1175 citro·

307 1199 373 1234 que
391 1187 534 1231 habitis,
558 1190 592 1225 &
616 1190 711 1235 Rege
728 1199 818 1224 nunc
837 1189 991 1225 Proceres
1013 1214 1026 1231 ‚
1055 1202 1154 1225 nunc
1179 1190 1252 1234 Epi-

308 1241 424 1283 scopos
447 1240 482 1275 ἃ
502 1238 649 1276 Abbates
667 1264 679 1280 ‚
705 1251 795 1274 nunc
821 1240 998 1275 familiares
1020 1241 1093 1275 suos
1113 1264 1125 1280 ,
1165 1251 1253 1274 nunc

307 1288 521 1331 Cardinales,
546 1300 636 1325 nunc
648 1288 840 1326 Cardinales
859 1290 977 1331 simul,
1003 1300 1093 1324 nunc
1113 1290 1251 1324 alterurn

307 1340 376 1376 fine
387 1339 490 1377 altero
501 1364 512 1381 ,
541 1338 753 1380 consulente,
779 1338 912 1375 tandem
925 1340 958 1373 se
977 1339 1018 1374 ad
1028 1338 1186 1382 justitiam
1196 1339 1252 1375 ob-

306 1390 386 1427 tulit
396 1414 408 1430 ‚
434 1389 548 1425 dicens
558 1391 589 1423 se
610 1398 758 1434 paratum
770 1390 833 1423 effe
846 1399 901 1432 per
909 1388 1022 1423 omnia
1034 1388 1116 1424 stare
1127 1389 1253 1433 judicio

307 1440 344 1475 ἀ
366 1440 523 1474 mandato
544 1449 658 1474 eorum
679 1439 772 1482 super
791 1438 946 1473 omnibus
966 1437 1108 1481 querelis
1131 1463 1142 1480 ,
1183 1448 1254 1482 quae

308 1498 482 1523 vertuntur
497 1488 700 1532 interipsum
711 1488 745 1524 ἀ
766 1487 955 1521 Dominum
968 1487 1254 1529 Cantuariensem‚

307 1538 465 1581 adjiciens
483 1536 517 1571 se
541 1545 725 1581 paraturum
739 1537 773 1569 in
787 1535 885 1570 initio
899 1547 1036 1571 ornnem
1049 1538 1253 1578 cautionem,

306 1597 376 1624 tam
402 1586 614 1630 juratoriam,
640 1586 740 1631 quam
759 1583 990 1629 fidejussoriam
1013 1609 1026 1626 ‚
1060 1587 1094 1622 &
1111 1586 1254 1631 amplio-

308 1649 399 1680 rem,
425 1639 448 1672 si
470 1635 660 1672 cardinales
681 1634 808 1670 vellent
827 1657 839 1674 ,
875 1634 966 1680 quod
1002 1635 1045 1670 de
1066 1636 1173 1673 verbis
1202 1648 1254 1671 eo-

307 1700 404 1729 rum,
425 1698 486 1722 nec
504 1686 573 1730 jota
597 1709 610 1726 ,
635 1696 697 1720 nec
719 1684 846 1727 apicem
877 1685 1050 1727 praeteriret
1072 1687 1255 1721 inobserva-

308 1748 380 1773 tum
392 1761 404 1777 ‚
430 1733 674 1771 dummodoilli
685 1756 698 1774 ,
721 1731 814 1775 quod
825 1732 969 1768 minimo
978 1733 1110 1769 homini
1121 1759 1133 1775 ,
1146 1736 1181 1769 id
1193 1736 1254 1775 est,

307 1786 464 1831 justitiam
481 1783 696 1824 exhiberent.
724 1782 790 1816 Cui
811 1793 889 1816 cum
910 1783 1102 1818 Cardinales
1124 1785 1253 1827 respon-

307 1837 428 1873 dissent
436 1861 449 1877 ‚
473 1834 563 1879 quod
576 1844 646 1867 non
653 1842 843 1875 acceperant
854 1832 1048 1876 potestatem
1061 1834 1154 1878 super
1165 1833 1252 1867 Can-

307 1886 503 1923 tuariensem
527 1882 718 1926 judicandi,
744 1879 798 1916 sed
821 1883 1049 1926 componendi
1072 1907 1084 1924 ,
1118 1883 1193 1918 Rex
1211 1882 1254 1918 ab

307 1937 357 1973 eis
377 1935 495 1979 petiit,
520 1934 554 1970 ὅ(
574 1931 741 1970 obtinuit,
767 1940 805 1966 ut
829 1930 916 1966 hanc
938 1931 1161 1968 humilitatem
1184 1931 1254 1975 ejus

305 1985 481 2022 scriberent
502 1983 657 2018 Domino
708 1990 800 2024 apa,
836 1982 871 2016 ἀ
892 1981 1108 2017 sinceritatem
1137 1982 1254 2017 cauffae

304 2036 397 2081 ejus,
420 2036 502 2073 ficut
524 2044 596 2068 eam
619 2030 690 2067 didi
745 2039 804 2066 ant
822 2029 840 2064 ὲ
866 2031 1064 2075 sapientibus
1088 2055 1101 2073 ,
1127 2032 1162 2066 δι
1190 2031 1255 2067 Re,

307 2086 430 2131 ligiosis
446 2083 524 2118 viris
535 2107 545 2124 ‚
573 2080 771 2119 Eboracenfi
786 2077 892 2119 Erebi
902 2100 915 2107 -
926 2082 1092 2125 Episcopo
1104 2106 1115 2122 ‚
1134 2082 1169 2118 &
1181 2082 1254 2125 Epi·

307 2136 415 2180 scopis
436 2131 664 2172 Londoniensi
679 2156 691 2174 ,
714 2121 989 2172 Cicestrefffis&
1014 2131 1214 2176 Vigornensi
1242 2151 1255 2172 ,

305 2183 553 2221 Transmarinis
566 2207 579 2225 ‚
603 2183 731 2218 &item
755 2181 972 2223 cismarinis,
999 2180 1251 2225 Rotbomagen-

306 2235 356 2277 fi,
382 2234 603 2273 Lexoviensi,
626 2231 840 2274 &Baiocenfi
854 2257 862 2265 .
891 2231 970 2265 Post
998 2230 1148 2273 processit
1172 2231 1254 2274 Epi-

307 2285 425 2329 scopus
439 2282 702 2323 Londoniensis,
729 2281 763 2314 &
773 2280 850 2314 cum
861 2281 898 2314 in
912 2277 1039 2313 Archi·
1052 2280 1253 2323 Episcopum

306 2337 402 2375 suum
413 2335 530 2368 veneni
541 2332 685 2367 multum
703 2329 895 2363 evomuisset
914 2350 925 2367 ‚
950 2328 1074 2363 obtulit
1111 2331 1254 2364 caussam

306 2444 379 2469 tum
394 2432 664 2468 Cantuariensem
677 2428 918 2473 appellaverant
932 2452 944 2469 ,
972 2428 1095 2463 instans
1118 2430 1254 2463 nomine

308 2485 423 2529 Regni
442 2483 476 2517 δε
499 2480 702 2520 Sacerdotii,
729 2488 766 2514 ut
777 2478 988 2519 audiretur&
1000 2478 1167 2514 finiretur.
1194 2478 1254 2514 Le·

307 2537 395 2580 gatis
413 2530 491 2568 ver&
500 2529 688 2566 dicentibus
710 2527 826 2562 itidem
846 2529 880 2563 se
901 2540 971 2564 non
990 2528 1085 2573 ¹posse
1112 2529 1251 2573 compel-

308 2583 375 2619 lere
395 2580 690 2619 Cantuariensem,
723 2578 757 2612 δε
778 2577 876 2612 illum
897 2578 988 2613 nolle
1016 2578 1216 2614 contendere

310 2633 459 2677 prorupit
482 2632 662 2673 Episcopus
684 2629 717 2662 ὅ(
743 2628 822 2669 alii,
849 2628 907 2672 qui
931 2626 1085 2669 aderant,
1122 2630 1257 2664 nomine

310 2684 423 2727 Regni
443 2682 476 2713 &
500 2678 698 2716 sacerdotii,
723 2678 759 2712 in
784 2677 1040 2722 appellationem
1062 2702 1075 2719 ‚
1101 2678 1257 2714 inhiben-

312 2742 361 2768 tes
379 2743 420 2766 ne
434 2728 676 2764 Cantuarienfis
695 2737 811 2761 contra
833 2728 1026 2764 alterutrum
1050 2729 1175 2773 aliquid
1201 2730 1255 2764 in-

313 2790 471 2819 novaret,
496 2786 659 2822 ponentes
678 2786 853 2818 utrumque
876 2777 937 2811 sub
965 2779 1167 2821 protectione
1186 2780 1254 2814 Do-

312 2832 398 2868 mini
418 2831 514 2873 Papae
524 2829 624 2872 usque
636 2824 677 2861 ad
695 2826 784 2860 diem
795 2827 1047 2871 appellationis,
1074 2841 1173 2873 quam
1186 2841 1254 2874 pro-

315 2888 511 2926 rogaverant
537 2879 573 2912 in
598 2885 722 2910 annum
743 2876 899 2918 alterum,
926 2878 1051 2914 scilicet
1072 2880 1112 2914 ad
1142 2880 1257 2914 festum

316 2929 427 2967 Sancti
446 2927 604 2963 Martini.
631 2925 871 2960 Londonienfis
883 2937 990 2962 tamen
1005 2930 1158 2973 speciales
1170 2932 1257 2965 caus-

317 2983 367 3019 sas
388 2991 447 3025 pro
458 2979 489 3013 se
504 2977 632 3022 posuit,
668 2976 868 3019 impugnans
893 2977 1075 3013 libertatem
1098 2980 1252 3016 Ecclesia-

318 3041 414 3072 rum,
440 3037 520 3073 quas
552 3027 797 3062 Cantuariensis
819 3024 920 3059 habet
941 3027 975 3061 in
998 3029 1198 3074 Episcopatu
1221 3031 1258 3064 il-

318 3082 398 3120 lius.
425 3080 507 3127 Qo
523 3078 630 3117 facio,
654 3077 842 3111 direxerunt
852 3075 1046 3112 Cardinales
1058 3080 1140 3116 duos
1165 3081 1245 3115 Nun

319 3132 391 3167 cios
409 3130 451 3167 ad
462 3127 729 3164 cantuariensem
741 3150 753 3167 ‚
778 3125 835 3170 qui
847 3126 878 3160 ei
891 3128 1041 3170 proxima
1053 3129 1106 3163 die
1118 3132 1186 3172 post
1201 3132 1257 3164 Fe-

320 3181 407 3217 stum
433 3179 555 3219 Sandiae
575 3177 685 3211 Luciae
717 3184 929 3220 porrexerunt
948 3176 1072 3212 litteras
1094 3202 1105 3218 ‚
1140 3182 1257 3221 quibus

321 3229 553 3268 continebatur
565 3240 605 3262 ex
617 3237 706 3271 parte
719 3226 813 3261 series
825 3223 943 3260 horum
956 3251 964 3259 .
990 3227 1034 3261 Et
1044 3227 1129 3262 idem
1143 3229 1255 3262 Archi-

321 3282 503 3325 Episcopus
525 3275 757 3325 prohibebatur
776 3287 818 3310 ex
830 3287 921 3320 parte
940 3277 1080 3311 Domini
1106 3278 1202 3321 Papae
1225 3280 1256 3314 δε

323 3331 526 3375 Legatorum
552 3327 677 3371 aliquid
698 3326 802 3360 facere
821 3336 938 3360 contra
967 3327 1218 3370 appellationem

325 3381 500 3422 antequam
520 3379 652 3413 adeatur
673 3375 840 3411 Dominus
858 3376 966 3420 Papa.
993 3377 1147 3421 Episcopi
1179 3389 1255 3422 quo-

329 3440 395 3478 que
414 3429 497 3467 duos
521 3428 675 3466 Nuncios
696 3426 869 3464 miserunt.
907 3425 1115 3477 Waltherum
1134 3427 1257 3465 Canto·

1021 100 1566 154 EPISVTOL'AE

1321 202 1389 227 rem
1411 191 1677 227 saresberiensem
1696 215 1709 232 ‚
1743 190 1779 227 ὅ(
1797 191 1993 238 Magistrum
2022 199 2205 243 yoeelinum
2233 225 2245 242 ,

1323 242 1563 277 Cancellarium
1584 242 1845 283 cicestrensem,
1883 252 1919 276 ut
1938 245 2047 282 fastam
2069 248 2254 284 denuncia-

1322 302 1393 327 rent
1406 292 1658 336 appellationem
1683 315 1695 333 ,
1718 293 1753 327 &
1766 304 1839 327 eam
1859 304 1971 328 coram
1983 295 2084 331 Archi
2095 318 2106 324 -
2118 298 2252 344 Episco-

1323 353 1366 386 po
1388 343 1600 377 innovarent.
1637 342 1700 377 Sed
1726 341 2043 386 Archi-Episcopus
2073 346 2250 393 Episcopo.

1322 403 1395 426 rum
1407 392 1561 427 Nuncios
1580 391 1622 427 ad
1631 391 1838 436 colloquium
1855 403 1924 427 non
1937 391 2085 436 admisit,
2106 397 2147 431 αἱ
2157 399 2249 442 quod

1325 442 1408 476 inter
1430 443 1512 476 alios
1532 442 1686 487 Episcopi
1713 442 1976 484 Londoniensis‚
2016 454 2114 488 quem
2137 445 2251 484 Archi-

1326 491 1503 535 Episcopus
1524 493 1848 527 excommunicatum
1870 490 1991 534 habet,
2015 495 2051 529 δε
2071 493 2251 532 Cardinali-

1325 540 1385 575 bus
1405 541 1655 577 denunciaverat
1675 567 1690 584 ‚
1722 543 1908 588 Legatione
1936 543 2158 589 fungebantur
2175 570 2187 586 ,
2219 546 2254 582 R

1321 591 1398 634 quia
1420 593 1742 628 communicaverant
1760 594 2054 629 excommunicatis
2073 594 2159 638 ejus:
2196 596 2253 642 etsi

1325 641 1359 674 in
1382 642 1527 676 fraudem
1547 642 1732 685 Apostolici
1764 644 1912 679 mandati
1934 643 2120 679 viderentur
2148 645 2258 681 minus

1325 691 1535 733 prudentibus
1555 693 1714 728 absoluti.
1740 693 1820 728 Hoc
1840 694 1930 728 enim
1964 695 2096 729 tandem
2122 692 2158 729 dt
2182 703 2256 730 tan-

1324 739 1395 774 tum
1415 740 1588 777 incluserat
1608 744 1776 778 Dominus
1794 744 1900 788 Papa,
1924 753 1962 778 ut
1980 744 2003 778 si
2025 746 2126 780 essent
2148 745 2182 778 in
2203 754 2259 789 pe·

1324 789 1428 826 riculo
1440 790 1574 834 mortis,
1601 793 1842 828 absolverentur
1852 794 1994 838 praestito
2002 805 2078 830 ante
2098 795 2262 838 juramen-

1323 849 1382 880 to,
1407 841 1497 885 quod
1517 841 1634 878 starent
1660 842 1818 879 mandato
1838 844 1981 879 Domini
1992 845 2110 889 Papae,
2135 845 2156 877 si
2178 855 2259 879 con·

1323 890 1532 926 valescerent.
1565 892 1619 927 Illi
1638 904 1749 929 autem
1769 893 1954 929 simulantes
1975 894 2055 929 sein
2074 895 2189 929 mortis
2202 905 2257 937 pe-

1322 941 1428 975 riculo
1447 940 1669 984 constitutos,
1695 945 1772 987 quia
1790 943 1960 988 oportebat
1985 955 2043 980 eos
2059 955 2102 979 ex
2121 943 2258 979 mandas

1322 999 1359 1024 to
1381 990 1524 1027 Domini
1536 990 1639 1038 Regis
1658 1003 1748 1027 nunc
1767 995 1991 1035 transfretare,
2014 995 2153 1029 nuncin
2165 993 2258 1028 val·

1324 1039 1401 1074 liam
1425 1041 1602 1083 proficisci,
1639 1042 1659 1076 a
1691 1041 1836 1085 quodam
1859 1042 2023 1086 Episcopo
2044 1043 2215 1079 Guallensi
2242 1066 2256 1084 ,

1323 1089 1491 1132 utriusque
1513 1090 1591 1133 juris
1611 1093 1739 1134 prorsus
1755 1101 1810 1125 aut
1822 1090 1889 1126 fere
1910 1091 2050 1135 ignaro,
2074 1093 2257 1129 Lanelten-

1323 1140 1344 1173 fi
1366 1139 1513 1181 scilieet,
1538 1141 1596 1183 qui
1625 1141 1867 1175 Monasterium
1885 1139 2115 1182 Abendoniae,
2140 1141 2257 1185 utpote

1320 1189 1544 1232 quaesluosius,
1585 1200 1644 1233 pro
1666 1192 1866 1235 Episcopatu
1893 1201 2056 1235 receperat
2088 1190 2130 1226 de
2150 1201 2254 1227 manu

1322 1239 1424 1283 Regis
1437 1264 1447 1279 ,
1458 1238 1702 1276 absolutionem
1713 1242 1966 1284 impetraverunt
1978 1265 1985 1272 .
2015 1242 2058 1275 Et
2069 1252 2110 1276 ne
2119 1242 2260 1278 demam

1319 1288 1549 1323 datoDomini
1573 1289 1667 1332 Papae
1686 1291 1779 1332 possit
1798 1290 1921 1335 ambigi
1938 1314 1948 1330 ‚
1975 1290 2095 1326 litteras
2111 1291 2255 1335 Aposto-

1321 1338 1398 1373 licas
1423 1339 1510 1372 milit
1531 1338 1656 1373 Archi·
1669 1340 1850 1383 Episcopus
1871 1340 2029 1384 Legatis‚
2065 1339 2259 1385 quibus-‘di-

1320 1387 1424 1422 stricte
1445 1389 1676 1431 praecipiuntur.
1698 1390 1773 1424 illos
1800 1391 1842 1424 fic
1867 1390 2036 1425 absolutos
2055 1402 2210 1434 reponere
2219 1391 2259 1426 iu

1319 1438 1515 1472 anteriorem
1547 1439 1904 1476 excommunicationis
1931 1441 2127 1476 sententiam
2144 1465 2156 1481 ,
2180 1441 2256 1475 nisi

1321 1487 1524 1530 poffeffiones
1544 1486 1672 1522 Archi·
1687 1489 1840 1532 Episcopi
1860 1489 2061 1530 &suorum
2085 1490 2120 1525 δι
2141 1491 2258 1526 omnic

1319 1536 1426 1571 ablata
1447 1548 1525 1571 cum
1548 1538 1735 1582 integritate
1755 1537 1946 1574 restituant:
1974 1539 2098 1574 nullius
2119 1539 2259 1584 appella-

1320 1583 1422 1620 tionis
1442 1585 1612 1621 obstaculo
1624 1588 1858 1631 Apostolicum
1876 1588 1942 1623 hoc
1955 1590 2158 1633 impediente
2167 1595 2265 1624 man&

1319 1636 1452 1669 datum.
1479 1634 1683 1680 Receperant
1701 1638 1736 1671 δι
1755 1637 1836 1672 alias
1867 1638 1989 1672 litteras
2008 1649 2106 1679 aute,
2139 1639 2262 1683 quibus

1317 1685 1390 1727 juffi
1411 1685 1486 1723 sunt
1498 1696 1632 1729 operam
1644 1686 1744 1728 dare,
1769 1696 1807 1722 ut
1827 1698 1891 1731 pax
1909 1687 1952 1721 lic
1970 1688 2162 1723 reformetur
2173 1688 2258 1724 inter

1319 1730 1452 1779 Reges,
1479 1745 1521 1769 ne
1532 1736 1574 1769 de
1593 1737 1641 1781 eis
1658 1736 1811 1772 alteruter
1831 1737 1922 1779 queri
1947 1738 2040 1779 poffit
2052 1762 2064 1779 ,
2099 1738 2132 1773 ἀ
2150 1737 2260 1782 probis

1320 1782 1436 1817 bentur
1457 1783 1618 1828 Angliani
1640 1785 1792 1830 ingredi,
1820 1787 1870 1819 vel
1883 1787 1914 1819 se
1925 1786 2143 1822 intromittere
2153 1788 2195 1823 de
2204 1799 2259 1823 ne-

1318 1832 1419 1876 gotiis
1443 1831 1555 1876 Regni
1582 1843 1604 1874 ,*
1633 1834 1694 1868 nisi
1714 1835 1802 1878 prius
1819 1844 1883 1879 pax
1912 1835 2095 1878 pleniffima
2113 1836 2260 1873 Cantua⁴

1318 1881 1413 1916 rienfi
1435 1882 1736 1927 Archi-Episcopo
1761 1885 1859 1923 fuerit
1877 1885 2050 1920 reformata
2063 1911 2071 1917 .
2097 1887 2186 1921 Cum
2209 1898 2258 1923 ves

1317 1930 1355 1965 ro
1366 1931 1524 1975 Episcopi
1538 1932 1596 1968 suo
1610 1933 1645 1967 δε
1660 1934 1772 1979 Regni
1783 1933 1920 1970 nomine
1931 1935 2161 1979 appellassent,
2186 1938 2263 1980 qui<

1317 1981 1394 2015 darn
1406 1981 1555 2015 Clericus
1576 1982 1734 2018 Gaufredi
1746 1983 1988 2021 cantuariensis
1999 1985 2122 2021 Archi·
2134 1987 2257 2022 Diaco-

1319 2030 1353 2064 ni
1367 2030 1437 2064 vice
1452 2030 1594 2066 Domini
1617 2032 1667 2066 sui
1688 2033 1862 2081 appellavit
1877 2058 1890 2075 ,
1911 2035 1946 2070 &
1969 2046 2054 2071 unus
2074 2035 2265 2081 Monacbo-„t

1319 2091 1390 2115 rum
1414 2080 1717 2123 Cantuariensxum,
1743 2094 1810 2119 non
1830 2084 1871 2120 ad
1897 2083 1962 2120 hoc
1973 2094 2086 2122 tamen
2105 2086 2218 2123 misius
2233 2088 2255 2123 ὲ

1319 2130 1470 2167 fratribus
1488 2133 1575 2173 suis,
1605 2132 1659 2167 sed
1670 2144 1708 2169 ut
1718 2133 1821 2179 Regis
1830 2135 2040 2170 clementiam
2055 2135 2256 2180 imploraress

1319 2190 1361 2215 ne
1381 2182 1552 2217 scelerosus
1571 2181 1628 2218 ille
1646 2183 1842 2227 Radulphus
1863 2185 1905 2220 de
1918 2185 2028 2221 Brock
2050 2186 2085 2220 in
2097 2187 2256 2222 resMo-

1321 2229 1522 2271 nachomm,
1547 2243 1665 2268 motuo
1687 2233 1818 2276 Priore,
1859 2246 1996 2270 manum
2014 2236 2116 2280 posset
2147 2243 2277 2271 extene—

1317 2279 1406 2314 dere.
1437 2281 1756 2328 Archi-Episcopus
1776 2292 1885 2319 autem
1908 2286 2070 2330 rescripsit
2091 2286 2260 2322 Cardina-

1318 2328 1402 2363 libus
1422 2331 1453 2363 se
1480 2332 1580 2372 scire,
1604 2334 1638 2367 δε
1659 2334 1735 2368 illos
1756 2343 1825 2368 non
1839 2335 2011 2380 ignorare,
2039 2345 2197 2380 quatenus
2208 2337 2258 2372 eis

1317 2379 1451 2413 obedire
1470 2389 1658 2422 teneretun,
1696 2383 1730 2415 &
1751 2384 1908 2417 fastorum
1933 2408 1944 2423 ‚
1980 2385 2120 2419 authore
2143 2387 2219 2421 Deo
2242 2411 2258 2428 ,

1319 2429 1410 2473 quod
1422 2429 1570 2464 Ecclefiae
1582 2431 1648 2465 Dei
1662 2433 1791 2465 noverit
1814 2432 1968 2475 expedire
1977 2455 1986 2465 .
2015 2434 2160 2468 Nunciis
2172 2446 2256 2477 quo-

1316 2489 1381 2523 que
1391 2489 1525 2521 eorum,
1549 2480 1583 2514 δι
1605 2481 1662 2515 suo
1675 2481 1764 2524 plura
1777 2478 1880 2516 verbis
1901 2483 2096 2526 exponenda
2117 2485 2256 2519 commi-

1318 2530 1357 2563 fit
1369 2553 1381 2570 ,
1406 2530 1576 2574 increpans
1587 2541 1645 2564 eos
1657 2532 1689 2563 in
1704 2530 1847 2574 pluribus
1855 2542 1895 2565 ex
1907 2531 1998 2573 justis
2007 2533 2042 2567 δε
2052 2533 2251 2569 evidentiffi-

1319 2580 1380 2614 mis
1390 2580 1503 2614 cansiis
1513 2603 1521 2612 .
1548 2579 1693 2623 Rogavit
1705 2580 1805 2615 etiarn
1816 2579 1973 2616 attentius
1983 2605 1995 2622 ,
2015 2591 2051 2617 ut
2061 2581 2153 2624 juxta
2164 2594 2254 2618 man·

1319 2629 1431 2664 datum
1454 2630 1597 2664 Domini
1619 2625 1714 2672 Papae
1735 2632 2040 2666 excommunicatos
2059 2633 2135 2666 suos
2165 2643 2257 2678 urge-

1320 2690 1390 2714 rent
1403 2679 1443 2713 ad
1454 2679 1705 2715 satisfaeiionem
1716 2705 1728 2721 ‚
1753 2680 1804 2715 vel
1814 2682 1849 2716 in
1861 2680 2054 2716 sententiam
2066 2680 2254 2718 anathema-

1320 2730 1362 2763 tis
1381 2740 1588 2763 revocarent.
1615 2730 1689 2764 Nec
1708 2740 1803 2765 antea
1823 2730 1908 2765 credi
1925 2732 2029 2774 posset
2042 2756 2053 2770 ,
2078 2732 2167 2776 quod
2196 2733 2259 2768 Pa-

1323 2780 1438 2824 pienfis
1447 2780 1601 2816 facundia
1613 2779 1762 2825 Collegae
1772 2781 1817 2814 sui
1833 2781 1930 2815 fidem
1943 2780 2123 2818 subvertere
2134 2783 2256 2818 valeret

1321 2830 1380 2863 nisi
1394 2840 1482 2865 nunc
1494 2828 1668 2865 arundinea
1689 2830 1821 2865 levitate
1839 2831 1872 2864 δε
1893 2832 2098 2866 concavitate
2120 2833 2274 2878 flectere-¹

1321 2889 1376 2913 tur
1391 2880 1433 2913 ad
1443 2891 1555 2914 auram
1570 2881 1680 2919 venti,
1707 2891 1774 2913 non
1787 2879 2028 2919 incumbentis,
2053 2882 2105 2915 sed
2118 2881 2268 2916 commi-¹

1323 2929 1451 2969 nantis,
1477 2931 1594 2969 sonum
1615 2929 1812 2970 excitantis,
1838 2941 1906 2963 non
1928 2931 2058 2975 plagam
2081 2932 2255 2967 inferentis

1321 2988 1377 3014 aut
1398 2979 1518 3013 istum.
1546 2977 1712 3017 Fortasse,
1749 2978 1829 3014 ficut
1853 2977 2006 3014 hactenus
2025 2981 2217 3018 credebatur
2235 3006 2254 3022 .,

1323 3029 1452 3074 spiritus
1464 3028 1612 3064 hominis
1625 3038 1792 3072 promptus
1801 3028 1846 3063 est
1859 3053 1870 3069 ,
1896 3028 1950 3064 sed
1960 3030 2195 3073 deprehensum
2203 3030 2254 3069 est

1322 3089 1452 3115 carnem
1477 3080 1541 3114 esse
1559 3077 1738 3113 infirmam.
1764 3077 1855 3114 Nam
1867 3078 1909 3114 de
1935 3079 2140 3121 Wilhelmo,
2164 3078 2255 3126 quod

1322 3128 1363 3164 ab
1384 3129 1482 3163 initio
1493 3129 1650 3163 creditum
1662 3127 1729 3170 est,
1754 3140 1845 3164 nunc
1855 3129 2151 3165 clariuselucescit:
2175 3131 2254 3174 quia

1323 3179 1419 3224 quam
1440 3179 1670 3223 magnanimus
1691 3202 1702 3219 ‚
1737 3179 1836 3222 quam
1862 3178 1969 3215 fidelis
2000 3181 2038 3214 in
2069 3180 2175 3214 caussa
2197 3181 2261 3215 Ec-

1324 3229 1422 3264 clesiae
1442 3227 1602 3263 Romana:
1622 3236 1735 3264 coram
1770 3228 1942 3264 Frederico
1975 3229 2082 3273 Papiae
2101 3230 2255 3264 inventus

1324 3279 1369 3314 est
1385 3303 1396 3319 ,
1419 3278 1492 3312 talis
1514 3278 1549 3311 ἀ
1572 3287 1681 3312 tantus
1701 3279 1736 3313 in
1758 3279 1863 3313 caussa
1876 3278 2022 3314 Ecclesiae
2051 3279 2257 3324 Anglicanae,

1325 3331 1348 3363 si
1369 3330 1498 3365 licitum
1516 3328 1639 3369 fuerit,
1662 3327 1846 3364 invenietur
1871 3352 1883 3369 ,
1908 3330 2092 3372 praesidente
2114 3329 2162 3363 vel
2181 3328 2257 3363 affi-

1323 3380 1421 3414 dente
1442 3378 1611 3412 Hernico.
1639 3378 1692 3413 Ex
1702 3390 1771 3422 quo
1789 3377 1942 3413 Domino
1953 3378 2176 3414 Cantuariensi
2188 3388 2259 3420 per·

1324 3429 1447 3465 suasum
1461 3452 1474 3470 ,
1497 3427 1681 3464 utiliorum
1698 3428 1926 3466 Cardinalium
1940 3429 1991 3465 vel
2016 3430 2160 3511 alioruin?1
2165 3449 2178 3467 ι
2202 3426 2260 3470 qui

2081 3479 2130 3512 stu
2162 3485 2218 3510 um
