2358 3776
431 132 535 179 ‘218

367 229 425 262 per
438 215 575 260 gratiam
597 211 687 254 Dei,
713 212 830 248 avellet
844 212 862 247 ὲ
885 212 950 248 fide
962 213 1019 247 ista
1033 238 1041 246 .
1069 213 1151 248 Haec
1163 212 1207 247 est
1220 210 1311 245 enim

369 269 405 301 in
434 263 622 299 Christiano
642 263 809 307 justiffima
827 266 931 298 caussa
942 262 1032 297 exilii
1046 287 1056 303 ,
1084 275 1142 307 pro
1167 274 1230 307 qua
1245 272 1313 295 non

367 314 471 350 modo
484 313 698 349 substantiam
717 325 838 357 ponere
850 314 948 347 debet
957 337 969 352 ,
996 312 1048 346 sed
1060 314 1204 347 animam
1216 312 1314 345 suam.

367 366 439 409 Jam
463 364 552 399 enim
575 364 641 399 sola
674 364 830 406 iniquitas
849 362 1125 397 consuetudinum
1146 363 1181 397 δε
1213 358 1322 403 ωᾳυίἕ

365 424 416 450 tas
427 415 558 450 Divinae
569 413 720 459 Legisab
732 412 867 446 adverso
886 411 1097 456 confligunt,
1121 414 1155 447 δε
1179 414 1219 446 de
1242 422 1313 445 cau—

365 466 399 499 sa
420 463 603 508 pecuniaria
617 487 628 502 ‚
655 474 724 506 quar
750 471 831 496 tunc
862 461 994 505 quidem
1015 462 1222 497 simulabatur
1244 485 1255 502 ,
1280 463 1314 496 ὅ(

362 514 398 549 in
421 516 556 548 veritate
577 511 668 547 nulla
688 521 779 553 erat,
807 523 867 546 nec
893 511 1020 546 mentio
1044 511 1091 547 est
1106 530 1121 545 ι.
1149 512 1315 547 Adversus

366 563 432 598 haec
454 564 536 606 justa
552 561 672 607 fingit,
701 561 932 602 machinatur,
955 562 989 595 &
1011 561 1044 595 iu
1069 562 1152 605 pelle
1165 563 1314 606 vulpecu-

366 615 405 647 1ae
426 613 552 648 laborat
579 611 796 656 improbitas,
823 611 876 645 sed
900 611 1058 647 mentitur
1071 611 1312 655 -iniquitssfibi,

361 675 431 698 non
452 660 627 698 attendens
648 685 660 703 ,
686 674 751 698 aut.
768 662 970 697 diffimulans
990 686 1002 704 ,
1028 663 1189 706 quoniam
1207 662 1312 696 suavis

360 714 407 749 est
431 711 563 748 homini
587 714 681 757 panis
703 711 888 752 mendacii,
915 711 969 747 sed
994 722 1050 756 per
1060 724 1098 748 ea
1123 712 1311 757 implebitur

356 774 399 799 os
418 764 557 798 calculi.
583 763 648 797 Sed
674 764 825 807 profecto·
841 772 945 796 unum
968 762 1013 796 est
1037 787 1048 804 ,
1083 763 1173 806 quod
1195 760 1310 796 omnes

359 813 492 855 mirari,
521 815 626 848 immo
653 814 762 847 dolere
785 811 928 853 debent,
952 813 1032 850 „illos
1054 813 1204 847 videlicet
1225 814 1308 846 Can-

356 863 571 898 tuariensibus
592 863 743 898 exulibus
766 862 920 896 insultare
934 885 946 904 ,
972 874 1031 906 pro
1053 870 1192 905 quorum
1216 861 1306 896 liber-

357 923 425 949 tate
449 914 702 950 cantuarienses
737 912 778 947 ad
807 913 922 948 omnia
952 911 1138 947 discrimina
1173 912 1307 947 devove-

353 972 433 999 runt
448 987 455 996 .
480 964 534 998 Illi
548 976 606 1008 pro
628 962 802 998 communi
823 961 972 997 libertate
994 964 1158 998 versantur
1181 964 1215 996 in
1244 973 1308 996 tor-

353 1015 480 1055 culari,
504 1016 538 1048 &
562 1015 635 1058 quis
657 1013 781 1047 adstitit
803 1013 889 1048 illis?
928 1012 982 1046 Illi
1005 1014 1155 1059 satagunt
1179 1022 1216 1047 ut
1249 1010 1305 1046 hae-

351 1063 471 1097 reditas
495 1065 636 1098 Domini
663 1064 816 1097 liberetur
835 1063 858 1100 a
883 1063 1037 1099 servitute
1052 1089 1064 1105 ,
1103 1064 1137 1098 &
1158 1063 1199 1097 nd
1224 1062 1308 1097 ollas

354 1113 505 1146 carnium
528 1115 562 1148 &
585 1114 660 1148 allia
676 1113 1013 1158 AEgyptiorum'voto
1037 1123 1224 1154 recurrunt,
1250 1113 1307 1156 qui

349 1162 389 1196 in
409 1162 592 1197 libertatem
618 1165 750 1198 fuerant
769 1163 931 1198 educendi
951 1187 959 1196 .
986 1163 1122 1208 Utique
1141 1163 1309 1197 miserabi-

350 1212 450 1247 liores
465 1215 540 1248 sunt
553 1212 710 1248 omnibus
730 1213 886 1258 gentibus
899 1237 910 1254 ,
937 1214 960 1246 fi
975 1212 1029 1247 hic
1050 1213 1308 1257 proscribuntur,

349 1263 551 1307 affliguntur
564 1288 575 1304 ,
601 1265 636 1298 δε
660 1264 859 1307 deputantur
878 1262 1100 1307 cumimpiis,
1123 1263 1146 1295 fi
1160 1263 1308 1297 consola—

350 1313 483 1347 tionem
508 1313 526 1345 ὲ
547 1313 702 1346 Domino
727 1324 796 1346 non
814 1314 1018 1355 expectant,
1054 1314 1078 1346 si
1099 1311 1307 1346 exulantibus

348 1358 549 1397 'conscientia
574 1372 642 1395 non
658 1362 831 1405 respondet
845 1362 886 1395 ad
909 1363 1085 1402 meritum,
1113 1362 1136 1395 si
1157 1362 1192 1396 in
1207 1364 1305 1405 perse·

352 1413 549 1446 cutionibus
569 1412 712 1446 caussam
737 1423 804 1445 non
829 1411 952 1446 habent
974 1411 1142 1446 Christum
1163 1437 1173 1446 .
1213 1412 1309 1447 Deri-

346 1462 403 1495 det
424 1472 480 1495 eos
501 1461 672 1503 prudentia
697 1462 802 1494 carnis
829 1485 840 1500 ,
881 1472 951 1504 quae
974 1462 1016 1495 ab
1034 1472 1156 1496 eventu
1188 1462 1305 1496 merita

346 1511 484 1553 pensat,
511 1510 564 1543 sed
587 1512 680 1543 Deus
691 1509 881 1544 consolatur
891 1510 994 1545 cosin
1007 1509 1223 1545 tribulatione
1235 1513 1306 1552 sua,

345 1559 478 1594 tandem
503 1560 709 1603 responsurus
735 1559 769 1593 &
790 1559 856 1591 illis
879 1582 891 1599 ‚
941 1561 997 1602 qui
1021 1560 1150 1594 mundo
1186 1561 1307 1595 lenoci-

347 1621 493 1650 nantur,
520 1610 555 1644 &
579 1604 750 1644 cervicalia
778 1617 909 1651 ponunt
933 1608 994 1645 sub
1015 1609 1198 1653 capitibus,
1224 1611 1305 1643 uni·

347 1661 443 1694 vetsae
455 1661 583 1698 aetatis,
607 1660 642 1692 &
667 1658 853 1702 pulvinasia
876 1657 933 1692 sub
954 1660 1049 1693 omni
1069 1659 1207 1701 cubito,
1235 1670 1302 1694 ma-

345 1721 407 1746 nus
418 1709 703 1744 communicantes
716 1709 1014 1743 excommunicatis
1028 1733 1039 1749 ,
1065 1710 1169 1743 claves
1194 1709 1302 1744 Eccle-

346 1761 396 1792 siae
419 1758 563 1792 ludibrio
576 1756 754 1795 habentes,
783 1757 815 1789 δε
841 1767 991 1798 putantes
1011 1759 1137 1802 Legem
1159 1759 1225 1792 Dei
1252 1760 1300 1792 ni-

344 1808 398 1846 hil
422 1807 585 1842 aliudesse
596 1807 693 1847 quam
711 1805 804 1839 verba
819 1830 826 1838 .
853 1805 928 1840 Nos
941 1807 1071 1840 interim
1084 1809 1159 1841 Deo
1173 1808 1207 1840 in
1229 1819 1298 1841 om·

346 1858 442 1892 nibus
456 1858 518 1894 suis
543 1857 640 1890 do'nis
661 1855 780 1900 gratias
801 1856 949 1900 agimus,
986 1857 1022 1892 ἀ
1046 1849 1188 1890 maixime
1209 1857 1298 1901 quod

344 1906 409 1943 rins
431 1907 588 1952 dignatus
609 1906 654 1940 est
674 1905 813 1939 illorum
835 1917 974 1940 numero
996 1917 1170 1952 aggregare
1193 1931 1204 1947 ,
1241 1907 1298 1950 qui

346 1957 606 2006 persecutionem
622 1966 679 1999 pro
691 1955 811 1997 justitia
822 1957 991 1997 patiuntur
1004 1980 1012 1988 .
1041 1957 1248 1998 Suscepitnus
1259 1957 1299 1990 de

350 2018 454 2043 manu
470 2005 754 2043 Dominidulcia‚
782 2005 953 2049 dequibus
967 2004 1045 2048 saepe
1057 2006 1097 2039 ad
1123 2005 1299 2048 perniciem

348 2059 494 2092 nostram
507 2056 594 2091 abufi
611 2056 718 2089 sumus
731 2068 742 2088 .·
770 2055 960 2099 quare&ab
983 2055 1054 2099 ipso
1075 2054 1299 2099 aequanimiter

344 2107 564 2151 suscipiemus
596 2117 704 2139 amata
731 2105 771 2139 ad
794 2104 992 2139 medicinam
1014 2130 1025 2146 ,
1064 2105 1100 2139 in
1121 2105 1298 2149 profestum

343 2158 457 2193 salutis
482 2156 614 2191 nostrae.
645 2156 721 2190 Sive
747 2156 908 2197 vivimus,
936 2156 998 2189 five
1010 2155 1194 2196 morimur,
1230 2156 1301 2188 Do-

349 2209 436 2243 mini
452 2209 581 2246 sumus,
607 2216 643 2240 ut
657 2205 690 2241 id
712 2205 816 2239 solum
842 2206 907 2248 peti
927 2216 1077 2247 oporteat
1095 2205 1136 2239 ab
1159 2205 1275 2238 amicis
1290 2228 1300 2244 ,

346 2268 516 2301 quatenus
554 2257 647 2291 exilii
672 2255 773 2289 nostri
809 2255 974 2299 angustias
994 2254 1164 2287 sublevent
1182 2254 1300 2287 oratio-

349 2307 451 2343 nibus
476 2307 541 2340 suis
557 2329 567 2344 ‚
593 2316 629 2338 ut
644 2316 711 2338 non
735 2304 865 2337 deficiat
877 2303 957 2335 fides
977 2302 1086 2336 nostra
1100 2326 1112 2342 ,
1139 2303 1191 2336 sed
1204 2304 1245 2337 de
1257 2304 1299 2336 af·

349 2355 499 2391 flictione
521 2355 654 2388 salutern
667 2352 762 2385 nobis
777 2376 787 2390 ,
813 2353 845 2385 ὅ(
871 2351 1018 2386 Ecclefiae
1031 2353 1188 2396 pacem&
1200 2353 1297 2392 liber·

349 2407 452 2443 tatem
466 2402 716 2442 misericorditer
727 2412 876 2450 operetur
889 2425 895 2437 .

478 2503 893 2540 EPISTOLA
992 2507 1147 2542 LXIV.

432 2607 552 2641 Thomae
577 2605 789 2648 Cantuarienfi
806 2605 1078 2650 Archi-Episcopo
1095 2611 1236 2654 Joannes

707 2655 947 2699 saresberienfis.

455 2756 664 2795 oMANos
690 2756 805 2790 amicis
825 2756 919 2790 verba
931 2756 1007 2791 dare
1026 2757 1092 2800 iam
1116 2770 1215 2793 nemo
1240 2758 1298 2793 mi·

480 2817 569 2843 ratur
586 2832 593 2839 .
621 2805 713 2853 Qia
742 2807 923 2849 percelebre
945 2808 994 2842 estv
1014 2808 1048 2843 &
1069 2809 1215 2844 innotuit
1229 2809 1298 2843 uni-

354 2855 583 2902 verfis,·qu0d
604 2855 693 2901 apud·
713 2864 770 2890 eos
789 2858 950 2900 ‚Quantam
985 2857 1107 2902 quisque
1124 2858 1182 2902 sua
1216 2871 1298 2893 num-

355 2921 470 2943 morum
485 2908 595 2951 fundit
614 2906 654 2940 ab
676 2917 747 2939 arca
765 2925 794 2946 ,>
815 2908 934 2941 tantam
959 2908 1047 2942 babet
1071 2909 1194 2953 &fidei
1217 2934 1225 2942 .
1254 2909 1299 2944 Et

355 2961 548 3005 plerumque
560 2984 571 3000 ‚
595 2956 767 3000 obliquata
779 2966 888 2991 mente
899 2958 1027 3003 Legum
1038 2960 1070 2993 &
1082 2955 1260 2995 Canonum
1286 2983 1298 3000 ,

355 3011 414 3055 qui
437 3019 572 3043 munere
598 3006 787 3050 potiorest‚
815 3009 980 3049 potentior
994 3009 1180 3053 est&jure.
1208 3011 1244 3045 Si
1255 3021 1300 3044 er-

354 3072 400 3105 go
411 3060 458 3094 ibi
479 3059 657 3101 duplicitas
674 3056 853 3101 reperitur,
878 3056 963 3091 nihil
999 3061 1119 3095 accidit
1150 3060 1299 3103 inopina—

350 3118 428 3144 tum
443 3133 454 3149 ,
481 3108 555 3142 cum
567 3107 716 3152 frequens
727 3107 788 3148 fit,
813 3117 849 3140 ut
860 3106 984 3142 Divina
997 3108 1066 3142 Lex
1088 3109 1297 3153 dispendium

355 3154 530 3204 patiatur,
549 3158 606 3191 ubi
617 3156 826 3201 dispensandi
841 3156 1053 3191 neceffitatem
1079 3160 1176 3204 fingit
1197 3160 1300 3194 avari-

354 3210 400 3245 tia
414 3234 425 3249 ,
447 3209 523 3243 cum
545 3217 655 3242 tamen
677 3207 839 3252 aequitatis
850 3208 1050 3242 eversionem
1063 3209 1098 3242 ὅ(
1112 3209 1297 3245 honestatis

356 3259 538 3295 ludibrium
563 3257 732 3299 nunquam
764 3257 849 3290 ratio
872 3257 1058 3291 introducat
1078 3282 1085 3288 .
1124 3258 1299 3295 Verumta·

359 3321 459 3350 men,
489 3306 578 3343 unde
600 3307 721 3354 gratias
732 3307 855 3341 Deo&
877 3307 1028 3342 Domi-no
1047 3305 1163 3350 Papae,
1189 3307 1296 3345 adhuc

355 3359 438 3393 bene
461 3356 707 3401 nobiscum-agi
728 3357 844 3391 censeo
866 3380 876 3396 ,
904 3358 993 3400 quod
1017 3357 1064 3391 ada
1081 3367 1133 3391 tot
1149 3358 1184 3392 &
1204 3369 1295 3396 tanta

356 3410 501 3443 tonitrua
524 3407 825 3443 comminationum
841 3430 851 3446 ,
878 3406 920 3440 ad
941 3416 992 3441 tot
1005 3408 1211 3442 &tantarum
1225 3422 1296 3453 pro-

357 3456 545 3492 missionum
558 3455 754 3501 blanditias,
780 3456 820 3492 ad
834 3455 1005 3495 machinas
1013 3457 1263 3499 Bnlmitarum
1282 3485 1296 3504 ,

1319 523 1331 1146 f

1058 124 1609 174 EPISTOLAE

1375 222 1454 255 quas
1472 210 1698 246 subornatis&
1719 210 1887 252 exquisitis
1907 213 2085 251 mendaciis
2107 214 2149 250 ab
2169 214 2310 252 Oriente

1373 263 1474 306 usque
1499 262 1533 295 in
1554 261 1700 295 Siciliam
1711 259 1793 294 dolo
1810 258 2184 305 multiplici-erexerunt
2197 290 2208 307 ,
2243 277 2315 303 nou

1373 311 1515 349 omnino
1528 312 1642 346 stadius
1652 311 1697 345 est
1715 336 1725 351 ,
1753 311 1827 352 sed,
1855 321 1891 345 ut
1903 311 2063 354 arbitror,
2085 326 2188 352 aetem
2199 326 2315 353 eorum

1373 371 1438 397 arte
1465 372 1605 396 conatur
1623 362 1777 404 eludere,
1804 362 1838 395 δε
1860 362 2147 406 furorisimpetum
2165 369 2315 413 frangere

1373 412 1501 447 ratione
1510 436 1520 452 ,
1550 413 1584 446 ὃ(
1595 412 1751 456 sapientia
1764 412 1942 446 declinare.
1969 412 2097 448 Laudes
2111 423 2216 453 tamen
2229 418 2312 462 ejus,

1375 472 1471 505 prout
1483 463 1603 496 meruit
1614 488 1626 504 ‚
1652 463 1687 496 in
1701 463 1767 495 fine
1775 472 1892 496 canam
1904 487 1915 503 ,
1943 473 2002 496 nec
2014 461 2176 498 inchoatae
2184 468 2312 504 virtutis

1371 513 1519 556 auspiciis
1528 513 1758 553 exultabo,nisi
1773 512 2004 556 perseverantia
2014 514 2207 549 meritorum
2215 517 2314 554 finem

1373 562 1546 597 deduxerit
1562 563 1602 602 ad
1617 561 1839 606 triumphum.
1867 563 2002 597 Interim
2030 564 2108 598 vero
2129 565 2164 598 in
2190 576 2312 608 partem

1372 612 1539 647 meliorem
1561 614 1801 655 interpretanda
1833 614 1907 647 sunt
1928 613 2042 647 omnia
2083 638 2094 653 ,
2141 617 2314 658 praesertim

1371 673 1469 705 opera
1482 663 1587 697 Patris
1597 665 1631 698 δε
1646 660 1807 703 Domini,
1834 675 1903 707 quae
1915 675 1983 697 non
1997 663 2124 698 constat
2136 664 2170 699 in
2195 677 2316 709 perver-

1371 712 1459 747 sitate
1469 713 1617 747 criminis
1637 714 1820 747 contineri.
1848 713 1918 747 Hic
1929 725 2039 748 antem
2052 723 2131 756 puro
2144 715 2230 762 Regi
2245 737 2264 757 ,·
2279 718 2314 752 δε

1371 762 1421 795 illi
1435 774 1491 805 pro
1504 774 1568 807 quo
1583 763 1753 798 intercedit
1765 788 1775 804 ,
1788 763 1881 797 verba
1893 764 2001 807 potius
2013 764 2076 798 esse
2088 765 2162 800 data
2173 790 2186 806 ,
2214 765 2313 811 quam

1372 812 1488 853 vobis,
1512 823 1587 848 cum
1612 814 1646 847 in
1665 814 1781 848 litteris
1790 813 1833 847 ad
1848 825 1907 848 vos
1917 815 2090 849 destinatis
2104 840 2115 856 ,
2141 815 2213 860 post
2234 825 2316 852 con-

1369 862 1478 897 silium
1490 886 1502 903 ,
1529 863 1598 907 post
1610 865 1718 907 'preces
1732 865 1776 898 rei
1792 865 1915 898 summa
1935 860 1973 899 in>
1993 866 2102 900 vestrm
2124 866 2315 901 dilecstionia

1369 912 1538 947 arbitrium
1559 914 1761 949 conferatur.
1791 914 1835 947 Et
1860 923 1937 948 cum
1959 915 2138 950 relaxando
2161 915 2315 950 Domino

1366 962 1591 997 saresberiensi
1612 961 1719 998 adhuc
1743 974 1852 1007 preces
1873 964 1967 999 vobis
1988 965 2152 1010 porrigat,
2189 965 2314 1010 perspi-

1366 1015 1471 1047 !'uum
1480 1012 1547 1053 est,
1570 1013 1664 1058 quod
1686 1013 1880 1047 sententiam
1900 1014 2131 1050 Cardinalium
2143 1026 2199 1051 aut
2215 1017 2315 1060 igno-

1370 1062 1474 1103 ravit,
1496 1072 1556 1097 aut
1591 1073 1694 1097 ratam
1732 1060 1918 1097 habendam
1954 1065 2017 1098 esse
2040 1076 2108 1099 non
2120 1065 2241 1101 credit.
2268 1062 2314 1099 Et

1369 1112 1518 1155 quamvis
1537 1112 1665 1146 credam
1688 1135 1700 1152 ,
1736 1111 1826 1152 quod
1861 1110 2042 1156 Episcopus
2061 1125 2139 1149 ante
2169 1115 2312 1150 reditum

1372 1162 1581 1196 Nunciorum
1592 1163 1725 1196 suorum
1735 1158 1787 1195 his
1797 1161 1915 1196 litteris
1928 1172 1997 1196 non
2009 1171 2138 1204 utetur,
2163 1165 2221 1198 vek
2234 1164 2314 1209 quie

1370 1211 1437 1246 haec
1448 1213 1552 1246 forma
1564 1212 1692 1256 negotii
1704 1211 1792 1256 Regi
1803 1210 1990 1256 displicebit
2000 1237 2012 1254 ,
2038 1213 2090 1246 vel
2104 1212 2182 1257 quia
2194 1211 2315 1250 Anchi-

1370 1262 1515 1296 Diaconi
1526 1262 1664 1296 consilio
1677 1261 1805 1305 plenius
1816 1261 1974 1297 desiderat
1996 1262 2166 1297 informari
2178 1286 2189 1303 ‚
2221 1262 2247 1297 fi
2264 1272 2316 1298 n-

1367 1321 1442 1345 men
1456 1313 1503 1344 eis
1516 1311 1590 1344 usus
1603 1312 1700 1345 fuerit
1711 1334 1724 1351 ,
1749 1311 1849 1346 credo
1868 1311 2095 1347 indubitanter
2105 1335 2117 1351 ‚
2141 1312 2234 1356 quod
2251 1322 2315 1348 vos

1366 1361 1593 1405 exspestabitis
1617 1360 1757 1395 reditum
1773 1362 1985 1396 Nunciorum
1997 1362 2199 1403 vestrorum,
2224 1362 2313 1399 &ab

1368 1412 1461 1455 ipfis,
1485 1421 1654 1445 annuente
1674 1411 1851 1450 Domino,
1877 1412 2016 1447 audietis
2039 1413 2120 1457 quid
2147 1412 2274 1457 poffitis
2297 1437 2311 1455 ‚

1367 1471 1422 1495 aut
1434 1460 1513 1504 quid
1525 1459 1678 1502 expediat
1691 1484 1698 1491 .
1727 1460 1887 1494 Ceterum
1899 1462 2001 1496 nostis
2029 1473 2082 1498 me
2093 1463 2238 1501 Domini
2248 1463 2312 1499 &—

1366 1509 1566 1545 resberiensis
1585 1508 1603 1542 ὲ
1627 1508 1734 1542 multo
1755 1517 1902 1553 tempore
1921 1510 2133 1552 debitorem‚'
2160 1511 2198 1545 δε
2216 1513 2311 1547 Μ

1367 1561 1485 1600 novit,
1512 1558 1673 1603 quantum
1695 1558 1882 1594 infortunio
1894 1560 1961 1603 ejus
1980 1561 2182 1603 compatiar,
2220 1559 2314 1598 ideo·

1366 1620 1430 1653 que
1442 1608 1531 1652 quod
1557 1610 1679 1651 semper
1689 1609 1752 1642 feci
1762 1633 1773 1650 ,
1801 1610 1834 1643 ὃ(
1845 1609 1983 1645 authore
2004 1610 2159 1647 Domino
2171 1634 2184 1651 ‚
2210 1609 2322 1647 fastu·

1366 1670 1418 1693 rus
1433 1660 1500 1695 sum
1512 1682 1522 1698 ,
1533 1659 1626 1692 omni
1638 1658 1817 1693 devotione
1828 1659 1975 1702 supplico
1987 1684 1999 1701 ,
2024 1671 2063 1695 nt
2075 1661 2172 1704 ipsius
2184 1684 2196 1702 ‚
2209 1671 2312 1705 quan·

1365 1709 1435 1745 tum
1448 1709 1532 1743 salva
1543 1707 1714 1742 honestate
1729 1707 1876 1742 Ecclesiae
1884 1710 1921 1744 &¹
1931 1710 2030 1744 vestra
2051 1710 2225 1757 poteritis,
2237 1711 2311 1746 *mi-

1365 1760 1534 1793 sereamini
1550 1782 1561 1797 ,
1588 1769 1647 1792 nec
1658 1759 1675 1791 a
1689 1769 1741 1792 me
1755 1769 1901 1802 unquam
1911 1760 2003 1795 aliud
2012 1759 2188 1796 confilium
2199 1754 2311 1803 assi·-

1364 1809 1404 1841 tis
1415 1834 1422 1841 .
1451 1806 1539 1841 Cum
1551 1806 1601 1840 illi
1614 1807 1768 1840 redierint
1779 1828 1789 1846 ,
1815 1809 1873 1849 qui
1894 1808 2066 1844 hincinde
2078 1809 2223 1845 Romam
2237 1819 2311 1855 peo-

1362 1858 1438 1891 feffl
1453 1858 1527 1891 sunt
1538 1879 1550 1895 ‚
1576 1854 1711 1890 confido
1721 1854 1810 1898 quod
1823 1859 1916 1892 causa
1928 1857 2037 1895 nostre
2047 1855 2178 1904 plenius
2201 1858 2310 1896 eluce-

1363 1909 1428 1941 scet
1439 1929 1449 1946 ‚
1474 1907 1507 1940 &
1518 1905 1595 1940 Deo
1608 1905 1805 1949 propitiante
1817 1908 2045 1944 reformabitur
2056 1909 2092 1944 in
2103 1908 2312 1946 statum-me·-

1362 1956 1477 1991 liorem
1488 1981 1497 1989 .
1524 1955 1644 1990 Precor
1657 1966 1765 1990 autem
1778 1980 1789 1996 ,
1802 1966 1838 1990 ut
1851 1957 1950 2001 quam
1961 1959 2030 1993 cito
2043 1958 2199 1995 redierint
2209 1983 2221 2001 ‚
2244 1961 2309 1996 mi-

1362 2005 1398 2040 hi
1410 2016 1465 2049 per
1476 2016 1533 2039 vos
1545 2029 1557 2046 ,
1582 2006 1654 2048 quae
1664 2005 1827 2040 referenda
1837 2008 2009 2044 attulerint
2019 2033 2033 2052 ,
2059 2009 2280 2047 innotestat.
2293 2039 2297 2042 .

1513 2103 1924 2143 EPISTOLA
2025 2083 2158 2144 va.

1436 2306 1662 2344 ENEFICIA
1689 2308 1766 2353 saepe
1776 2307 2118 2344 conferunturinvitis
2133 2333 2146 2351 ,
2169 2306 2303 2351 dedum,

1458 2358 1515 2399 qui
1534 2359 1569 2392 in
1603 2360 1695 2392 suam
1728 2359 1902 2401 perniciem
1936 2369 2083 2403 properat
2105 2383 2117 2402 ,
2155 2369 2309 2396 revocare

1361 2405 1501 2440 charitas
1525 2408 1695 2440 consuevit
1710 2431 1717 2439 .
1745 2408 1848 2454 Qod
1862 2410 1989 2442 utinam
2014 2409 2088 2443 Rex
2112 2409 2305 2454 Anglorum

1362 2457 1568 2500 experiatur.
1597 2455 1774 2490 Debitores
1794 2457 1885 2490 enim
1910 2457 1941 2491 ei
1954 2458 2064 2491 sumus
2077 2481 2089 2498 ,
2113 2457 2149 2491 &
2165 2469 2305 2502 uterque

1362 2505 1509 2541 nostrum
1524 2530 1535 2546 ,
1562 2506 1583 2539 si
1601 2506 1670 2540 fieri
1687 2506 1806 2549 posset,
1831 2507 1861 2539 ei
1872 2505 1991 2548 debet,
2017 2519 2059 2541 ex
2079 2508 2194 2542 multis
2215 2508 2305 2544 caus·

1363 2557 1401 2590 sis
1415 2580 1426 2596 ,
1444 2567 1531 2601 >quas
1544 2557 1718 2590 enunciare
1729 2556 1867 2601 longum
1878 2555 1924 2589 est
1937 2579 1950 2595 ‚
1974 2566 2012 2590 ea
2022 2566 2093 2600 quae
2103 2556 2145 2591 aa
2164 2558 2304 2595 salutem

1364 2606 1526 2650 pertinent
1537 2607 1571 2640 ὰ
1594 2605 1776 2651 bonorem,
1801 2604 2046 2650 diligentissime
2055 2606 2250 2650 providere,
2267 2607 2303 2647 ἁ

1363 2656 1606 2700 quantumlibet
1622 2656 1853 2690 detrectantem
1874 2665 2023 2690 revocate
2045 2654 2088 2690 ab
2106 2655 2159 2690 his
2181 2681 2193 2699 ,
2229 2669 2303 2702 «με

1362 2705 1571 2750 dispendium
1594 2705 1705 2740 salutis
1715 2706 1871 2740 afferunt.
1897 2705 1985 2753 Qis
2003 2705 2094 2741 enim
2108 2716 2178 2740 non
2189 2707 2302 2743 doleat

1362 2766 1492 2792 tantum
1518 2755 1728 2801 Principem,
1753 2756 1788 2790 ὅ(
1812 2755 1958 2790 Ecclesia:
1987 2755 2054 2791 Dei
2073 2765 2144 2792 tam
2156 2754 2302 2794 nean·-

1362 2807 1471 2848 rium,
1497 2807 1583 2841 ineo
1596 2807 1733 2841 formnae
1742 2805 1871 2844 calculo
1892 2805 2055 2850 positum,
2079 2806 2302 2851 utimpellen-

1362 2867 1395 2892 te
1404 2857 1544 2892 consilio
1555 2856 1786 2900 reproborum,
1812 2856 1849 2890 in
1866 2856 2000 2891 suam&
2021 2854 2199 2891 liberorum
2219 2859 2301 2893 sw-

1354 2207 1387 2248 J
1390 2209 1480 2239 oanni
1498 2203 1687 2248 'PiHavienfi
1709 2204 1853 2251 Episcopo
1877 2211 2022 2255 Joaennes
2059 2208 2305 2252 Saresberlenfis.
2334 2199 2335 2203 Ἰ

1362 2918 1433 2942 rum
1443 2932 1455 2948 ,
1483 2908 1582 2952 quam
1595 2907 1686 2942 Deus
1697 2914 1820 2940 avertar
1830 2929 1842 2945 ,
1866 2905 2105 2940 subversionem
2119 2916 2208 2941 totus
2222 2918 2303 2952 pra·

1360 2968 1435 3001 ceps
1453 2967 1580 2992 currere
1600 2954 1748 2990 videatur
1765 2957 1778 2989 ?
1818 2954 1871 2989 Ex
1893 2966 1962 3000 quo
1993 2955 2172 2994 Ecclesiam
2192 2957 2266 2992 Dei>
2283 2969 2298 2999 ·,
2347 2971 2353 3004 ς

1359 3007 1449 3052 quod
1460 3008 1526 3042 fine
1541 3006 1655 3045 dolore
1673 3004 1708 3039 ἀ
1727 3005 1857 3050 gemitu
1880 3016 1941 3040 nec
1955 3004 2064 3041 dicere
2095 3017 2157 3042 nee
2175 3006 2298 3042 mmi-
2349 3006 2355 3046 ’ἶ

1359 3058 1440 3091 niffe
1451 3059 1600 3100 possum,
1626 3066 1741 3090 vexare
1760 3055 1860 3099 coepit
1882 3079 1894 3096 ,
1918 3056 1953 3091 δε
1975 3056 2169 3099 proscribere
2184 3056 2296 3092 ‘inno-
2344 3060 2355 3106 J·

1356 3117 1489 3149 centes,
1514 3106 1621 3141 statim
1633 3106 1792 3140 excitavit
1812 3105 1843 3140 ei
1862 3105 1956 3140 Deus
1976 3105 2087 3141 hostes
2110 3106 2257 3148 undique
2279 3130 2293 3148 ,
2344 3115 2347 3128 ³

1357 3158 1391 3193 &
1413 3154 1782 3196 tantam-vexationem,
1808 3167 1845 3190 ut
1866 3156 1922 3190 vix
1945 3157 2048 3192 sedari
2063 3154 2175 3199 -poffit
2202 3165 2296 3191 aetate

1358 3206 1484 3241 nostra.
1510 3207 1619 3240 Locus
1642 3204 1696 3240 hic
1719 3206 1818 3240 nimis
1834 3207 2030 3250 conspicuus
2051 3204 2121 3247 est,
2146 3205 2295 3251 undique

1357 3266 1470 3302 patens
1489 3257 1508 3291 a
1528 3255 1770 3296 Britannia-um
1787 3256 1939 3290 extremis
1963 3256 2084 3290 finibus
2117 3256 2227 3300 usque,
2249 3255 2294 3291 ad

1359 3307 1549 3343 novissimos
1569 3306 1725 3340 terminos
1737 3306 1919 3341 Galliarum
1933 3330 1940 3337 .
1968 3305 2107 3351 Ergoin
2117 3317 2159 3340 eo
2167 3303 2294 3341 diunius

1358 3356 1524 3394 immorari
1535 3366 1596 3390 nec
1619 3366 1750 3400 oportet
1775 3367 1836 3391 nec
1857 3355 2008 3399 expedit.
2037 3354 2295 3391 Frodoefflssle

1358 3405 1577 3442 schismaticus
1597 3407 1755 3450 insignis,
1779 3407 1860 3441 dum
1884 3406 1919 3439 in
1940 3405 2118 3440 Ecclesiam
2139 3403 2295 3446 malitio-

1363 3455 1642 3495 sius&crudelius
1666 3458 1750 3492 sevit
1763 3480 1776 3499 ,
1801 3456 1957 3492 faausest
1970 3457 2044 3492 Ex·
2054 3452 2292 3538 Aupssstus'&

2126 3514 2145 3538 e
2179 3513 2245 3548 per-

2355 3475 2358 3527 Ι

2347 3530 2358 3776 ll
