2358 3776
527 89 566 135 s.
603 83 907 134 THOMAE
942 76 1358 127 CANTUAR.
1384 70 1526 130 1113.
1563 87 1651 133 1v.

121 176 156 221 pi
167 198 178 215 ‚
204 173 419 212 &Proeeres,
441 170 598 206 &Plebes
610 170 774 214 utriusque
787 165 896 212 Regni
910 165 1050 209 loquun-

122 235 176 260 tur
186 249 198 266 ‚
208 257 214 260 Α
223 221 348 258 audiret
361 223 445 256 auris
456 222 554 257 vestra
566 247 577 263 ,
602 221 636 254 ὅ(
647 218 763 255 oculos
783 218 901 252 videret
915 214 1047 249 scanda-

123 275 192 310 lum
205 295 218 314 ‚
244 283 310 318 quo
321 273 438 316 repleta
460 272 506 306 est
532 271 675 306 Ecclesia
689 268 875 304 Gallicana.
903 263 996 316 Qid
1008 264 1047 298 de

121 328 236 358 eutero
248 334 314 357 non
327 322 464 366 sperabit
477 321 578 356 homo
590 321 647 355 ille
658 346 668 361 ‚
694 319 749 364 qui
761 329 816 363 per
839 316 988 352 homines
1002 315 1044 348 so·

120 373 162 407 lis
169 373 360 407 criminibus
373 397 385 414 ,
405 384 471 407 non
483 372 555 406 aliis
566 370 702 406 maculis
712 369 852 413 insignes
862 365 901 399 fic
913 366 1048 399 circum-

117 423 209 457 venit
231 421 386 458 habentes
407 423 531 457 clavem
553 422 694 455 scientiae
714 443 724 460 ‚
762 418 797 451 &
820 416 1049 472 dispensatores

119 472 279 516 aequitatis
289 472 440 507 subvertit
453 496 464 512 ,
490 472 522 506 δε
537 470 627 505 vanis
644 469 766 503 territat
786 476 1049 506 comminationi-

118 521 199 562 bus,
224 523 258 557 &
270 523 412 566 impellit
424 520 513 557 Sedis
523 520 718 564 Apostolicae
729 515 953 560 Maiestatem?
969 517 1047 549 Non

118 572 164 606 est
174 573 262 606 enim
274 572 433 612 dubium,
458 572 537 615 quin
561 582 617 604 vos
640 570 780 613 joannes
801 565 841 600 de
862 564 1050 599 oxeneford

120 621 305 666 deceperit,
330 620 462 666 impune
483 632 612 655 tamen.
641 620 683 653 Et
694 615 778 653 certe
789 616 893 660 primo
913 615 1051 672 decipit,

120 672 291 715 praesertim
305 673 338 706 in
351 683 382 706 re
393 682 484 706 tanta
495 695 506 711 ‚
533 668 782 704 incommodum
803 666 849 699 est
861 691 868 698 .
895 666 997 712 Quod
1009 665 1051 698 li-

117 720 171 755 cet
183 722 415 762 dissimuletur,
445 731 515 756 tota
531 730 624 754 aetate
648 718 755 752 nostra
775 727 849 750 cum
860 715 974 750 dolore
987 716 1053 748 sen-

119 772 181 804 tiet
195 772 339 807 Ecclesia
353 771 538 816 Anglicana
550 795 557 802 .
584 768 631 802 At
645 768 700 801 ifle
723 766 928 802 Venerabilis
942 763 1053 800 Abbas

118 814 343 864 &Augustini
358 846 368 860 ,
394 822 448 865 qui
464 819 628 864 quondam
648 815 833 854 Monachus
858 816 1016 860 fugitivus
1043 838 1054 869 3

118 869 154 903 δε
179 870 243 902 suis
262 870 565 904 excommunicatus
586 867 708 900 meritis
727 891 737 908 ,
766 867 966 906 Ecclesiam,
1001 876 1053 898 cui

118 929 210 953 nunc
223 919 352 962 praeest,
378 918 580 962 dilapidat&
604 916 768 957 incaestat,
792 916 826 950 &
850 917 907 950 alii
929 914 1054 949 Nuncii

116 967 323 1013 Regisnunc
333 968 466 1003 vestram
492 967 593 1013 longe
604 966 745 1002 deterius
764 967 959 1010 deceperunt
982 967 1054 998 san-

120 1017 265 1053 &itatem
279 1043 287 1052 .
315 1019 400 1054 Ecce
416 1020 505 1053 enim
518 1019 592 1052 Rex
603 1018 659 1052 ille
673 1042 684 1058 ‚
710 1017 768 1061 qui
789 1015 873 1051 nihil
896 1015 983 1049 aliud
998 1015 1053 1048 nisi

117 1078 261 1103 mortem
274 1068 408 1103 vestram
420 1068 573 1103 desiderat
584 1079 638 1102 aut
653 1068 792 1101 nostram
804 1092 814 1108 ,
841 1066 909 1100 voti
921 1075 1056 1108 compos

117 1119 246 1152 effectus
257 1119 302 1152 est
314 1143 325 1159 ,
351 1120 477 1161 sperans
489 1144 500 1160 ,
524 1119 613 1163 quod
626 1119 716 1152 Deus
726 1126 847 1159 avertat
860 1140 870 1156 ,
893 1115 951 1149 sub
964 1114 1056 1156 hujus

118 1166 291 1202 dilationis
312 1170 413 1203 trastu
434 1168 551 1203 horum
573 1168 708 1202 alterum
731 1176 925 1201 eventurum
946 1189 955 1197 .
994 1163 1055 1212 Sed

119 1217 264 1252 monetis
279 1242 289 1258 ,
318 1229 354 1252 ut
380 1219 510 1252 interim
530 1219 721 1262 patientiam
744 1216 919 1250 habeamus
939 1238 946 1245 .
975 1214 1054 1246 Non

120 1267 291 1302 attenditis
300 1291 311 1307 ,
337 1267 434 1302 Pater
445 1293 456 1308 ,
482 1267 548 1302 hoc
560 1272 684 1301 interim
697 1290 708 1305 ,
720 1267 816 1308 quam
828 1265 864 1298 sit
877 1262 1056 1318 dispendio-

118 1317 191 1352 sum
205 1316 354 1351 Ecclesiae
367 1341 376 1355 ,
388 1317 419 1350 ἀ
431 1326 590 1360 quantum
604 1314 710 1347 vestrae
721 1311 867 1346 detrahat
877 1311 1055 1344 honestati.

120 1364 259 1399 Interim
283 1364 495 1408 Episcopatus
514 1364 549 1399 ἀ
571 1362 730 1398 Abbatias
750 1371 902 1396 vacantes
928 1359 962 1394 in
987 1370 1055 1404 pro·

117 1414 208 1459 prios
218 1413 335 1449 abusus
345 1413 463 1459 redigit
475 1438 487 1456 ,
514 1414 620 1448 necin
633 1413 698 1447 illis
710 1413 829 1456 patitur
847 1410 990 1445 ordinati
1000 1410 1054 1443 Pa-

118 1463 222 1502 stores
234 1489 242 1496 .
270 1463 405 1497 Interim
418 1466 451 1498 in
465 1474 580 1498 omnes
591 1462 768 1497 Parocbias
779 1484 789 1500 ‚
816 1459 975 1495 Ecclesias
987 1484 997 1498 ‚
1024 1460 1057 1493 ὅ(

120 1513 198 1548 loca
212 1511 423 1554 venerabilia,
448 1514 483 1548 &
494 1524 602 1548 totum
616 1513 749 1547 Clerum
763 1509 962 1545 irrevocabili
974 1509 1058 1543 furo-

118 1561 399 1605 redebacchatur.
425 1551 561 1598 Inte’rim
583 1573 651 1597 tam
666 1564 751 1605 ipse,
777 1562 876 1605 quam
888 1559 943 1594 alii
959 1559 1058 1603 perse-

119 1623 252 1648 cutores
265 1613 410 1648 Ecclesiae
422 1614 549 1648 licitum
560 1622 729 1657 coaequant
754 1611 851 1646 libito
864 1636 872 1645 .
905 1609 992 1657 Qis
1012 1610 1059 1642 in-

119 1663 216 1697 terim
227 1663 350 1697 Ovium
375 1661 493 1698 Christi
517 1674 628 1698 curam
638 1673 727 1708 geret
739 1686 751 1702 ,
776 1662 810 1695 δε
821 1672 873 1696 eas
884 1658 1029 1695 excutiet
1040 1660 1058 1692 a

121 1712 271 1747 faucibus
292 1713 466 1756 luporum,
492 1715 548 1757 qui
572 1713 636 1756 jam
659 1724 727 1748 non
752 1713 979 1750 circumeunt,
1005 1709 1058 1743 sed

120 1762 231 1806 caulas
241 1764 324 1806 ipsas
339 1762 468 1807 ingreffi
483 1763 634 1797 mordent
643 1786 656 1803 ,
682 1763 824 1795 lacerant
836 1785 849 1800 ,
860 1761 894 1793 ὅ(
904 1758 1061 1814 occidunt

122 1809 259 1846 demine
270 1813 463 1845 reclamante
473 1812 491 1844 ἓ
516 1811 582 1845 Cui
594 1811 684 1844 enim
697 1810 866 1843 Pastorum
880 1819 947 1841 non
962 1817 1060 1851 praeri-

120 1860 234 1906 puistis
244 1862 379 1897 vocem?
404 1860 491 1905 Quis
505 1861 740 1904 Episcoporum
754 1871 820 1893 non
840 1858 886 1892 est
901 1858 933 1891 in
952 1856 1060 1891 nostra

120 1912 330 1955 suspensione
350 1912 512 1955 suspensus
531 1912 544 1944 2
572 1910 662 1944 Nam
685 1910 762 1943 sicut
786 1909 852 1942 fine
872 1908 1024 1949 exemplo
1050 1931 1062 1946 ,

120 1961 287 1996 ita&fine
300 1962 418 1997 merito
440 1963 519 1996 facta
538 1960 607 1999 est,
633 1960 668 1993 ὅ(
690 1969 757 1993 tam
781 1958 830 1992 illi
845 1982 855 1998 ,
880 1957 976 2000 quam
993 1956 1062 1989 aliis

122 2010 333 2055 Principibus
344 2035 356 2052 ,
382 2013 416 2045 ὅ(
428 2010 532 2045 vestro
544 2020 710 2052 tempore,
735 2009 769 2042 δι
783 2009 852 2050 post
864 2007 932 2040 dies
948 2006 1064 2039 vestros

123 2060 279 2104 praebebit
288 2061 460 2096 audaciam
471 2058 689 2095 conculcandi
704 2056 876 2092 Ecclesiam
889 2081 900 2096 ,
928 2056 1061 2099 proscri-

124 2108 223 2146 bendi
250 2110 466 2151 innocentes,
492 2108 714 2144 denunciandi
739 2108 928 2142 inimicitias
948 2104 1064 2139 Eccle-

125 2160 176 2194 siae
188 2160 349 2196 Romanae
362 2185 373 2202 ,
384 2162 441 2195 nisi
453 2161 664 2195 connivendo
677 2158 724 2192 vel
736 2154 965 2192 dissimulando
977 2166 1065 2188 com-

124 2212 294 2251 municet,
320 2210 596 2245 &authoritatem
620 2209 742 2253 praestet
769 2206 997 2250 iniquitatibus
1013 2216 1064 2239 eo-

126 2270 198 2293 rum
212 2285 219 2292 .
248 2261 335 2294 Ecce
347 2272 407 2304 prae
419 2259 567 2294 manibus
592 2258 713 2293 habent
738 2258 847 2292 vestrae
859 2257 1063 2300 dispensatio·

126 2312 179 2344 nis
189 2310 378 2353 exemplum
389 2334 402 2351 ,
428 2322 488 2344 nec
498 2310 634 2344 dubium
646 2309 690 2343 est
706 2333 716 2348 ‚
743 2307 824 2351 quin
851 2318 918 2341 tam
931 2305 970 2339 ab
984 2306 1065 2348 ipso,

127 2360 227 2402 quam
246 2361 264 2394 a
287 2359 428 2395 Posteris
445 2360 535 2403 ejus,
564 2359 621 2393 nisi
647 2358 743 2392 citius
763 2367 911 2391 occurrat
936 2357 1064 2389 dextera

130 2409 252 2450 vestra,
278 2408 419 2444 trahatur
430 2410 471 2444 ad
483 2408 750 2450 consequentiam
763 2431 774 2446 ,
790 2407 827 2440 ἀ
849 2406 936 2450 quasi
950 2407 982 2439 in
998 2406 1064 2448 pri-

128 2460 286 2503 vilegium
298 2459 465 2504 redigatur
477 2483 488 2499 ,
513 2469 549 2493 ut
563 2469 620 2502 pro
637 2468 848 2501 quocumque
874 2456 991 2490 scelere
1006 2467 1064 2489 nec

126 2509 162 2542 in
176 2508 325 2552 Regem,
351 2521 412 2542 nec
433 2511 467 2542 in
478 2510 627 2552 personas
647 2507 784 2552 Regni,
812 2518 871 2540 nec
898 2508 1061 2540 interram

127 2557 223 2592 liceat
233 2558 586 2592 excommunicationis
598 2568 653 2592 aut
666 2556 829 2592 interdicti
840 2557 907 2591 fine
918 2555 1063 2589 authori-

128 2617 195 2643 tate
217 2607 308 2641 Sedis
329 2607 527 2651 Apostolicae
547 2608 753 2651 promulgare
771 2606 964 2641 sententiam
984 2630 991 2638 .
1020 2605 1063 2639 Et

129 2657 276 2702 profecto
285 2658 325 2692 fic
339 2658 483 2701 processu
501 2657 658 2700 temporis
681 2656 799 2699 poterit
817 2655 858 2688 ab
881 2654 945 2689 hoc
959 2666 1063 2689 exem·

131 2707 190 2751 plo
211 2707 334 2743 malitia
367 2708 588 2743 convalescere
607 2731 618 2747 ,
656 2715 693 2739 ut
713 2716 773 2739 nec
798 2704 863 2749 ipse
888 2703 1062 2739 Romanus

130 2757 289 2792 Pontifex
301 2759 335 2792 in
347 2768 419 2793 toto
436 2758 556 2802 Regno
568 2755 713 2791 inveniat
726 2779 737 2796 ,
762 2756 819 2799 qui
830 2753 859 2787 ei
871 2765 984 2788 contra
999 2754 1064 2789 Re-

131 2817 206 2852 gem
218 2817 274 2842 aut
283 2808 450 2854 Principes
461 2809 537 2842 velit
549 2818 604 2842 aut
615 2805 730 2840 audeat
749 2804 881 2838 obedire
891 2829 898 2836 .
925 2804 1005 2839 Hoc
1017 2804 1061 2838 est

132 2857 221 2892 enim
234 2859 323 2901 quod
336 2860 446 2903 agitur
458 2858 590 2896 abillis,
618 2856 682 2890 hoc
692 2855 736 2889 est
752 2856 841 2898 quod
855 2855 965 2889 nostro
983 2866 1062 2889 cau-

133 2907 201 2941 sam
212 2906 301 2943 dedit
313 2909 415 2943 exilio
426 2932 434 2941 .
462 2908 535 2942 Nec
542 2908 630 2942 enim
643 2907 685 2940 est
700 2930 711 2946 ,
738 2906 816 2939 ficut
827 2904 983 2948 quosdam
995 2906 1061 2939 Do-

134 2956 246 2990 minos
268 2959 396 2993 nostros
414 2982 425 2998 ,
474 2960 584 2992 fratres
605 2958 725 2991 vestros
752 2956 850 2989 audio
872 2956 1025 2989 susurrare
1052 2980 1063 2995 ,

131 3004 225 3049 quod
245 3006 328 3040 mihi
353 3008 503 3052 imputari
527 3008 642 3042 debeat
665 3007 862 3040 visitationes
897 3006 1029 3050 Angliae
1052 3029 1062 3045 ,

134 3067 206 3101 quae
217 3056 415 3091 decessorum
426 3058 602 3092 vestrorum
626 3067 770 3099 tempore
792 3054 935 3090 solebant
955 3056 1023 3089 fieri
1052 3079 1063 3095 ,

134 3106 303 3141 vobisesse
317 3106 505 3142 subtractas.
533 3105 620 3141 Mihi
643 3107 771 3149 potius,
796 3108 828 3139 ὃ(
853 3105 975 3140 Christi
989 3116 1063 3149 pau-

135 3155 279 3199 petibus,
311 3158 344 3191 ἃ
370 3156 574 3191 Coexulibus
594 3158 782 3192 meisfuerat
803 3156 1027 3200 imputandum
1054 3178 1063 3193 ²

135 3206 226 3249 quod
239 3207 334 3241 vobis
355 3205 479 3250 aliquid
501 3209 690 3240 reservatum
703 3208 747 3240 est
771 3207 894 3240 interra
907 3206 977 3240 illa.
1007 3207 1063 3239 Le-

137 3265 234 3300 gatur
247 3280 259 3296 ,
277 3257 299 3289 si
312 3256 414 3299 placet
425 3281 436 3297 ,
463 3256 590 3290 libellus
599 3255 836 3300 reprobatarum
855 3255 1063 3291 consuetudi·

136 3317 238 3344 num,
263 3316 340 3348 quas
361 3315 476 3341 contra
502 3306 672 3340 Ecclesiam
694 3307 842 3341 vendicat
865 3331 876 3347 ,
909 3307 940 3340 ὅ(
966 3305 1063 3338 nostri

139 3356 230 3390 exilii
242 3357 336 3389 causa
348 3357 421 3390 sunt
433 3380 442 3395 ‚
470 3357 502 3390 δι’
516 3356 609 3399 plane
622 3357 789 3398 videbitis,
827 3357 997 3400 quomodo
1012 3366 1066 3387 an·
1090 3387 1093 3390 .

137 3406 268 3452 tequam
292 3406 583 3449 proclamaremus,
620 3406 852 3449 appellantium
876 3407 916 3441 ad
938 3418 995 3441 vos
1009 3415 1064 3439 ora

235 3454 338 3496 Christ.
355 3460 433 3500 Lupi
447 3461 543 3498 Opera
555 3459 632 3488 Tam.
650 3458 689 3489 X.

1132 1957 1223 1990 vobis
1239 1956 1373 1991 historia
1387 1967 1464 1990 nota
1475 1958 1519 1991 est
1536 1983 1542 1990 .
1565 1959 1608 1992 Et
1621 1971 1700 2003 quas
1711 1960 1834 1995 litteras
1847 1962 2070 2006 impetraverit

1130 2016 1210 2040 tunc
1224 2030 1234 2046 ,
1249 2007 1304 2049 qui
1319 2018 1407 2040 nunc
1423 2007 1631 2042 Eboracensis
1644 2011 1687 2044 est
1699 2035 1710 2051 ,
1732 2011 1765 2044 ὅ(
1779 2012 1956 2047 Ecclesiam
1970 2015 2074 2057 perse·

1131 2067 1231 2097 quens
1242 2068 1317 2090 cum
1330 2057 1422 2102 Rege
1434 2057 1493 2092 illo
1509 2069 1627 2093 nomen
1641 2071 1750 2095 meum
1761 2085 1772 2100 ‚
1793 2063 1897 2096 immo
1911 2064 2072 2097 Ecclesia-

1132 2107 1242 2140 sticam
1256 2106 1436 2141 libertatem
1449 2117 1588 2143 conatur
1598 2110 1798 2156 extinguere.
1810 2112 1973 2157 Nunquid
1985 2124 2072 2148 eram

1115 160 1304 208 praecluserit
1316 185 1328 202 ,
1356 164 1526 206 quomodo
1545 164 1610 199 fine
1630 166 1780 208 juratoria
1800 173 1952 208 cautione
1971 173 2044 208 Per-

1115 214 1208 248 sona's
1229 211 1465 247 Ecclefiasticas
1484 215 1689 250 transfretare
1709 221 1932 264 prohibuerit,
1959 234 2045 267 quo-

1116 261 1218 298 modo
1235 262 1439 297 suffocaverit
1461 263 1659 298 elestionum
1679 265 1745 307 jura
1759 292 1769 308 ,
1788 260 1962 314 'quomoda
1972 285 2043 307 om.

1117 310 1295 353 niajudicia
1307 337 1318 353 ,
1344 322 1410 346 tam
1424 313 1644 348 Ecclesiastica
1656 315 1753 356 quam
1773 324 1934 358 mundana
1947 348 1958 364 ,
1986 335 2047 357 tm.

1116 362 1199 398 xerit
1221 362 1262 396 ad
1288 373 1426 397 examen
1451 364 1556 398 Curiae
1578 366 1659 405 suae,
1686 368 1854 408 quomodo
1874 373 1907 404 in
1922 374 2044 407 eisdem

1115 412 1406 448 consuetudinibus
1425 425 1559 448 omnem
1584 414 1838 451 Ecclesiasticam
1855 417 2046 462 jugulaverit

1116 462 1294 497 libertatem
1307 488 1314 496 .
1342 464 1427 509 Qis
1450 465 1551 498 vestro
1572 475 1626 499 aut
1646 464 1846 500 decessorum
1869 467 2043 505 vestrorum

1116 521 1260 556 tempore
1276 515 1440 557 appellans
1450 513 1491 547 ad
1510 514 1688 548 Ecclefiam
1709 516 1900 550 Romanam
1925 527 2016 561 prece
2040 543 2051 559 ,

1118 563 1167 596 vel
1179 563 1283 606 pretio
1295 588 1307 604 ,
1333 563 1384 598 vel
1394 563 1463 606 jure
1474 573 1588 599 contra
1610 575 1686 598 eum
1707 564 1860 607 justitiam
1873 568 1981 610 potuit
1994 564 2052 600 ob-

1118 614 1248 647 tinere?
1275 613 1542 657 Appellationem
1577 613 1750 650 decefforis
1786 617 1835 650 sui
1862 616 1923 652 luit
1945 615 2053 651 adhuc

1121 663 1315 696 Exoniensis
1328 664 1526 707 Episcopus,
1556 664 1729 699 Ecciefiam
1752 666 1793 699 de
1814 665 1975 700 Boseham
1989 668 2054 701 suas

1122 713 1268 746 Ecclefiae
1280 724 1393 747 contra
1404 725 1538 748 omnem
1551 714 1706 758 justitiam
1718 715 1906 750 subtractam
1918 716 2051 751 dolens.

1119 762 1363 796 saresberiensis
1375 764 1574 808 Episcopus,
1599 765 1652 799 cui
1677 766 1707 799 se
1728 776 1816 799 nunc
1836 767 1946 802 favere
1966 766 2054 801 diffi-

1120 813 1223 847 mulat
1234 822 1362 856 propter
1373 814 1537 848 violentiae
1559 816 1705 855 crimen}
1735 815 1887 849 Castrum
1905 817 1946 850 de
1962 817 2057 851 Divi-

1121 863 1165 896 ses
1176 862 1298 897 &alias
1311 863 1515 907 possessiones
1532 864 1748 900 Ecclefiaesuae
1760 866 1877 900 multas
1896 867 2018 901 amittit
2047 891 2058 907 ,

1120 914 1195 956 quia
1218 913 1319 956 ipsum
1342 911 1381 946 ad
1414 915 1598 949 faciendam
1618 916 1858 950 restitutionem
1881 916 2056 959 juramenti

1124 963 1301 1008 Religione
1313 964 1468 998 aristarum
1481 964 1693 1000 Decefforum
1705 967 1880 1000 vestrorum
1893 966 2058 1001 Anastafii

1121 1012 1155 1046 ἀ
1176 1012 1315 1047 Adriani
1339 1013 1454 1048 litteris
1475 1016 1568 1049 ausus
1589 1016 1632 1049 est
1653 1017 1850 1051 convenire.
1880 1017 1961 1051 Non
1975 1016 2060 1050 suffi-

1123 1063 1186 1096 ciet
1198 1063 1290 1104 dics,
1318 1063 1339 1096 fi
1359 1064 1494 1099 voluero
1515 1066 1653 1107 similia,
1681 1078 1751 1110 quae
1773 1079 1889 1101 contra
1917 1067 2059 1112 singulas

1125 1113 1279 1147 Ecclesias
1291 1113 1401 1158 Regni
1419 1116 1609 1159 praesumpta
1631 1118 1705 1151 sunt
1718 1141 1729 1157 ,
1757 1129 1957 1160 percurrere,
1981 1127 2057 1150 cum

1124 1164 1195 1196 aliis
1206 1162 1271 1196 hoc
1284 1164 1385 1198 modo
1396 1165 1603 1208 poffeffiones
1616 1167 1730 1201 ablatae
1742 1168 1802 1202 sint
1813 1193 1823 1209 ‚
1850 1168 1884 1202 &
1896 1168 2052 1202 omnibus

1125 1213 1157 1245 in
1180 1223 1358 1247 commune
1373 1225 1534 1257 perempta
1560 1216 1706 1258 libertas,
1735 1228 1770 1251 ut
1793 1230 1853 1252 nec
1868 1220 1936 1261 spes
1950 1216 2064 1250 libera-

1124 1262 1227 1295 tionis
1241 1262 1338 1295 alicui
1352 1263 1460 1297 relicta
1470 1265 1508 1297 sit
1520 1290 1527 1296 .
1557 1266 1722 1308 Legatur,
1749 1267 1883 1310 inquam
1895 1292 1906 1307 ,
1924 1269 2003 1301 Deo
2014 1276 2064 1299 re-

1124 1309 1243 1353 probus
1264 1310 1320 1343 ille
1342 1311 1491 1352 libellus,
1517 1313 1552 1345 &
1575 1313 1707 1347 videant
1726 1314 1871 1348 Domini
1885 1316 1984 1349 nostri
1997 1317 2064 1349 fau-

1124 1369 1208 1394 tores
1231 1359 1358 1405 Regis,
1387 1361 1467 1404 quid
1492 1361 1678 1407 privilegii,
1703 1373 1773 1406 quae
1796 1365 2005 1410 praerogativa
2019 1376 2066 1398 r&

1125 1411 1260 1443 servetur
1280 1411 1326 1444 eis
1349 1409 1382 1443 in
1405 1421 1489 1445 terra
1513 1411 1598 1453 ejus.
1627 1412 1690 1446 Sed
1702 1413 1817 1447 dicunt
1829 1415 1964 1448 fortasse
1982 1416 2063 1449 odio

1127 1460 1272 1493 nominis
1292 1460 1356 1492 mei
1377 1460 1561 1494 confectum
1588 1463 1651 1495 esse
1672 1460 1819 1496 libellum
1834 1489 1841 1495 .
1869 1464 1917 1497 At
1927 1464 2012 1498 certe
2023 1463 2066 1497 ab

1127 1509 1224 1542 initio
1245 1510 1394 1552 susceptae
1418 1509 1583 1553 potestatis
1607 1510 1791 1546 libertatem
1815 1514 1963 1547 Ecclefiae
1975 1513 2064 1556 quasi

1125 1560 1192 1602 jure
1203 1558 1409 1592 haereditario
1421 1560 1619 1604 persequitur
1633 1586 1640 1593 .
1652 1561 1816 1606 Nunquid
1830 1575 1916 1598 eram
1930 1565 2066 1607 Episco-

1128 1620 1203 1652 pus,
1230 1609 1362 1652 quando
1375 1608 1472 1643 Pater
1482 1610 1551 1653 ejus
1564 1611 1718 1646 Nuncios
1739 1611 1827 1647 beati
1848 1613 1993 1659 Eugenii
2006 1626 2067 1649 ter-

1128 1671 1194 1693 ram
1208 1660 1634 1703 suamintrareprohibuit?
1661 1662 1822 1706 Nunquid
1844 1676 1932 1698 eram
1950 1664 2069 1699 Archi-

1129 1709 1325 1752 Episcopus,
1353 1710 1488 1751 quando
1500 1710 1680 1752 Gregorius
1697 1712 1727 1743 S.
1742 1712 1867 1755 Angeli
1893 1715 2064 1747 Diaconus

1129 1758 1334 1797 Cardinalis,
1362 1758 1574 1800 tyrannidem
1588 1757 1683 1801 hujus
1696 1761 1864 1804 previdens
1877 1788 1886 1803 ,
1918 1765 2070 1807 persuasit

1130 1808 1280 1842 Domino
1295 1808 1447 1852 Eugenio
1460 1833 1469 1850 ,
1493 1817 1529 1841 ut
1543 1808 1755 1844 Eustachium
1771 1812 1875 1846 filium
1889 1813 1992 1857 Regis
2005 1814 2073 1847 Ste—

1131 1856 1228 1899 phani
1249 1858 1399 1892 coronari
1412 1869 1480 1892 non
1494 1860 1710 1902 permitteret,
1721 1860 1832 1896 dicens
1844 1862 1974 1896 facilius
1985 1865 2072 1906 posse

1130 1908 1231 1941 teneri
1248 1909 1379 1941 arietem
1392 1918 1446 1951 per
1456 1919 1591 1948 cornua,
1603 1910 1700 1953 quarn
1714 1910 1816 1944 cauda
1830 1911 1980 1946 leonem?
1993 1913 2070 1956 Hec

1128 2156 1451 2201 Archi-Episcopus,
1472 2159 1607 2203 quando
1619 2161 1694 2195 Rex
1706 2162 1751 2196 ob
1763 2162 1916 2206 injuriam
1930 2164 2072 2208 appella·

1132 2207 1233 2240 tionis
1245 2207 1420 2242 Ecclesiam
1442 2208 1483 2243 de
1505 2209 1665 2244 Boseham
1688 2212 1722 2246 in
1747 2212 1948 2258 Episcopum
1965 2215 2074 2248 Lexo-

1133 2256 1274 2289 viensem
1287 2258 1471 2297 transtulit,
1501 2260 1556 2302 qui
1570 2271 1641 2294 eam
1659 2262 1882 2298 Grammatica
1895 2266 1949 2298 sua
1962 2264 1994 2297 &
2005 2273 2073 2297 arte

1134 2305 1310 2348 placitandi
1340 2316 1455 2340 contra
1498 2307 1655 2349 justitiam
1689 2313 1885 2346 Exoniensis
1921 2313 2071 2347 Ecclesiae

1133 2357 1297 2390 tueretur?
1323 2356 1383 2390 Sed
1398 2357 1431 2390 &
1455 2356 1662 2393 Cicestrensis
1677 2359 1856 2406 Episcopus
1867 2363 1946 2406 quid
1969 2365 2070 2406 prose-

1132 2408 1178 2440 cit
1203 2405 1352 2440 adversus
1382 2406 1545 2441 Abbatem
1574 2408 1614 2442 de
1641 2410 1735 2442 Bello
1758 2434 1768 2448 ‚
1801 2412 1857 2453 qui
1890 2413 2070 2456 privilegiis

1134 2455 1334 2500 Apostolicis
1360 2458 1478 2496 fretus,
1505 2457 1579 2490 cum
1607 2469 1643 2491 ea
1672 2459 1866 2493 nominasset
1894 2462 1926 2493 in
1956 2461 2069 2501 Curia,

1131 2507 1165 2541 δι
1178 2506 1342 2541 Abbatem
1358 2506 1580 2541 denunciasset
1592 2509 1917 2543 excommunicatum
1931 2534 1941 2549 ‚
1960 2511 2066 2545 eidem

1133 2558 1167 2590 in
1189 2556 1376 2591 continenti
1393 2567 1503 2590 coram
1527 2556 1682 2590 omnibus
1703 2561 1947 2595 communicare
1970 2573 2067 2596 com-

1132 2606 1241 2651 pulsus
1262 2607 1307 2640 est
1331 2608 1396 2640 sine
1418 2605 1511 2639 omni
1537 2605 1763 2649 absolutione,
1788 2610 1820 2643 δε
1839 2622 1913 2644 eum
1927 2613 2068 2655 recipere

1133 2658 1167 2690 in
1194 2658 1307 2691 osculo
1335 2656 1421 2698 pacis
1442 2657 1455 2688 ?
1481 2657 1534 2689 Sic
1559 2657 1648 2691 enim
1677 2658 1796 2700 placuit
1824 2661 1908 2705 Regi
1935 2662 1970 2696 δε
1992 2663 2066 2696 Cu-

1133 2707 1204 2748 riae,
1232 2718 1300 2751 quae
1326 2708 1355 2738 ei
1384 2706 1419 2738 in
1448 2705 1540 2740 nullo
1567 2708 1788 2743 contradicere
1814 2712 1954 2746 audebat
1981 2737 1988 2744 .
2019 2712 2064 2746 Et

1132 2755 1216 2796 hoc,
1242 2755 1431 2791 sanffiffime
1445 2756 1558 2795 Pater,
1582 2758 1724 2803 contigit
1737 2770 1881 2803 tempore
1892 2762 2064 2795 decessoris

1133 2806 1268 2840 vestri&
1280 2806 1398 2840 nostri.
1420 2805 1489 2852 Qui
1502 2808 1579 2841 vero
1593 2807 1671 2842 odio
1683 2810 1746 2843 mei
1760 2811 1843 2843 mala
1865 2810 1932 2846 haec
1947 2812 2063 2847 omnia

1131 2856 1303 2900 contigisse
1326 2857 1523 2900 loquuntur,
1550 2858 1660 2892 dicant
1686 2860 1706 2891 si
1734 2861 1907 2902 noverint,
1933 2863 2004 2904 quis
2029 2863 2061 2895 in

1133 2908 1253 2952 Regno
1265 2907 1332 2949 ejus
1344 2917 1488 2949 tempore
1500 2907 1558 2941 suo
1570 2907 1607 2942 sit
1618 2909 1658 2942 de
1667 2920 1724 2948 eo,
1737 2911 1788 2943 vel
1798 2909 1838 2945 de
1850 2911 1900 2945 his
1913 2937 1924 2953 ,
1944 2909 2063 2956 quibus

1134 2956 1327 3001 patrocinari
1341 2956 1467 2998 voluit,
1486 2957 1684 2993 authoritate
1696 2961 1785 2993 Sedis
1797 2960 1995 3004 Apostolicae
2006 2963 2062 3005 ju-

1133 3007 1252 3041 stitiam
1264 3007 1488 3042 consecutus?
1509 3009 1605 3043 Certe
1616 3034 1626 3049 ,
1644 3010 1732 3052 quod
1747 3013 1949 3045 meminerim
1964 3037 1972 3052 ‚
2001 3023 2060 3045 nec

1133 3069 1235 3091 unum
1249 3057 1410 3100 proferent
1423 3057 1627 3102 ,multosque
1639 3071 1789 3102 poterunt
1805 3063 1966 3095 nominari
1982 3086 1991 3100 ,
2001 3062 2060 3105 qui

1133 3107 1214 3141 odio
1227 3107 1373 3141 Romani
1387 3109 1532 3142 nominis
1544 3109 1600 3142 sub
1612 3120 1651 3141 eo
1664 3111 1835 3151 periclitati
1850 3111 2056 3146 sunt.Achar-

1132 3158 1192 3191 dus
1204 3156 1314 3191 Abbas
1327 3155 1500 3192 S.Vistoris
1513 3181 1523 3197 ,
1541 3158 1659 3192 elesius
1671 3160 1703 3193 in
1718 3160 1913 3204 Episcopum
1928 3161 2057 3204 Sagien·

1134 3209 1195 3241 sem
1209 3232 1219 3246 ,
1256 3219 1352 3250 quare
1373 3219 1438 3241 non
1455 3208 1616 3249 permissus
1628 3209 1672 3241 est
1684 3208 1854 3243 ordinari?
1880 3211 1967 3255 Qia
1995 3211 2055 3244 ele-

1133 3260 1273 3291 stionem
1286 3258 1352 3299 ejus
1364 3257 1608 3292 confirmaverat
1620 3259 1770 3293 Summus
1784 3260 1938 3293 Pontifex
1946 3260 2059 3293 Adria·

1136 3318 1209 3341 nus.
1236 3308 1346 3353 Qare
1358 3306 1497 3348 permisit
1510 3307 1582 3341 Rex
1595 3333 1604 3347 ,
1626 3319 1659 3341 ut
1673 3309 1756 3343 idem
1770 3309 1839 3352 posi
1854 3310 1988 3342 modum
2001 3310 2055 3343 fie-

1133 3368 1180 3391 ret
1194 3356 1370 3399 Episcopus
1384 3356 1578 3391 Abricensis?
1588 3358 1688 3391 Plane
1698 3359 1769 3399 quia
1785 3359 1872 3390 nulla
1888 3360 2056 3393 voluntate

1132 3408 1201 3450 ejus
1214 3406 1351 3449 precessit
1362 3405 1645 3441 elediiosimilirer
1655 3418 1684 3438 et
1696 3407 1867 3469 Frogerius
1877 3411 1907 3441 in
1922 3409 2060 3442 Ecclefia

1620 3457 1648 3489 C
1669 3467 1686 3489 c
1737 3466 1758 3489 2
1956 3460 2009 3492 Sa·
