2358 3776
340 220 510 263 mariensis
523 217 794 269 Archi-Episcopi
808 220 1064 266 destinavimus,
1091 221 1133 256 de
1153 230 1285 255 excom-

338 271 519 317 municatis
534 270 782 316 suisexprerrum
793 270 982 306 discretioni
1007 245 1116 305 vesirae
1142 270 1295 305 Manda-

340 333 416 359 tum
436 333 497 358 nos
520 319 639 357 dediffe
664 322 864 361 recolimus,
887 328 926 354 ut
947 331 1004 354 eos
1025 330 1110 355 certa
1133 323 1187 365 spe
1198 322 1284 365 pacis

338 361 669 419 conceptadeberetis
678 369 863 409 absolvere
890 369 1082 414 fraternitati
1107 371 1214 406 vestrae
1226 381 1279 414 per

339 422 581 471 iteratascripta
592 419 784 455 mandamus
806 429 905 460 atque
925 419 1150 463 praecipimus,
1177 431 1282 465 quate·

341 472 404 515 nus
414 473 437 506 fi
449 483 508 507 eos
518 477 573 514 per
584 479 641 504 vos
654 467 779 504 absolvi
793 468 994 514 contigerit,
1010 470 1095 513 ipsos
1105 470 1282 505 secundum

337 511 488 558 Ecclesiae
498 521 658 554 Romana:
677 519 819 553 sormam
843 520 877 554 δε
897 520 1170 555 consuetudinem
1181 521 1283 556 absol·

336 572 420 617 vatis
430 594 439 604 .
448 569 537 605 uillis
548 578 657 603 autem
670 568 726 613 qui
739 570 859 614 praefati
882 568 1010 604 Archi·
1024 569 1177 614 Episcopi
1189 595 1200 612 ,
1226 581 1281 605 aut

279 636 283 653 ι
334 619 512 656 commisse
522 618 579 653 fibi
594 618 742 654 Ecclefiae
754 619 984 664 posseffiones,
995 619 1059 653 five
1073 620 1278 655 Clerieorum

334 672 469 706 suorum
478 668 640 705 beneficia
651 669 885 710 detinuerunt,
909 670 944 704 &
955 671 1077 704 fruetus
1100 670 1198 708 etiam
1214 683 1280 714 per-

335 729 517 767 ceperunt,
545 720 597 755 vel
608 719 716 755 adhuc
729 719 879 755 detinent
890 719 955 754 five
967 720 1176 764 percipiunt,
1204 721 1279 755 Ma-

333 763 600 806 ximeGanfr-edo
614 768 726 804 Archi
732 770 889 804 Dracone
915 766 1165 811 Cantuarienfi,
1189 771 1211 805 si
1237 772 1279 814 ip-

330 821 404 856 sum
417 819 644 856 Ecclefiamde
655 818 820 855 Occeford
845 831 901 863 per
913 832 1048 854 manum
1069 821 1213 858 laicam,
1240 822 1274 854 ss-

330 877 388 906 tut
398 866 609 911 andivimus,
633 870 795 913 cepifle&
817 879 932 905 tenere
952 870 1162 912 eonstiterit,
1188 870 1277 905 nulla

331 919 464 967 ratione
483 919 701 961 absolutionis
723 919 926 955 beneficium
948 920 1178 966 indulgeatis,
1219 921 1277 955 nifi

328 970 420 1020 prius
435 971 623 1011 cautionem
645 969 862 1005 sufficientem
882 968 1087 1012 exhibeant,
1112 969 1201 1014 quod
1213 982 1274 1006 me-

328 1030 464 1068 morato
475 1019 592 1055 Archi·
582 1019 760 1068 -Episcopo
783 1020 969 1062 beneficia,
995 1032 1066 1066 quae
1087 1020 1239 1058 detinent
1267 1046 1277 1062 ,

326 1059 395 1104 fine
416 1070 580 1105 dilatione
600 1069 796 1112 restituant,
821 1071 856 1106 ἀ
880 1072 1002 1106 fruetus
1024 1071 1100 1106 inde
1112 1080 1278 1115 perceptos

320 1118 446 1164 absque
463 1118 688 1155 diminutione
707 1121 914 1166 persolvant.
941 1121 1046 1169 Quod
1069 1122 1091 1155 fi
1113 1120 1184 1164 post
1202 1132 1276 1155 cau-

325 1169 456 1205 tionem
469 1169 700 1205 exhibitam&
721 1171 974 1216 absolutionem
992 1181 1160 1215 acceptam
1174 1171 1276 1206 adim-

324 1220 416 1278 plere
426 1220 614 1262 noluerint,
642 1230 702 1255 vos
715 1221 790 1266 illos
801 1222 835 1256 in
849 1222 990 1265 priorem
1000 1222 1273 1258 excommunica-

324 1270 430 1308 tionis
440 1271 660 1314 sententiam,
687 1271 783 1306 omni
793 1271 1005 1305 excusatione
1028 1273 1062 1305 dc
1084 1271 1276 1314 appellatio-

322 1329 371 1367 ne
381 1317 576 1366 postposita,
601 1316 780 1363 reducatis,
808 1320 896 1354 &ab
910 1319 1066 1354 omnibus
1082 1319 1209 1356 faciatis
1221 1331 1276 1362 au·

320 1362 481 1417 {boi-itate
491 1370 599 1409 nostra
608 1368 692 1402 ficut
703 1369 1013 1418 excommunicatos
1031 1371 1133 1415 usque
1143 1370 1183 1405 ad
1198 1381 1275 1442 con-

322 1417 465 1470 dignam
477 1413 734 1464 satissastionem
747 1420 864 1461 vitari.

522 1515 936 1559 ssvlsToLA
1027 1514 1089 1555 Vl.

347 1619 526 1663 Alexander
551 1621 644 1672 Papa
667 1619 828 1660 Bernqrdo
853 1617 1045 1669 Nivernonfi
1072 1615 1247 1672 &effim-

425 1714 637 1757 UONIAM
663 1720 706 1755 de
720 1719 891 1764 prudentia
914 1745 925 1762 ,
951 1720 984 1756 δι
1007 1719 1178 1756 honestate
1203 1743 1215 1761 ‚
1241 1718 1275 1759 dt

363 1810 366 1814 ,
448 1770 633 1806 constantia
644 1779 701 1805 tua
713 1770 1008 1814 fiduciamplenam
1020 1770 1233 1813 concepimus
1264 1793 1275 1809 ‚

437 1821 474 1855 δε
498 1830 625 1856 certum
652 1821 744 1864 super
767 1820 819 1854 his
841 1821 879 1855 in
891 1820 1003 1857 multis
1013 1820 1273 1863 experimentum

323 1867 504 1912 habuimus
516 1893 528 1911 ,
553 1878 588 1905 te
599 1871 636 1904 in
647 1869 845 1904 executione
858 1871 945 1914 pacis
956 1868 1149 1904 venerabilis
1167 1868 1275 1903 fratris

325 1918 585 1961 uostriThomae
597 1919 834 1954 Cantuaricnfis
847 1918 1125 1962 Archi-Episcopi
1142 1916 1275 1952 Rotho·

321 1971 467 2015 megensi
480 1969 611 2005 Archi·
600 1970 792 2014 -Episcopo
807 1969 964 2003 duximus
985 1967 1233 2012 adjungendum
1260 1991 1267 1998 .

324 2020 426 2062 fillum
441 2029 551 2064 autem
563 2020 653 2065 quod
666 2020 706 2055 de
717 2028 799 2055 terra
822 2019 955 2054 illustris
965 2018 1156 2063 Anglorum
1173 2016 1275 2062 Regis

322 2069 529 2125 dignoscitur
541 2093 554 2111 ,
568 2074 788 2105 executorem
805 2069 869 2104 una
895 2079 1007 2104 tecum
1020 2067 1272 2108 constituimus,

326 2123 373 2162 ne
390 2120 479 2156 idem
491 2120 565 2155 Rex
575 2112 721 2165 aliquam
743 2119 913 2155 adversum
937 2130 999 2153 nos
1021 2115 1210 2161 querelandi
1220 2127 1277 2151 oc

322 2170 490 2213 pasionem
504 2170 667 2205 videretur
682 2169 821 2213 habere,
845 2169 887 2205 eo
899 2168 990 2214 quod
1003 2169 1179 2214 negotium
1191 2166 1273 2200 illud

320 2221 475 2280 person—is
484 2221 671 2261 extraneis,
684 2222 718 2256 ἀ
729 2230 820 2255 extra
831 2229 950 2254 terram
964 2220 1053 2253 suam
1065 2216 1273 2253 manentibus

323 2271 622 2308 nommififlemus
651 2272 696 2304 Et
733 2270 920 2313 quoniam,
940 2268 1022 2300 ficut
1048 2263 1216 2306 diximus,
1242 2276 1274 2299 te

322 2318 452 2355 'Virum
465 2319 671 2353 Pontificalis
683 2317 879 2352 maturitatis
889 2316 923 2349 δε
935 2315 1124 2350 constantiae
1134 2318 1196 2350 esic
1220 2327 1275 2349 co-

326 2370 542 2414 gnoscimus,
565 2369 602 2402 ὃ(
613 2367 783 2402 honestate
794 2378 832 2400 ac
845 2366 1045 2400 litteratura
1038 2376 1122 2399 inter
1143 2374 1275 2400 caeteros

326 2416 555 2461 'Coepiscopos
565 2427 644 2450 tuos
654 2417 778 2460 pollere
790 2441 802 2456 ,
827 2416 1035 2450 Fraternitati
1047 2426 1108 2449 tuat
1120 2427 1175 2459 per
1187 2415 1277 2459 Apo-

326 2467 449 2509 stolica
460 2467 576 2511 scripta
588 2463 807 2509 praecipiendo
823 2464 1030 2506 mandamus,
1058 2467 1090 2499 δε
1114 2467 1150 2499 in
1176 2466 1278 2499 virtu·

329 2527 366 2553 te
378 2515 792 2561 obedientiaeinjungimus
804 2539 815 2556 ,
841 2516 999 2559 quatenus
1015 2516 1035 2548 fi
1050 2516 1193 2558 praefatus
1208 2515 1277 2549 Ro-

333 2566 559 2613 thomagenfis
572 2566 607 2600 in
619 2564 671 2599 his
683 2590 693 2605 ,
718 2577 790 2609 quat
807 2566 899 2599 vobis
921 2565 1126 2609 injungimus
1146 2564 1212 2599 una
1231 2575 1276 2599 te-

331 2628 410 2656 cum
422 2617 595 2661 procedere
609 2616 737 2654 nollet,
763 2613 826 2649 five
847 2626 916 2649 non
941 2617 1044 2660 posset
1058 2640 1069 2656 ,
1094 2626 1131 2650 tu
1159 2616 1279 2659 inprae·
1304 2634 1310 2644 ·

332 2668 479 2710 scripto,
504 2665 600 2700 omni
623 2665 742 2699 timore
764 2666 799 2702 ὅ(
819 2662 1028 2700 dubitatione
1051 2667 1174 2700 semota
1195 2689 1208 2706 ‚
1232 2666 1273 2698 se-

331 2714 483 2757 cundum
494 2723 642 2757 tenorem
654 2714 835 2749 litterarum
850 2715 1030 2750 nostrarum
1051 2715 1276 2750 incunstanter

334 2765 511 2812 procedas,
538 2765 572 2805 ὃς
593 2774 626 2798 te
647 2764 683 2800 in
703 2763 767 2797 hoc
789 2765 833 2798 ita
846 2765 1275 2810 sollicitum&diligentem

325 2814 493 2853 ‘exhibeas
512 2832 525 2856 ι
550 2812 638 2858 quod
660 2813 679 2848 a
700 2814 778 2848 Deo
797 2814 937 2859 dignum
965 2815 1088 2850 exinde
1109 2815 1275 2859 praemium

334 2866 491 2909 merearis
511 2866 668 2910 recipere,
693 2864 727 2897 δε
751 2875 860 2898 coram
887 2865 1081 2899 hominibus
1100 2865 1275 2900 laudem&

335 2916 478 2961 gloriam
491 2924 559 2948 non
571 2913 737 2950 modicam
759 2915 928 2959 propterea
948 2916 1055 2950 valeas
1076 2925 1240 2960 reportare
1267 2929 1275 2949 :

333 2975 399 3001 nos
411 2974 544 3011 quoque
555 2963 812 2998 sollicitudinem
825 2975 916 2999 tuam
928 2975 1097 3000 teneamur
1117 2965 1277 3009 multipli-

334 3017 419 3051 citer
427 3014 667 3055 commendare,
680 3015 716 3049 δε
726 3013 941 3048 devotionem
955 3015 997 3049 de
1008 3016 1195 3051 constantia
1207 3026 1278 3056 tua,

334 3076 438 3114 quam
453 3065 487 3100 in
501 3063 572 3104 aliis
594 3074 759 3108 expertam
784 3063 962 3105 habemus,
989 3065 1174 3108 poffimus
1165 3078 1200 3100 ιιι
1215 3065 1277 3102 hae

338 3124 451 3185 parte,
467 3114 557 3149 siout
566 3112 842 3160 desideravimus,
867 3114 993 3163 plenius
1014 3116 1251 3161 comprobare

509 3213 541 3258 Β
566 3214 594 3249 Ρ
621 3215 636 3249 1
662 3215 685 3250 S
709 3214 748 3250 Τ
772 3216 805 3250 O
831 3214 862 3253 L
888 3213 922 3255 A
1020 3213 1098 3256 vu,

397 3315 572 3357 Alexander
599 3315 689 3358 Papa
713 3313 849 3352 omnibus
875 3314 1032 3366 Episcopls
1069 3320 1211 3352 Camlae.

409 3425 412 3428 ’
444 3415 634 3451 ovsskl‘r·
659 3415 816 3451 industria
837 3415 935 3450 vestra
948 3415 1038 3460 quod
1053 3428 1113 3451 nos
1135 3415 1276 3454 Venera-

471 3466 551 3504 bilejs
561 3467 830 3507 Fratrcs'nostros
842 3465 1146 3519 Rothomagensem
1160 3468 1273 3509 Archi·

954 127 1552 192 ‘EPISTOLAE

1349 219 1547 266 Episcopum
1574 245 1587 264 ‚
1615 221 1650 256 δε
1669 221 1909 264 Nivernensem
1931 221 2126 272 Episcopum
2151 228 2190 266 ad
2218 229 2283 266 Re-

1348 273 1421 316 gem
1433 271 1623 317 Anglorum
1637 283 1697 316 pro
1708 284 1786 316 pace
1806 274 1839 307 δε
1855 274 2123 313 reconciliatione
2137 279 2282 318 Veneta-

1345 321 1421 356 bilis
1452 323 1573 357 Fratris
1599 322 1700 357 nostri
1730 322 1875 361 Thomae
1893 323 2136 361 Cantuarienfis
2163 329 2282 367 Archi·

1347 371 1502 416 Episcopi
1521 372 1778 414 destinavimus,
1814 374 1860 408 eis
1885 374 2031 413 dautes'
2022 373 2282 419 inMandgfis&

1321 429 1323 431 ·
1346 421 1478 459 firmiter
1490 422 1731 467 praecipientes,
1751 422 1841 466 quod
1853 424 1910 458 nisi
1921 424 2008 458 idem
2023 425 2098 460 Rex
2117 426 2158 462 ad
2172 437 2281 470 pat-,em

1345 471 1378 504 δε
1388 473 1598 512 concordiam
1608 494 1620 514 ,
1647 473 1826 513 secundum
1837 472 1929 518 quod
1941 474 2037 510 nobis
2048 487 2102 533 per
2111 476 2234 514 litteras
2244 481 2280 518 dc

1347 520 1500 559 Nuncios
1517 525 1592 557 suos
1613 523 1760 566 promisit
1791 548 1803 565 ,
1828 522 1869 558 ad
1890 525 2189 562 commonitionem
2212 527 2282 565 illo-

1344 582 1415 605 rum
1427 572 1576 607 inclinari
1592 575 1757 617 potuerit,
1784 584 1890 608 totam
1910 583 2026 609 terram
2038 576 2129 620 ejus,
2154 587 2224 624 quae
2234 578 2281 613 ci-

1344 631 1390 655 tra
1403 631 1489 658 mare
1499 624 1666 665 consistit,
1692 624 1785 658 omni
1804 625 2072 660 contradictione
2086 627 2121 660 dc
2143 627 2284 670 appella

1342 673 1434 711 tione
1455 683 1579 709 remota
1602 673 1775 716 subjiciant
1797 674 1985 714 interdicto,
2013 676 2047 711 ὃ(
2073 677 2108 709 ia
2119 687 2157 711 ea
2166 677 2283 713 omnia

1344 722 1467 757 Divina
1479 747 1490 765 ,
1516 734 1624 767 praeter
1637 723 1791 767 baptisma
1803 727 2010 769 parvulorum
2023 728 2057 760 ὃ(
2069 727 2284 770 poenitentias

1342 772 1577 814 morientium,
1602 773 1800 818 prohibeant
1822 776 1932 810 officia
1953 775 2125 810 celebrari.
2153 776 2235 812 Inde
2245 776 2283 810 fi-

1341 822 1473 864 quidem
1484 822 1529 857 est
1542 847 1553 864 ‚
1579 824 1668 868 quod
1680 825 1878 863 universitati
1887 834 1889 836 ’
1899 826 2006 860 vestrae
2018 837 2072 869 per
2084 825 2281 870 Apostolica

1338 874 1456 915 scripta
1479 872 1693 918 praecipiendo
1714 875 1906 910 mandamus
1919 900 1929 915 ,
1955 876 1989 909 dc
2003 876 2062 911 sub
2074 887 2171 921 poena
2195 877 2284 912 ordie-

1341 923 1437 957 nis&
1451 924 1575 964 officii,
1601 924 1637 957 in
1662 926 1779 959 virtute
1799 924 1995 959 obedientiae
2021 926 2117 966 vobis
2133 923 2283 972 injungi-

1341 983 1437 1013 mus,
1461 983 1497 1006 ut
1508 973 1760 1016 supradictorum
1783 973 2080 1020 Archi-Episcopi,
2106 977 2159 1011 vel
2184 976 2281 1020 Epis·

1340 1021 1438 1067 copi,
1462 1022 1514 1056 vel
1527 1023 1658 1058 alterius
1667 1034 1807 1064 eorum,
1833 1024 1857 1058 si
1868 1034 2005 1067 uterque
2017 1027 2122 1061 adesse
2143 1037 2214 1061 non
2225 1034 2284 1070 po·

1312 1110 1315 1111 ⁷
1340 1071 1438 1106 tuerit
1450 1071 1501 1106 vel
1513 1072 1676 1112 noluerit,
1697 1074 1733 1107 in
1747 1071 1810 1107 hac
1821 1083 1911 1117 parte
1921 1074 2136 1116 sententiam,
2147 1076 2170 1109 fi
2181 1086 2281 1119 quam

1340 1122 1380 1157 ab
1391 1123 1437 1157 eis
1447 1122 1625 1167 contigerit
1638 1122 1715 1158 inde
1726 1122 1886 1167 proferri,
1913 1123 2036 1158 nullius
2049 1123 2192 1165 timore,
2210 1136 2284 1170 gra-

1341 1173 1411 1213 tia,
1439 1172 1489 1206 vel
1512 1170 1739 1228 prohibitione
1757 1171 1943 1214 obstante,
1969 1184 2023 1217 per
2043 1173 2160 1211 vestras
2183 1173 2283 1208 Paro·

1339 1222 1428 1256 chias
1440 1222 1534 1256 omni
1547 1222 1757 1257 excusatione
1766 1224 1800 1258 δε
1812 1223 2034 1267 appellatione
2044 1232 2170 1260 remota
2179 1224 2285 1262 firmi-

1340 1282 1387 1306 ter
1397 1272 1596 1313 observetis,
1621 1273 1656 1307 δε
1668 1272 1711 1307 ab
1722 1272 1879 1307 omnibus
1897 1273 2048 1315 faciatis,
2072 1272 2283 1318 quantumin

1339 1322 1431 1355 vobis
1441 1321 1507 1358 est,
1535 1320 1802 1365 irrefragabiliter
1813 1322 2001 1358 observari.
2027 1324 2157 1363 Datum
2177 1323 2285 1384 Reno-

1335 1371 1427 1408 venti
1439 1369 1639 1429 duodecimo
1651 1369 1813 1409 Kalendas
1822 1369 1957 1412 Martii.

1513 1466 1926 1505 EPISTOLA
2022 1471 2116 1505 vm.

1366 1565 1557 1609 Alexander
1580 1566 1669 1617 Papa
1697 1567 1891 1603 Eboracenfi
1914 1592 1926 1609 ,
1951 1569 2166 1605 Dunelmensi
2181 1593 2196 1614 ‚
2220 1572 2259 1608 δε

1681 1617 1783 1659 Clero
1807 1629 1923 1656 eorum
1937 1643 1946 1654 .
2263 1630 2271 1641 ³

1336 1718 1524 1762 Eborncenfi
1531 1718 1627 1754 Archi
1631 1717 1802 1763 Episcopo,
1829 1721 1865 1754 Θ·
1877 1718 2042 1762 apostolica
2055 1721 2142 1755 sedls
2156 1719 2281 1764 langere,

1389 1772 1425 1804 ὁ·
1436 1770 1627 1812 Dunelmonfi
1613 1773 1696 1813 Epi
1696 1768 1801 1812 scopo
1829 1770 1863 1803 Θ
1875 1770 1994 1804 dtleffls
2002 1771 2079 1812 filiis
2096 1773 2167 1805 alm
2176 1773 2282 1804 Eme&

1381 1817 1491 1860 fiarum
1507 1820 1654 1852 Praelans
1680 1827 1737 1861 per
1760 1818 1976 1864 Eboracensem
1996 1820 2106 1857 Archi·
2094 1818 2283 1866 ·Bp1scopae·

1387 1877 1452 1905 tum
1464 1867 1648 1908 constitutis

1444 1965 1636 2004 OVERIT
1661 1966 1818 2004 industria
1839 1969 1940 2006 vestra
1961 1968 2051 2014 quod
2061 1981 2124 2006 nos
2136 1970 2283 2008 Venerei

1470 2017 1550 2052 biles
1573 2019 1700 2054 Fratres
1720 2019 1847 2054 nostros
1877 2020 2066 2055 Rotrodum
2088 2022 2278 2058 Rothomas

1337 2068 1472 2115 gensem
1495 2066 1622 2103 Archi·
1610 2069 1854 2113 -Episcopum,
1879 2070 1915 2103 &
1938 2070 2139 2106 Bernardum
2163 2072 2280 2106 Niver-

1338 2119 1473 2152 nensem
1494 2119 1694 2163 Episcopum
1714 2120 1754 2153 ad
1779 2119 1932 2153 illustrem
1946 2120 2136 2164 Anglorum
2149 2122 2278 2171 Regem

1339 2179 1398 2212 pro
1421 2179 1499 2213 pace
1519 2169 1554 2203 ὃ(
1574 2169 1845 2204 reconciliatione
1857 2168 2065 2204 Venerabilis
2086 2171 2208 2206 Fratris
2219 2184 2280 2206 no-

1338 2217 1549 2253 striThomae
1560 2218 1804 2254 Cantuarienfis
1825 2217 1953 2253 Archi·
1942 2219 2120 2264 -Episoopi
2140 2220 2278 2256 destina-

1338 2269 1445 2302 vimus
1455 2293 1466 2309 ,
1486 2269 1534 2303 eis
1544 2269 1678 2304 dantes’
1669 2281 1704 2303 ιιι
1716 2268 1887 2303 Mandatis
1903 2270 1937 2303 &
1949 2270 2084 2304 firmiter
2095 2272 2279 2315 praeciple'n-

1337 2327 1407 2358 tes,
1434 2318 1525 2360 quod
1548 2320 1607 2353 nisi
1631 2319 1706 2354 Rex
1725 2319 1767 2354 ad
1792 2319 1947 2363 pacem&
1968 2321 2202 2362 concordiam,
2230 2322 2279 2355 se·-

1337 2367 1484 2403 cundum
1496 2368 1586 2411 quod
1599 2369 1698 2404 nobis
1707 2380 1764 2414 per
1772 2368 1898 2404 litteras
1908 2370 1942 2403 δε
1953 2370 1987 2404 N
1992 2371 2109 2406 uncioa
2121 2372 2198 2405 suos'
2207 2378 2280 2414 pro·

1336 2417 1448 2458 misit,
1473 2419 1515 2451 ad
1537 2419 1838 2453 commonitionem
1861 2429 1976 2452 eorum
1998 2420 2149 2455 inclinari
2170 2430 2279 2463 potue-

1339 2467 1403 2507 rit,
1428 2477 1534 2501 totam
1551 2475 1668 2500 terram
1690 2467 1758 2509 ejus
1783 2477 1851 2510 quas
1876 2468 1913 2500 in
1935 2466 2058 2511 Regno
2071 2470 2154 2502 Fran
2138 2482 2276 2506 nco-um

1339 2516 1508 2557 consistit,
1518 2517 1613 2550 omni
1625 2516 1887 2558 contradictione
1899 2517 1931 2550 ἀ
1944 2517 2163 2574 appellatione
2173 2529 2278 2555 remo-

1306 2594 1309 2599 .
1339 2578 1371 2601 ra
1383 2565 1554 2609 subponant
1565 2566 1761 2606 interdisto
1787 2566 1866 2601 &in
1880 2577 1917 2599 ea
1928 2566 2042 2600 omnia
2053 2566 2198 2609 Divina,
2209 2579 2276 2614 pre·

1338 2625 1386 2650 ter
1397 2617 1559 2659 Baptisma
1569 2615 1778 2658 parvulorum
1787 2615 1824 2648 ὅ(
1835 2613 2042 2659 poenitentias
2048 2618 2276 2660 morientium,

1341 2665 1535 2710 prohibeant
1554 2664 1728 2699 celebrari.
1755 2664 1838 2699 Inde
1860 2665 2017 2709 siquidem
2036 2666 2082 2700 est
2101 2668 2191 2709 quod
2204 2670 2275 2703 uni-

1341 2716 1414 2750 vers
1405 2726 1477 2750 tati
1498 2714 1607 2750 vestras
1627 2725 1682 2758 per
1707 2714 1898 2759 Apostolica
1918 2715 2031 2758 scripta
2054 2716 2274 2762 praecipiendo

1340 2767 1533 2800 mandamus
1543 2789 1556 2806 ,
1580 2766 1613 2799 &
1624 2765 1682 2799 sub
1695 2776 1790 2808 poena
1803 2764 1933 2800 ordinis
1944 2764 1978 2798 &
1991 2765 2094 2801 officii
2105 2769 2141 2801 in
2153 2768 2272 2803 virtute

1340 2817 1536 2851 obedientias
1554 2815 1647 2850 vobis
1679 2814 1920 2860 injungimus,
1963 2814 2055 2859 quod
2076 2818 2274 2853 sententiam

1339 2878 1438 2910 quam
1461 2865 1713 2910 praenominatus
1736 2861 2007 2898 Cantuariensis
1996 2876 2032 2899 ιιι
2055 2860 2272 2905 Provinciam

1340 2919 1428 2951 suam
1441 2925 1572 2960 propter
1582 2914 1646 2948 hoc
1657 2912 1792 2953 tulerit
1818 2913 1942 2947 nullius
1960 2914 2101 2954 timore,
2124 2917 2231 2964 gratia
2256 2943 2270 2959 ‚

1339 2967 1391 3001 vel
1402 2965 1628 3011 prohibitione
1639 2962 1787 2998 obstante
1798 2973 1853 3006 per
1865 2964 1982 2999 vestras
1993 2965 2018 3000 P
2026 2965 2192 3009 arochias,
2200 2978 2275 3002 om-

1340 3017 1376 3050 ni
1392 3012 1877 3056 excusatione&appellatione
1895 3023 2042 3055 remota,
2069 3016 2203 3052 firmiter
2210 3016 2271 3052 ob-

1339 3067 1494 3106 servetis,
1518 3066 1552 3100 &
1564 3062 1769 3098 abomnibus
1779 3064 1929 3104 faciatis,
1956 3064 2162 3108 quantumin
2174 3065 2270 3100 vobis

1339 3117 1413 3157 est,
1439 3111 1697 3160 irrefragabiliter
1706 3112 1883 3149 observari
1910 3114 2037 3151 Datum
2048 3116 2228 3154 Beneventi
2254 3139 2268 3162 ι

1339 3164 1541 3207 duodecimo
1552 3161 1714 3202 Kalendas
1727 3163 1863 3201 Martii

2131 3513 2162 3552 E
2171 3514 2227 3551 ΡΙ·
