2358 3776
25 2007 28 2010 ’
93 2000 146 2045 gis
163 1995 396 2041 praeclariorem
410 2008 427 2027 ι
444 1993 591 2037 Cujus&
604 1993 659 2027 ille
668 1993 816 2027 sacerdos
828 2003 967 2037 magnus
983 1990 1070 2035 prius

296 111 337 156 s.
407 91 1804 155 THOM‘AE‘CANTUARIENsls.

62 215 131 242 tm
154 200 238 237 hanc
262 196 420 241 Martyris
449 195 620 231 historiam
644 192 729 238 quasi
750 189 902 225 Coelestis
922 188 1044 224 Firma-

67 253 172 292 menti
185 249 287 286 stella
309 248 477 283 Matutina
497 245 690 282 illustraret,
716 252 773 275 aut
794 242 893 283 velut
908 239 1044 275 carbun-

70 305 162 341 culus
182 299 302 344 aliquis
313 298 572 336 ardentiffimus,
598 295 632 328 in
654 290 708 326 his
719 290 975 335 praesertim'vitae
986 301 1046 324 no-

71 356 138 391 strae
156 349 320 390 tenebris,
346 360 407 393 prae
427 348 546 383 caeteris
564 343 678 378 urdens
699 344 734 377 ἀ
756 343 868 376 lucens
887 365 894 372 .
913 349 916 358 ²
932 341 1046 388 Qem

74 402 205 449 quoties
226 401 268 436 ad
289 409 435 434 mentem
455 405 595 434 revoco,
620 392 760 428 alterum
771 389 855 427 mihi
874 390 987 425 officio
1001 391 1044 425 Si.

72 463 208 489 monem
222 475 235 492 ,
259 449 355 486 Oniae
376 449 517 483 Filimn,
543 442 754 478 Sacerdotem
775 451 957 487 magnum,
983 440 1041 484 qui

74 506 110 539 in
130 503 200 537 vita
218 503 272 536 sua
295 499 428 534 suffulsit
447 495 604 536 domum,
639 493 675 528 ὅ(
695 494 732 528 in
755 491 871 528 diebus
888 491 952 525 suis
976 502 1045 525 cor-

77 551 244 589 roboravit
264 550 440 594 templum.
468 545 539 592 Qi
562 544 649 589 quasi
671 554 768 578 arcus
785 541 1046 587 refulgensinter

77 602 235 641 nebulas,
261 602 296 635 &
317 596 399 641 quasi
421 595 515 635 lilia,
540 606 612 638 quae
635 595 708 628 sunt
731 593 912 628 intransitu
933 602 1042 633 aquae.

76 653 180 701 Qasi
204 648 423 685 noo-murum
444 646 480 679 in
501 645 618 680 diebus
636 644 766 685 vernis,
791 643 825 677 ὅ(
847 642 934 686 quasi
944 641 1045 675 Thus
1069 651 1071 653 ’

78 705 116 739 in
140 697 356 748 igneardens.
382 696 483 744 Qafi
501 706 555 730 vas
571 695 641 730 auri
660 694 802 729 solidum
814 717 825 734 ,
851 704 907 728 vas
928 691 1048 737 pretio·

78 755 171 793 sum,
199 756 251 784 vas
270 747 508 782 sanctificatum
528 747 564 779 in
584 744 728 786 honore,
754 745 789 779 &
808 754 864 777 vas
874 743 947 778 vere
967 741 1049 777 utile

82 805 117 840 in
139 803 252 837 Domo
274 797 441 832 Domini.
467 796 595 830 Verum
631 794 790 839 praesentis
809 794 951 837 materiae
970 803 1051 826 meae

80 850 242 897 proposito
260 847 478 888 reclamante,
504 857 691 890 peramaena
713 845 872 880 virtutum
882 844 977 888 ipsius
985 854 1052 887 pra—

80 911 114 937 m
130 900 220 944 stylo
239 898 353 932 nostro
371 897 551 932 effodiente
580 903 786 940 nequaquam
805 906 895 929 nunc
926 894 1014 928 rivus
1041 916 1052 932 ,

78 950 132 988 sed
144 961 205 985 nec
216 949 340 984 rivulus
351 946 576 983 ducendusest
590 971 602 988 ,
628 958 690 981 nec
712 945 870 990 tanquam
883 954 1054 978 amoenans

78 999 277 1045 &speciosa
297 999 418 1034 florum
440 1023 453 1040 ‚
478 997 655 1043 gratiarum
675 998 805 1031 suarum
825 996 961 1030 varietas
999 993 1054 1028 de-

78 1050 268 1097 pingenda:
293 1050 435 1097 Qant'ae
455 1048 610 1083 videlicet
628 1046 724 1082 fuerit
746 1046 894 1090 puritatis
923 1044 1055 1084 lilium,

79 1106 209 1147 quantae
231 1098 431 1135 verecundiae
449 1101 545 1138 rosa,
582 1099 680 1142 quam
705 1096 855 1132 Coelessis
886 1094 1055 1130 conversa-

81 1153 184 1188 tionis
194 1151 302 1190 vioh,
327 1149 425 1194 quam
451 1147 601 1193 jucundae
613 1147 776 1182 societatis
787 1146 928 1187 musica,
954 1145 988 1179 δε
999 1145 1054 1177 su·-

83 1213 140 1246 per
156 1201 272 1236 omnia
300 1208 429 1244 quantae
450 1198 578 1242 justitiae
599 1198 778 1238 columna,
805 1197 840 1231 δε
862 1196 904 1231 ad
924 1205 1053 1229 caetero-

81 1261 155 1286 mm
176 1248 350 1294 prandium
364 1249 462 1292 quam
481 1247 701 1293 infrangibilis
713 1246 906 1282 constantiz
917 1245 1056 1279 adamas.

83 1299 151 1335 His
169 1300 272 1345 igitur
305 1297 413 1333 solum
426 1299 470 1333 sic
485 1299 577 1334 tastis
602 1322 613 1339 ‚
639 1297 695 1333 hic
716 1308 809 1332 aetate
830 1295 975 1339 juvenis,
1003 1292 1056 1328 sed

82 1349 230 1385 moribus
248 1350 434 1394 grandaevus
452 1350 487 1384 δε
499 1348 672 1383 virtutibus
684 1373 696 1390 ,
719 1358 796 1382 cum
807 1347 961 1381 omnium
972 1370 983 1386 ,
1012 1342 1053 1378 ad

86 1409 169 1444 quos
186 1401 221 1434 id
241 1399 421 1444 spet'tabat,
447 1410 528 1444 voto
548 1399 667 1433 electus
692 1421 704 1438 ‚
729 1398 854 1443 primus
876 1396 941 1431 fuit
960 1405 1058 1439 quem

85 1450 207 1485 Beatus
225 1449 377 1484 Thomas
395 1447 649 1484 ‘Archi-Praesul
666 1449 700 1482 in
719 1448 920 1492 Episcopum
934 1445 1059 1489 Vigor-

85 1502 219 1535 nensem
240 1501 463 1535 consecravit.
489 1500 559 1548 Qii
580 1499 689 1543 postea
709 1499 744 1534 ὅ(
761 1498 796 1532 in
810 1495 1009 1541 prosperis&
1023 1496 1058 1529 in

85 1550 223 1587 adversis
243 1550 302 1595 ipfi
323 1551 444 1594 semper
466 1561 534 1585 erat
554 1550 715 1584 obediens
736 1573 748 1589 ,
773 1550 873 1583 etiam
897 1546 997 1590 usque
1019 1545 1060 1579 ad

87 1600 228 1641 damna,
253 1602 356 1644 usque
376 1600 416 1635 ad
435 1599 707 1644 proscriptionem
727 1600 760 1633 δε
782 1598 924 1642 pericula
935 1596 1061 1630 multa:

70 1650 383 1695 *Turpejudicanm
409 1650 685 1690 filmperatorein
707 1648 853 1686 Castris,
879 1646 972 1678 miles
994 1645 1064 1677 Do-

87 1701 136 1733 mi
147 1701 233 1743 quasi
245 1700 329 1733 inter
340 1697 513 1732 mulierum
524 1696 628 1736 colos,
645 1698 700 1730 seu
709 1693 857 1729 calathos
869 1694 1061 1736 puellarum,

88 1748 324 1785 balneorum&
344 1753 594 1789 unguentorum
616 1751 762 1776 uteretur
786 1741 964 1774 fomentis.

127 1796 258 1831 Alium
278 1793 406 1829 veroin
427 1791 704 1827 Herefordensem
728 1790 928 1834 Episcopum
949 1789 1064 1823 conse-

88 1846 191 1882 cravit
213 1844 396 1879 Robertum
409 1843 545 1878 nomine
566 1842 609 1876 de
627 1841 812 1876 Meleduno
825 1865 836 1881 ,
863 1839 1064 1874 saecularium

89 1897 292 1932 &sacrarum
313 1893 495 1929 litterarum
513 1894 547 1928 in
560 1891 680 1927 scholis
701 1890 899 1937 Magistrum
933 1891 1068 1934 praecia-v

91 1958 186 1988 rum,
208 1946 255 1989 vin,
267 1945 335 1980 vita
358 1945 478 1985 etiam,
504 1942 601 1988 quam
625 1942 661 1977 in
684 1942 841 1983 scientia,
866 1941 978 1975 multo
1001 1951 1067 1979 ma-

92 2049 299 2084 eonsecratus
319 2045 353 2079 in
377 2044 498 2080 scholis
522 2042 711 2088 Discipulus
732 2043 817 2079 fuit.
845 2042 915 2076 Hic
951 2043 1071 2085 quippe

96 2099 226 2136 Dostor
247 2106 474 2144 magnus-tam
495 2095 587 2137 vita,
613 2095 712 2139 quam
734 2094 890 2133 scientia,
915 2092 1071 2134 tanquam

97 2147 258 2187 luminare
268 2151 426 2195 magnum
438 2172 449 2189 ,
475 2158 530 2192 per
540 2146 762 2180 universarum
777 2143 990 2178 Ecclefiarum
1004 2143 1066 2175 Or—

97 2198 262 2238 bem'erat
279 2199 419 2235 rutilans
437 2224 448 2240 ,
485 2199 519 2233 δε
540 2194 789 2240 Discipulorum
825 2191 1073 2228 multitudinem

100 2251 259 2287 eruditam
270 2276 280 2292 ,
307 2251 462 2292 tanquam
473 2247 580 2281 varios
592 2258 647 2291 per
657 2245 780 2280 Orbem
792 2245 874 2280 lucis
885 2246 945 2279 suae
956 2243 1074 2285 radios,

101 2302 121 2341 ὲ
143 2303 174 2336 se
194 2300 348 2335 emittens
371 2323 379 2331 .
414 2296 522 2332 Etita
545 2298 580 2331 in
612 2296 743 2332 duobus
773 2295 826 2329 his
856 2295 1075 2331 Pontificibus

100 2350 321 2389 consecratis,
345 2348 440 2381 omni
456 2347 622 2381 sanctitate
645 2346 851 2390 conspicuis,
878 2345 970 2381 Beati
981 2345 1072 2378 Tho·

104 2409 164 2439 m
177 2398 379 2445 *propositum
401 2395 489 2431 stetit
508 2396 640 2431 firmum
660 2419 671 2435 ‚
697 2397 732 2432 δε
747 2395 789 2432 ab
808 2397 978 2431 Altiffimo
1000 2395 1072 2430 defi>

101 2444 226 2488 derium
248 2449 292 2482 est
303 2447 492 2491 impletum.
527 2447 743 2490 Proposuerat
762 2449 850 2480 enim
866 2471 876 2487 ‚
901 2448 934 2481 ὅτ
956 2445 1079 2480 Altiffi-

104 2511 162 2536 mo
188 2499 419 2544 supplicaverat
454 2522 464 2538 ,
490 2506 527 2531 ut
553 2496 910 2540 Archi-Episcopatus
932 2497 979 2531 sui
1001 2508 1077 2530 tem-

104 2560 183 2596 pore
222 2559 337 2584 contra
389 2547 627 2583 conscientiam
675 2549 764 2581 suam
793 2547 914 2581 nemini
961 2558 1078 2590 praeter-

105 2601 202 2644 quam
226 2599 334 2645 digno
367 2597 634 2633 Consecrationis
663 2597 835 2641 pra-sertim
860 2608 996 2633 manum
1023 2599 1081 2631 im-

149 2660 256 2684 neret.

102 2662 233 2735 POPost
247 2699 412 2734 modicum
425 2698 501 2732 vero
515 2697 753 2733 Archi-Praesul
763 2722 774 2739 ,
803 2697 965 2742 plerisque
978 2698 1077 2732 Com-

108 2749 364 2795 provincialibus
399 2749 570 2793 Episcopis
597 2750 791 2783 convocatis
815 2772 825 2788 ,
865 2749 980 2783 nobile
1002 2748 1083 2782 illud

107 2801 278 2845 &Regale
300 2799 537 2833 Monasterium
560 2799 600 2832 de
623 2799 815 2843 Radinge5‚
840 2797 875 2832 in
900 2809 967 2841 quo
992 2799 1084 2831 Divae

109 2850 342 2889 recordationis
364 2849 530 2883 Henricus
549 2849 716 2891 quondam
749 2849 940 2894 Anglorum
973 2849 1048 2883 Rex

112 2901 242 2937 secundi
262 2899 402 2935 Henrici
427 2900 530 2945 Regis
550 2902 668 2939 Avus,
707 2900 742 2933 in
764 2899 943 2933 Mausolaeo
966 2899 1085 2943 glorio·

112 2949 144 2984 se
162 2951 321 2996 quiescit,
346 2951 380 2985 δι
400 2949 468 2994 ipse
493 2950 652 2984 fundator
663 2949 788 2983 exstitit
801 2974 811 2990 ,
839 2949 1015 2994 magnifice
1028 2949 1081 2982 de-

113 2999 251 3041 dicavit,
277 3001 371 3046 Rege
393 3001 525 3035 volente
545 2999 610 3040 sic,
637 3000 669 3034 &
697 3001 866 3044 praesente.
905 3001 948 3035 Et
969 3000 1084 3034 eodem

114 3061 244 3094 quoque
267 3061 354 3084 anno
375 3051 562 3085 Londoniae
583 3050 667 3093 apud
691 3050 922 3087 westmunster
955 3049 1086 3094 gloriosi

115 3102 150 3138 &
171 3100 244 3134 vere
258 3099 362 3133 Sancti
382 3101 484 3146 Regis
514 3100 673 3139 Edwardi
687 3112 824 3144 corpus,
851 3103 1006 3145 tanquam
1026 3100 1088 3133 cla-

115 3161 187 3186 rum
206 3149 385 3185 admodum
405 3151 437 3185 &
457 3152 633 3194 pretiosum
662 3162 717 3184 vas
750 3150 893 3194 perfeeiae
912 3151 1086 3185 continen-

116 3200 192 3241 tiae,
216 3201 257 3234 de
279 3210 368 3234 terrae
390 3201 517 3241 pulvere
541 3201 682 3242 extulit,
717 3201 752 3235 ὃς
776 3202 821 3235 ob
847 3201 949 3236 multa
964 3202 997 3235 δε
1018 3212 1088 3241 prae-

118 3249 203 3284 clara
223 3250 335 3294 Regia:
358 3249 432 3284 vit'ae
450 3251 561 3285 merita
583 3251 773 3285 solemniter
794 3252 927 3294 quidem
955 3249 1092 3285 &subli-

1954 123 2008 155 11

1104 190 1227 235 Regno
1252 200 1306 233 per
1326 187 1391 224 hoc
1434 189 1468 225 &
1490 191 1682 226 sacerdotio
1713 196 1748 229 in
1774 198 1899 233 summa
1933 209 2014 242 pace
2050 199 2084 236 ὃς

1105 239 1340 284 tranquillitate
1358 242 1650 281 concurrentibus,
1676 244 1751 278 Deo
1775 249 1861 288 pacis
1877 249 1911 284 δε
1934 249 2084 284 dilestio-

1108 291 1158 324 nis
1177 291 1219 325 fic
1240 298 1377 335 agente.
1405 292 1467 326 Sed
1491 290 1574 335 proh
1591 292 1709 333 dolor,
1735 294 1767 327 &
1787 297 1857 329 vere
1878 299 1992 335 dolor!
2020 300 2083 334 Ni-

1106 339 1151 374 hil
1173 341 1207 374 in
1232 338 1387 375 humanis
1422 341 1614 376 diuturnum
1639 367 1650 383 ,
1685 342 1771 377 nihil
1794 356 2004 389 permanens,
2027 351 2082 385 sed

1105 391 1194 434 juxta
1207 390 1369 434 Sapientis
1379 391 1501 426 dic‘ium
1514 417 1525 433 ‚
1541 398 1652 428 omnia
1688 402 1805 436 tempus
1817 395 1944 437 habent,
1974 399 2083 444 &suis

1102 440 1215 485 spatiis
1235 440 1392 484 transeunt
1414 448 1514 475 omnia
1528 442 1585 486 fich
1606 443 1704 477 Coelo.
1732 448 1864 488 Tempus
1889 445 1980 486 flendi
2013 475 2024 490 ,
2048 453 2085 485 (ε

1107 499 1224 533 tempus
1243 491 1382 525 ridendi.
1408 493 1536 534 Tempus
1559 494 1725 527 dilefflom's
1738 520 1748 536 ‚
1786 498 1820 530 Θ
1842 505 1960 538 tempus
1990 501 2051 531 odii
2075 525 2085 532 .

1108 545 1236 583 Tempus
1257 548 1362 583 pacis,
1390 543 1427 577 (5*
1446 551 1565 585 tempus
1587 543 1675 577 belli.
1702 549 1812 579 Omnia
1824 554 1941 588 tempus
1955 546 2086 581 habent.

1110 592 1236 636 Magna
1257 591 1344 626 certe
1366 593 1502 627 nomina
1525 595 1560 628 &
1580 593 1677 629 chara
1697 596 1818 630 foedera
1830 598 1915 631 tanti
1940 597 2089 642 Regis&

1110 643 1192 676 tanti
1212 640 1413 676 Pontificis.
1443 643 1568 678 Revera
1592 655 1723 679 tantum
1746 647 1874 691 Regem
1901 647 1934 681 &
1957 657 2090 682 tantum

1104 692 1312 726 Pontificem
1334 692 1370 726 in
1390 692 1458 728 alio
1470 694 1594 729 Mundi
1616 695 1743 740 Regno
1763 697 1906 731 inveniri
1920 697 2012 731 fimul
2028 699 2093 732 dif-

1111 742 1199 777 ficile
1220 741 1298 776 effer
1318 765 1330 782 ,
1366 743 1401 777 ὅ(
1422 754 1547 779 tantam
1582 745 1668 779 inter
1695 755 1807 781 tantos
1837 747 2052 781 concordiam
2079 774 2088 780 .

1113 791 1256 827 Grandis
1276 792 1410 837 quidem
1433 794 1632 837 concordia,
1661 796 1713 831 sed
1727 796 1832 831 brevis
1846 797 1941 833 hora.
1969 796 2007 830 In
2022 798 2092 832 bre-

1112 844 1145 877 vi
1165 844 1287 887 quippe
1297 852 1444 878 extrema
1456 844 1642 881 concordiae
1659 846 1812 882 diffenfio
1825 857 1966 891 occupat
1984 873 1991 880 .
2017 849 2093 882 Nec

1114 905 1168 938 per
1187 894 1291 928 alium
1305 917 1316 934 ‚
1341 895 1441 938 quam
1453 907 1508 939 per
1529 897 1631 931 totius
1653 898 1742 940 pacis
1770 898 1805 932 &
1829 898 2094 932 dilestionisini-

1113 944 1236 978 micum
1248 944 1361 978 misere
1379 945 1413 978 δε
1433 945 1610 981 infeliciter
1632 947 1717 982 istud
1742 957 1872 983 tantum
1895 950 1930 983 &
1946 959 2015 982 tam
2042 949 2094 983 fir-

1114 1005 1205 1028 mum
1230 994 1417 1028 concordiae
1435 997 1606 1031 vinculum
1631 998 1823 1033 dissolutum
1836 1023 1848 1040 ‚
1875 999 1916 1033 ad
1937 998 2099 1044 Regni&

1115 1044 1296 1080 sacerdotii
1318 1046 1480 1080 unitatem
1503 1047 1709 1083 solidandam
1729 1059 1797 1084 tam
1810 1050 2021 1085 necessarium
2036 1074 2044 1082 .

1291 1144 1672 1183 CAPUT
1773 1148 1918 1184 XVII.

1118 1246 1258 1290 ,Qualiter
1267 1249 1346 1279 inter
1359 1249 1470 1290 Regem
1483 1247 1519 1280 (φ
1533 1246 1819 1291 Archi-Epiftopum
1826 1247 1952 1292 diffi’nfio
1962 1255 2028 1282 orta
2040 1248 2081 1289 eff
2089 1273 2099 1283 .

1426 1345 1443 1389 J
1467 1347 1501 1380 O
1530 1345 1563 1380 A
1592 1348 1628 1382 N
1654 1347 1690 1382 N
1718 1349 1747 1382 E
1775 1349 1815 1383 S.

1225 1395 1370 1430 IDENS
1396 1396 1498 1441 igitur
1530 1395 1634 1432 hostis
1663 1400 1820 1444 antiquus
1839 1409 1968 1435 tantum
1991 1399 2101 1434 virum

1249 1445 1400 1480 Ecclesiae
1421 1446 1488 1481 Dei
1510 1448 1687 1491 plurimum
1710 1451 1938 1493 profuturum,
1967 1449 2103 1490 invidit,

1121 1498 1157 1532 ὅ(
1180 1507 1223 1530 ne
1253 1497 1375 1540 sperata
1394 1508 1472 1541 pace
1489 1508 1572 1532 terra
1594 1498 1718 1534 diutius
1739 1502 1897 1535 frueretur
1919 1526 1929 1542 ‚
1966 1501 2104 1534 Zizania

1125 1547 1414 1590 superseminavit,
1440 1559 1512 1590 quae
1526 1548 1666 1583 frustum
1691 1552 1807 1584 veteris
1829 1551 1979 1584 amicitia:
2000 1551 2105 1595 Regis

1124 1598 1158 1630 &
1181 1596 1353 1630 pontificis
1372 1597 1585 1629 suffocarent.

1288 1647 1292 1652 ¹
1353 1642 1867 1682 WPLHELMUS.

1218 1693 1257 1724 T
1282 1693 1360 1725 inde
1382 1691 1592 1726 seminarium
1604 1694 1746 1738 sumpfit.
1776 1697 1866 1730 Nam
1888 1696 1964 1732 cum
1980 1698 2110 1733 Primas

1233 1750 1333 1774 onere
1345 1740 1520 1774 Pastoralis
1540 1754 1624 1776 curae
1644 1755 1844 1789 premeretur
1857 1771 1868 1786 ,
1895 1748 2028 1783 mittens
2042 1750 2106 1783 Re-

1128 1801 1203 1835 gem
1225 1790 1354 1834 rogavit
1375 1790 1621 1827 Cancellarium
1646 1794 1704 1828 fibi
1719 1797 1910 1839 providere.
1938 1799 2025 1845 Qia
2041 1801 2112 1843 ipse

1131 1841 1186 1874 vix
1199 1841 1267 1873 xuni
1282 1865 1293 1882 ,
1317 1851 1360 1874 ne
1390 1841 1470 1875 dum
1492 1842 1622 1877 duobus
1644 1845 1775 1879 Officiis
1797 1858 1925 1890 poterat
1945 1851 2110 1884 sufficere.

1131 1890 1315 1925 Secundam
1336 1890 1413 1924 vero
1431 1894 1562 1927 'causam
1600 1894 1651 1928 irae
1674 1895 1765 1930 dedit
1790 1921 1798 1930 .
1844 1898 1935 1934 Nam
1970 1900 2112 1946 pablicae

1133 1941 1307 1976 Potestatis
1337 1941 1483 1977 Ministri
1521 1955 1576 1988 per
1604 1945 1793 1990 Regionem
1822 1946 2048 1994 Anglicanam
2068 1951 2113 1987 de

1133 1991 1372 2026 consuetudine
1394 1992 1451 2027 fibi
1471 1991 1513 2027 de
1534 1994 1668 2039 singulis
1690 1995 1812 2038 Hidis,
1826 2008 1876 2036 ‚ut
1892 1999 1999 2034 verbis
2011 1990 2113 2039 Com·

1136 2042 1390 2085 provincialium
1413 2053 1507 2087 utar,
1533 2046 1707 2090 pecuniam
1728 2047 1919 2093 colligunt,
1946 2053 2117 2096 tamquam

1137 2092 1258 2126 laboris
1277 2094 1482 2135 mercedem,
1512 2107 1610 2140 quem
1623 2097 1762 2132 tuitioni
1777 2096 1893 2134 Patriae
1907 2101 2113 2144 impendunt.

1136 2143 1248 2190 Qam
1271 2144 1444 2187 pecuniam
1466 2149 1575 2180 tamen
1593 2147 1667 2182 Rex
1692 2150 1849 2195 tanquam
1873 2151 2014 2186 reditum
2038 2153 2119 2186 nite·-

1138 2193 1232 2229 batur
1252 2192 1288 2228 in
1313 2195 1428 2229 fiscum
1450 2195 1597 2242 redigere
1619 2200 1626 2229 L
1665 2198 1805 2235 Obstitit
1824 2198 1975 2243 primas,
2001 2197 2119 2237 dicens

1140 2256 1182 2280 ne
1203 2253 1369 2289 oporteret
1380 2256 1440 2290 pro
1450 2246 1556 2281 reditu
1569 2249 1782 2292 computari,
1809 2251 1899 2295 quod
1922 2253 2024 2288 suo&
2037 2244 2119 2287 alio-

1139 2307 1212 2330 rum
1253 2294 1392 2330 arbitrio
1413 2296 1543 2332 daretur
1564 2323 1572 2331 .
1602 2299 1665 2334 Sed
1699 2300 1734 2334 ἀ
1757 2302 1893 2337 tertium
1915 2304 2003 2345 fuit,
2028 2294 2123 2347 quoii*

1141 2347 1220 2381 iram
1239 2344 1343 2390 Regis
1363 2346 1538 2383 accendit„

1342 2396 1381 2430 H
1409 2397 1438 2430 E
1465 2398 1496 2433 R
1523 2399 1539 2433 1
1566 2399 1595 2433 B
1622 2401 1651 2435 E
1677 2400 1710 2435 R
1736 2401 1774 2436 T
1801 2403 1841 2438 U
1870 2403 1912 2436 S.

1191 2446 1441 2482 CONTIGIT
1467 2454 1503 2484 'ut
1514 2450 1650 2494 quidam
1663 2453 1990 2495 OperariiDiaboli,
2017 2454 2126 2488 nomi-

1143 2510 1185 2532 ne
1207 2497 1380 2532 dumtaxat
1401 2497 1549 2541 Clerici,
1575 2501 1629 2536 fed
1650 2502 1690 2536 de
1712 2502 1797 2537 sorte
1817 2503 1955 2544 saranae,
1993 2503 2035 2538 de
2057 2516 2124 2539 ma-

1145 2549 1262 2583 leficiis
1286 2548 1450 2589 accusati,
1476 2551 1564 2594 capti
1587 2553 1820 2586 tenerenturin
1844 2553 2009 2594 vinculis,
2037 2555 2129 2588 inter

1142 2611 1226 2643 quos
1247 2598 1403 2633 Sacerdos
1424 2610 1513 2634 unus
1532 2611 1598 2635 erat
1621 2601 1662 2635 de
1697 2601 1885 2637 homicidio
1909 2603 2061 2644 infamis,
2089 2603 2125 2637 &

1143 2651 1309 2683 accusatus
1327 2650 1344 2683 a
1358 2650 1551 2693 propinquis
1580 2650 1745 2685 defuncti.
1773 2651 1837 2686 Iste
1847 2652 1893 2687 ob
1915 2653 2127 2699 privilegium

1144 2700 1281 2736 Ordinis
1306 2700 1346 2732 ad
1371 2700 1604 2733 Dioecesanum
1633 2700 1830 2744 Episcopum
1852 2703 2128 2739 saresberiensem

1145 2760 1257 2793 captus
1276 2748 1429 2792 dirigitur
1446 2772 1457 2788 ‚
1497 2749 1601 2796 Regis
1626 2752 1836 2787 Officialibus
1871 2754 1906 2788 ὃς
1934 2755 2130 2798 propinquis

1145 2799 1287 2834 defunffl
1299 2797 1527 2834 accusantibus
1543 2825 1554 2841 ,
1581 2802 1614 2835 &
1625 2803 1742 2836 acriter
1755 2803 1951 2839 instantibus
1964 2829 1974 2844 ,
2001 2815 2037 2838 ut
2052 2805 2130 2847 Epi-

1076 2872 1086 2888 ,
1147 2851 1262 2893 scopus
1281 2847 1451 2883 exhiberet
1472 2850 1647 2893 justitiam.
1678 2853 1739 2887 Sed
1754 2853 1927 2889 Sacerdote
1939 2854 2128 2889 constanter

1148 2900 1316 2934 inficiante
1329 2923 1340 2940 ,
1366 2900 1441 2934 cum
1464 2911 1531 2934 non
1550 2903 1654 2945 posset
1670 2898 1725 2946 per
1734 2905 1937 2939 accusatores
1957 2904 2129 2944 convinci,

1154 2949 1324 2984 Canonica
1351 2949 1507 2984 indicitur
1529 2951 1688 2997 Purgatio
1707 2956 1859 2989 accusato
1887 2979 1895 2988 .
1934 2955 1998 2991 Sed
2029 2966 2069 2989 eo
2091 2954 2131 2987 in

1151 3001 1358 3044 Purgatione
1378 3001 1550 3036 deficiente
1570 3027 1581 3042 ,
1619 3004 1721 3038 mittit
1746 3005 1929 3050 Episcopus
1950 3005 1991 3040 ad
2013 3002 2130 3039 Archi·

1149 3051 1320 3084 Praesulern
1340 3051 1380 3084 de
1400 3051 1468 3094 jure
1488 3053 1681 3093 consu-lens,
1711 3055 1745 3088 &
1759 3065 1794 3088 ut
1808 3057 1840 3089 in
1859 3055 2051 3101 exequenda
2064 3065 2132 3098 Ρω-

1151 3108 1191 3135 na
1217 3101 1407 3144 procederet
1428 3103 1587 3136 securius.
1619 3102 1722 3138 Archi
1737 3105 1879 3139 -Praesul
1902 3105 1979 3141 vero
2001 3103 2131 3140 consul-

1151 3163 1204 3185 tus
1219 3151 1410 3192 mandavit,
1436 3163 1472 3185 ut
1496 3155 1590 3187 omni
1623 3155 1762 3196 privatus
1787 3155 2011 3191 Ecclesiastico
2034 3154 2130 3187 bene-

1152 3203 1231 3236 ficio
1246 3213 1512 3243 exautoraretur‚
1549 3204 1582 3237 &
1607 3205 1638 3236 in
1661 3205 1867 3240 Monasserio
1904 3206 1945 3240 ad
1968 3203 2131 3249 agendam

1153 3263 1341 3296 perpetuam
1367 3253 1439 3301 vita:
1470 3253 1698 3289 diiiristiffimae
1724 3256 1951 3299 poenitentiam
1975 3251 2135 3298 perpetu&

119 3301 217 3334 miter
238 3298 362 3333 ibidem
387 3299 422 3332 in
450 3299 591 3334 Ecclesia
615 3302 700 3335 inter
725 3303 915 3336 Sannorum
955 3313 1091 3344 corpora
1154 3302 1388 3338 recluderetur.
1421 3302 1462 3337 Et
1488 3304 1621 3346 quidem
1645 3305 1766 3340 Clerici
1787 3306 1818 3338 in
1834 3303 1923 3338 hunc
1934 3304 2071 3339 modum
2081 3304 2128 3337 Γυ-

119 3349 318 3388 collocavit,
346 3348 441 3394 Rege
464 3349 576 3383 itidem
598 3352 728 3386 volente
751 3352 817 3391 fic,
841 3353 874 3386 δι
897 3354 1067 3395 praesente.

171 3400 214 3433 Et
234 3409 322 3439 erat,
348 3389 617 3456 ficutffi‘aelocuti
640 3402 769 3440 sumus,
805 3402 936 3436 illustris
951 3402 1093 3445 Regis&

115 3449 222 3487 Sancti
244 3448 420 3486 pontificis
443 3461 502 3486 cor
524 3461 627 3485 unum
648 3451 681 3485 ὅ(
707 3453 815 3487 anima
843 3465 906 3488 una
932 3453 964 3487 in
1002 3454 1095 3493 Deo,

1156 3365 1211 3397 per
1234 3352 1403 3387 maleficiis
1427 3356 1567 3388 accusati
1591 3355 1625 3388 ὅ(
1648 3357 1810 3392 convitii,
1835 3355 1886 3388 vel
1907 3353 2136 3400 deprehensi,

1158 3404 1207 3437 vel
1254 3403 1391 3436 infames
1426 3403 1459 3437 ὃς
1498 3404 1531 3437 in
1578 3404 1780 3449 Purgatione
1824 3403 2010 3447 adjssdicata
2038 3400 2140 3452 ‘'dhe-fi·-

1160 3455 1305 3494 cientes,
1332 3451 1451 3496 absque
1481 3455 1573 3488 omni
1598 3453 1808 3490 mutilatione
1843 3455 1894 3491 vel
1926 3453 2139 3497 deformatiog

1934 3514 2092 3547 nomenis-
