2358 3776
414 175 509 233 248

341 256 482 293 Domini
498 252 773 301 Rothomagenfis
790 253 962 291 consilium
981 275 992 293 ,
1016 263 1122 298 neque
1135 262 1247 287 meum
1265 274 1278 291 ,

338 316 445 350 neque
457 300 591 349 alicujus
609 307 796 340 mortalium
811 305 895 340 adeo
915 303 963 336 illi
989 301 1115 337 exstitit
1139 303 1281 338 fructuo-

335 357 410 390 sum
423 366 477 391 aut
490 355 706 397 honorabile,
730 357 809 389 sicut
832 352 988 387 vestrum.
1017 352 1136 396 Neque
1157 365 1197 387 ex
1222 351 1275 385 ali-

332 404 429 449 eujus
439 405 582 441 mortalis
591 407 728 440 consilio
741 412 867 437 tantum
879 400 1015 435 honoris
1027 403 1128 437 fuerat
1148 403 1275 437 affecu-

335 464 406 490 tus.
435 455 479 490 Et
499 456 664 500 propterea
686 455 708 487 fi
731 452 822 488 vobis
846 453 984 496 placeret
1003 475 1015 492 ,
1040 451 1127 495 quod
1147 463 1223 487 eum
1242 452 1276 485 in

333 504 506 540 confilium
527 506 666 539 vestrum
689 503 890 548 reciperetis,
916 501 970 536 ille
991 501 1023 535 se
1044 502 1182 537 consilio
1207 501 1278 536 sub-

332 556 475 589 mitteret
489 579 501 596 ,
528 555 572 588 ita
584 565 620 590 ut
631 565 690 589 vos
704 556 841 598 primum
857 552 975 587 honori
998 550 1109 597 Regni
1135 552 1229 586 vestri
1243 553 1276 586 &

331 604 439 639 vestro
450 604 670 648 prospiceretis
682 630 692 646 ,
719 606 753 642 &
764 604 998 646 consequenter
1008 602 1065 645 ipsi
1078 626 1089 642 ,
1115 613 1156 635 ne
1167 602 1274 636 adver-

328 652 382 689 sus
394 655 581 689 Dominum
601 653 723 699 Papam
735 680 746 696 ,
774 654 826 688 cui
844 653 1011 687 adstrictus
1032 652 1078 686 est
1092 676 1103 693 ,
1129 653 1274 687 offende-

329 714 398 746 tet,
425 716 485 739 nec
498 705 673 740 Ecclefiam
687 729 698 747 ,
723 706 775 739 cui
794 703 940 747 prodesse
963 702 1082 741 debet,
1110 703 1236 737 laederet
1264 726 1270 731 -

329 755 526 799 Congruum
539 749 648 790 autem
669 755 765 796 esset,
792 764 828 787 ut
848 752 1020 787 confilium
1046 751 1127 787 illud
1140 777 1151 793 ‚
1181 753 1272 795 prius-

327 804 426 848 quam
451 805 669 849 conveniretis
679 801 693 845 ‚¹
717 806 761 838 ita
780 804 1047 839 determinaretur
1063 804 1098 838 &
1119 803 1270 838 certifica-

326 864 414 888 retur
426 879 437 895 ,
464 856 553 900 quod
567 855 649 889 nihil
663 855 830 898 superesset
842 853 1024 898 quaestionis
1036 879 1046 895 ‚
1067 853 1200 898 quando
1214 864 1271 886 vos

318 905 669 947 *simulconveniretih
697 916 737 939 ne
750 904 834 939 forte
854 915 934 938 tunc
953 905 1064 939 minus
1086 902 1220 938 honeste
1230 902 1271 937 ab

323 953 469 990 invicem
482 955 700 995 discederetis,
724 955 803 988 ficut
825 965 925 998 nuper
947 954 1085 989 fecistis.
1113 955 1183 997 lpse
1194 952 1270 986 vero

320 1002 398 1038 Rex
411 1004 584 1050 benignius
599 1006 662 1040 hoc
676 1004 807 1040 verbum
820 1005 941 1050 recepit
951 1027 963 1045 ,
988 1006 1087 1047 quam
1107 1002 1272 1038 existima-

319 1052 398 1088 bam
412 1079 423 1094 ,
451 1056 485 1089 &
506 1056 645 1099 adjecit.-
671 1054 759 1101 quod
782 1054 907 1099 ipse'in
920 1056 1076 1098 primisin
1099 1053 1237 1089 confilio
1258 1078 1269 1093 ‚

317 1103 408 1145 quod
430 1104 542 1145 daret,
570 1103 730 1140 honorem
752 1105 817 1141 Dei
839 1105 1024 1140 observaret
1045 1130 1056 1147 ,
1092 1105 1126 1139 ὅ(
1150 1104 1268 1138 deinde

316 1152 457 1188 suum&
471 1153 642 1201 Regnisui
655 1181 667 1199 ,
693 1157 727 1191 ὃς
749 1155 844 1190 vobis
866 1157 913 1190 ita
934 1156 1151 1199 prospiceret,
1176 1153 1266 1198 quod

315 1213 476 1247 quantum
501 1206 739 1240 rationabiliter
761 1208 865 1250 posset
888 1229 900 1246 ,
936 1207 1107 1249 personam
1131 1203 1264 1238 vestram

314 1262 383 1286 non
396 1252 520 1288 laederet
532 1279 539 1287 .
567 1256 628 1290 Sed
640 1256 911 1290 certificationem
923 1253 1095 1290 verborum
1108 1254 1196 1288 dixit
1211 1255 1265 1287 in-

314 1312 364 1336 ter
386 1314 442 1337 vos
466 1304 534 1338 fieri
558 1317 628 1338 non
651 1305 763 1348 posse,
789 1305 868 1338 dum
890 1305 956 1348 ipse
977 1305 1082 1339 &vos
1095 1304 1128 1337 in
1139 1312 1205 1337 tam
1219 1314 1262 1338 re·

313 1352 506 1387 motislocis
514 1354 638 1388 effetis.
667 1355 809 1397 Oportet
821 1363 930 1389 autem
947 1364 1005 1387 vos
1027 1354 1068 1388 ad
1093 1353 1205 1388 locum
1219 1354 1261 1387 vi·

312 1401 426 1436 einum
439 1402 495 1436 fibi
508 1404 639 1447 venire,
665 1403 754 1438 unde
767 1404 850 1437 inter
871 1414 929 1438 vos
953 1403 1103 1444 Nuncii‚
1129 1403 1185 1447 qui
1197 1401 1262 1438 haec

311 1454 479 1484 tractarent
491 1476 502 1491 ,
528 1452 571 1485 de
582 1453 713 1494 propius
724 1453 758 1486 δε
769 1451 896 1486 facilius
910 1451 1086 1487 discurrere
1112 1454 1238 1495 possent
1250 1477 1258 1485 .

309 1498 484 1533 Placuiffet
495 1506 604 1534 autem
616 1501 665 1538 ei,
689 1510 726 1534 ut
736 1499 802 1543 ipse
813 1501 992 1534 Turonum
1004 1525 1016 1541 ,
1040 1503 1075 1536 δε
1095 1502 1182 1544 apud
1196 1513 1262 1536 rna·

309 1548 362 1592 jus
373 1549 613 1583 Monasterlum
624 1549 731 1583 effetis
743 1573 750 1581 .
780 1549 849 1584 Aut
861 1550 882 1582 fi
897 1549 961 1584 hoc
973 1561 1042 1585 non
1057 1550 1156 1585 vultis
1172 1574 1184 1590 ,
1217 1552 1260 1595 ip·

307 1600 340 1633 se
350 1599 530 1633 Turonum
543 1623 555 1640 ,
579 1599 612 1634 δε
625 1610 682 1632 vos
693 1599 778 1642 apud
790 1599 914 1637 Choise
935 1623 947 1640 ,
973 1599 1031 1634 ubi
1043 1600 1166 1634 scilicet
1191 1601 1261 1635 Do·

306 1650 419 1684 minus
433 1649 519 1693 Papa
539 1660 615 1683 cum
629 1648 776 1694 Regibus
797 1649 1002 1693 colloquium
1025 1649 1160 1689 habuit,
1186 1662 1260 1694 pau·

307 1698 342 1733 lo
354 1700 439 1733 ultra
453 1698 593 1732 Blefium
605 1722 612 1730 .
644 1699 725 1732 Dies
739 1710 872 1742 quoque
885 1700 1010 1741 praefixa
1022 1701 1068 1735 est
1095 1702 1129 1736 in
1144 1701 1260 1736 Cathe-

305 1750 365 1783 dra
384 1749 473 1782 Beati
486 1747 591 1781 Petri.
622 1747 671 1781 lta
685 1757 794 1781 tamen
806 1758 843 1782 ut
854 1750 930 1783 octo
942 1749 1056 1784 diebus
1066 1750 1096 1784 ei
1121 1751 1210 1794 prius
1222 1752 1256 1786 in

306 1797 519 1833 Normannia
543 1797 749 1844 significem,
774 1808 883 1833 utrum
907 1798 996 1833 diem
1017 1800 1185 1835 observare
1208 1812 1256 1836 ve-

305 1848 395 1883 litis.

490 1947 902 1986 EPISTOLA
978 1951 1071 1986 VIII.

408 2055 551 2085 Henrtcus
576 2054 641 2084 Rex
668 2052 784 2145 Angli?
811 2050 982 2085 VVt'lbelmo
1007 2049 1163 2094 Senonenfi

696 2105 760 2144 Epi
775 2109 862 2144 copo.

402 2203 500 2239 UOS
527 2202 567 2237 ad
591 2212 643 2237 me
666 2203 792 2238 misistis
812 2202 950 2239 Ordinis
968 2202 1185 2238 Cistercienlis
1197 2201 1255 2236 Vi-

425 2265 476 2295 ros
491 2253 677 2298 Religiosos
690 2255 723 2288 ὅ(
746 2253 979 2292 venerabiles,
1007 2253 1085 2285 sicut
1104 2252 1213 2285 decuit
1239 2273 1250 2290 ,

412 2301 594 2337 honorifice
607 2304 750 2344 suscepi,
776 2301 899 2335 attente
910 2301 1042 2339 audivi,
1072 2300 1251 2344 diligenter

299 2350 473 2387 intellexi.
503 2350 651 2385 Verbum
662 2361 769 2384 autem
783 2373 793 2390 ,
820 2349 909 2393 quod
922 2361 963 2383 ex
978 2359 1064 2392 parte
1079 2351 1180 2385 vestra
1193 2351 1249 2384 mi·

299 2399 336 2436 hi
352 2402 587 2437 intimaverunt
602 2424 613 2439 ,
639 2399 783 2444 benigne
800 2398 978 2434 secundum
995 2400 1083 2443 quod
1098 2411 1154 2434 vos
1166 2412 1251 2435 acce-

301 2452 380 2495 piffe
391 2462 433 2486 ex
445 2449 588 2485 Domini
600 2449 694 2492 Papae
707 2449 869 2484 Mandato
883 2449 963 2483 mihi
977 2451 1251 2494 significaverunt,

301 2511 341 2535 ut
363 2511 492 2536 mecum
515 2501 556 2534 de
580 2509 656 2541 pace
678 2498 881 2534 reformanda
898 2500 984 2534 inter
1005 2512 1057 2534 me
1078 2501 1111 2534 &
1132 2501 1248 2536 Archi-

302 2551 504 2595 Episcopum
528 2548 795 2584 Cantuariensem
819 2549 1036 2591 loqueremini
1059 2575 1070 2591 ‚
1102 2551 1213 2584 admisi
1241 2575 1248 2583 .

302 2599 416 2637 Placet
438 2602 548 2644 itaque
572 2598 655 2633 mihi
669 2622 680 2639 ,
707 2599 867 2643 quatenus
879 2600 970 2644 super
991 2600 1055 2634 hoc
1068 2612 1192 2634 mecum
1206 2601 1248 2634 lo·

303 2650 472 2695 quamini.
502 2646 610 2683 Vobis
620 2649 709 2682 enim
723 2660 763 2683 ex
775 2660 894 2694 magna
908 2660 994 2693 parte
1018 2651 1165 2685 innotuit
1179 2663 1250 2685 cau·

303 2701 358 2741 sa,
384 2700 548 2743 quaeinter
573 2709 634 2731 nos
656 2699 810 2741 vertitur,
836 2701 916 2734 ficut
937 2701 1067 2744 praesens
1078 2701 1209 2735 audistis
1238 2726 1247 2741 ,

303 2750 362 2785 ubi
374 2750 407 2783 in
419 2748 579 2793 praesentia
595 2746 736 2780 Domini
753 2749 853 2794 Regis
866 2750 1010 2784 Franciae
1032 2750 1113 2784 inter
1128 2763 1186 2785 nos
1202 2752 1246 2784 in-

302 2799 345 2835 de
356 2800 460 2833 sermo
473 2797 643 2832 haberetur
655 2822 662 2830 .
690 2797 760 2840 Ipse
770 2800 897 2832 causam
910 2801 1054 2842 praestitit
1066 2801 1244 2842 discordiae,

304 2849 347 2884 ab
367 2850 436 2892 ipso
447 2847 632 2884 concordiae
653 2847 752 2882 debet
772 2849 863 2883 causa
885 2851 1075 2893 procedere.
1101 2852 1170 2896 lpse
1183 2853 1247 2885 vul-

304 2899 551 2942 nusimpreffit,
576 2897 639 2941 ipse
663 2898 771 2945 sanare
791 2899 933 2934 studeat.
957 2900 1023 2935 Per
1040 2902 1143 2945 ipsum
1155 2912 1245 2936 mor·-

303 2949 365 2985 bus
376 2948 533 2989 invaluit,
561 2948 594 2981 in
607 2948 734 2991 ipsoest
756 2958 791 2982 ut
813 2949 947 2984 sanitate
969 2952 1092 2986 reddita
1115 2951 1247 2987 morbus

303 3009 497 3035 evacuetur.
526 2998 601 3043 Ego
614 3008 719 3040 neque
743 3000 872 3032 eausam
894 3000 990 3039 mali,
1021 3013 1125 3045 neque
1135 3005 1247 3037 execu-

302 3051 431 3085 tionem
452 3047 593 3083 excitavi
614 3048 667 3082 vel
690 3048 824 3091 implevi
847 3072 854 3079 .
891 3049 929 3082 In
952 3061 1018 3091 quo
1039 3053 1148 3096 itaque
1171 3053 1248 3087 loco

301 3099 610 3143 utriquenostrum,
637 3098 930 3132 donecconvenire
951 3102 1122 3143 poffimus,
1152 3103 1247 3148 figni-

303 3150 425 3185 ficetis.
455 3148 601 3184 Confido
615 3157 724 3182 autem
746 3148 787 3182 de
809 3146 973 3182 fidelitatis
990 3151 1095 3185 vestrae
1118 3153 1246 3197 integri—

302 3200 411 3235 tate&
431 3199 639 3238 constantia,
666 3198 755 3242 quod
776 3199 874 3232 causae
899 3196 994 3240 hujus
1021 3202 1146 3235 veritati
1158 3203 1245 3236 favo·

303 3261 370 3285 rem
392 3249 612 3284 inclinabitis.
638 3247 779 3291 Ideoque
801 3248 998 3282 affectuosius
1018 3251 1145 3294 accipio
1166 3273 1177 3290 ‚
1209 3261 1245 3285 ut

302 3301 404 3335 vestra
415 3299 567 3334 discretio
579 3298 772 3342 diligentius
786 3310 891 3331 meam
905 3299 988 3334 circa
1012 3297 1075 3333 hoc
1099 3301 1245 3335 volunta-

303 3356 369 3383 tem
382 3350 415 3383 oc
427 3350 612 3394 aequitatem
623 3348 771 3383 attendat
784 3371 791 3378 .
824 3347 975 3383 Praeterea
998 3348 1038 3383 ad
1060 3360 1117 3384 vos
1137 3350 1244 3397 dirigo

303 3407 409 3432 meam
429 3398 696 3443 conquestionem
719 3399 810 3442 super
831 3397 894 3432 hoc
920 3423 931 3439 ,
967 3399 1058 3444 quod
1081 3401 1244 3436 Dominus

302 3458 395 3483 meus
404 3447 479 3482 Rex
487 3449 629 3484 Francia:
640 3459 743 3492 nuper
754 3458 881 3492 aequum
904 3449 1066 3484 excedens
1075 3475 1085 3492 ‚
1114 3449 1194 3485 mihi
1209 3454 1244 3485 in

304 3496 388 3534 meis
399 3498 636 3542 fecitinjuriam
649 3525 657 3535 .
677 3498 801 3535 Vestra
812 3509 953 3546 namque
966 3500 1188 3549 mediatione}
1209 3502 1245 3537 δε

1066 164 1617 219 EPISTOLAE

1341 248 1483 285 Comitis
1498 249 1688 287 Theobaldi
1710 252 1816 287 fratris
1835 253 1953 294 vestri,
1979 257 2165 298 posthabito
2189 269 2279 294 meo-

1340 310 1411 334 rum
1423 302 1563 336 confilio
1575 326 1587 342 ,
1599 303 1632 335 su
1637 314 1688 345 per
1699 300 1763 338 hoc
1773 304 1860 347 quod
1874 302 2111 347 praedecessores
2121 310 2185 345 mei
2199 320 2282 343 nun.

1338 351 1435 393 quam
1447 352 1595 387 fecerunt
1605 376 1616 393 ,
1643 365 1701 397 pro
1714 354 1803 388 bono
1816 354 1904 397 pacis
1917 365 1970 388 rne
1986 364 2098 390 totum·
2114 368 2215 403 nuper
2224 371 2281 394 ex.

1340 402 1431 442 posui
1442 402 1608 437 voluntati
1629 403 1771 438 Domini
1795 404 1898 450 Regis
1922 405 2090 446 Franciae,
2113 407 2214 444 vestro
2223 409 2279 444 ,ἆ-

1337 449 1503 492 quiescens
1521 453 1678 503 confilio.
1707 453 1781 489 Vos
1801 466 1911 489 autem
1935 466 2004 490 non
2025 453 2124 490 credo
2147 455 2241 494 latete
2264 484 2277 501 ,

1337 501 1506 542 quomodo
1527 502 1609 538 mihi
1636 515 1738 548 nuper
1758 504 1927 549 injuriatus
1945 505 2011 539 est.
2039 504 2147 540 Vobis
2171 516 2277 544 autem

1337 559 1538 594 conqueror,
1564 564 1599 587 ut
1623 554 1713 597 quod
1737 555 1772 589 in
1797 554 2012 599 praejudicium
2025 558 2112 599 pacis
2122 554 2206 590 inter
2218 564 2277 592 nos

1337 598 1460 635 statutae
1469 604 1659 648 praesumpfit
1672 628 1683 645 ,
1708 605 1914 650 transgreffio
1926 606 2020 640 vobis
2030 605 2196 649 displiceat
2208 627 2220 646 ,
2242 606 2277 641 dt

1334 658 1408 683 eum
1421 651 1459 684 ad
1473 653 1724 689 satisfactionem
1735 655 1851 698 justam
1863 654 2023 691 deducere
2035 656 2199 702 satagatis,
2211 665 2284 701 quo

1335 699 1471 735 authore
1481 703 1545 747 ipsa
1558 705 1641 741 facta
1653 706 1697 739 est
1713 729 1720 737 .

1518 803 1547 837 Ε
1572 803 1600 837 Ρ
1626 805 1641 838 l
1668 806 1689 840 S
1715 805 1752 839 T
1776 806 1811 841 O
1837 807 1865 842 L
1892 804 1924 841 A
2032 807 2093 842 IX.

1474 901 1593 939 Tbomae
1618 901 1827 948 Cantuanenfi
1849 906 1937 941 Archi
1951 925 1962 931 -
1974 906 2124 952 Epist-opo

1627 956 1765 1000 Magister
1791 961 1941 991 Vivianus
1958 981 1966 989 .

1405 1049 1687 1090 ENEDICTUS
1713 1054 1804 1088 Deus
1826 1053 1861 1088 ἀ
1889 1054 1983 1090 Patet
2002 1054 2146 1092 Domini
2171 1053 2275 1090 nostri

1426 1099 1496 1143 Jesu
1518 1103 1640 1138 Christi
1651 1130 1661 1145 ‚
1688 1105 1743 1147 qui
1756 1104 1936 1147 disjunctos
1950 1105 2083 1147 parietes
2095 1105 2274 1150 suggestio-

1328 1159 1371 1182 ne
1390 1161 1561 1192 pravorum
1581 1177 1593 1194 ‚
1619 1154 1835 1189 indissolubili
1855 1153 1920 1196 jam
1940 1151 2273 1189 charitatis'vinculo

1328 1199 1420 1232 unire
1439 1211 1553 1236 contra
1574 1204 1754 1239 multorum
1771 1205 1968 1248 opinionem
1982 1214 2109 1249 paratus
2118 1203 2184 1239 est.
2213 1201 2272 1239 Aa

1327 1249 1525 1290 praesentiam
1537 1252 1638 1298 Regis
1648 1256 1787 1289 revocati
1799 1255 1987 1291 acceffimus
1999 1279 2009 1295 ,
2034 1255 2070 1289 δε
2080 1264 2117 1289 ea
2141 1252 2270 1288 Divina

1324 1308 1523 1342 cooperante
1542 1303 1646 1346 gratia
1667 1304 1873 1345 invenimus,
1900 1305 1933 1337 in
1946 1304 2064 1348 quibus
2082 1301 2192 1338 honor
2202 1303 2271 1338 Dei

1322 1348 1355 1380 δε
1368 1349 1518 1383 Ecclesiae
1529 1351 1563 1384 in
1577 1352 1669 1390 nullo
1682 1353 1823 1388 violatur
1833 1378 1840 1385 .
1866 1354 1901 1387 si
1915 1365 1996 1399 ergo
2016 1353 2188 1388 Nuncium
2200 1353 2273 1387 Do·

1323 1398 1406 1432 mini
1418 1398 1522 1444 Regis
1532 1402 1730 1437 Francorum
1746 1429 1758 1444 ,
1781 1403 1816 1437 δε
1830 1403 1971 1438 Domini
1990 1401 2270 1448 Rothomagenflt

1321 1447 1384 1490 jam
1396 1450 1561 1492 recepistis
1572 1474 1584 1490 ,
1610 1452 1690 1485 ficut
1701 1452 1923 1486 indubitanter
1932 1452 2093 1488 credimus
2103 1477 2115 1493 ,
2142 1453 2268 1499 gaude·

1322 1508 1395 1531 mus
1413 1521 1420 1529 .
1448 1498 1495 1534 Ita
1506 1499 1597 1534 enim
1610 1500 1838 1535 fuitstatutum
1851 1525 1859 1533 .
1886 1502 1931 1536 Et
1954 1501 1977 1535 fi
1997 1502 2155 1547 Magister
2172 1500 2269 1544 Jona-

1323 1557 1378 1579 nes
1388 1547 1651 1591 Saresberienfis,
1678 1550 1826 1586 Clericus
1849 1550 1973 1592 vester,
1997 1549 2269 1587 ehariffimusSo·

1320 1597 1391 1630 eius
1399 1598 1525 1638 noster,
1548 1598 1590 1633 ad
1601 1610 1659 1636 vos
1670 1601 1786 1642 rediit,
1813 1601 1892 1635 ficut
1902 1602 2061 1644 speramus
2075 1625 2087 1642 ‚
2107 1602 2267 1644 quoniam

1322 1646 1492 1682 Nuncium
1502 1650 1641 1693 recepit,
1668 1651 1832 1686 laetamur.
1859 1649 2033 1699 Qidquid
2045 1660 2176 1692 tamen,
2199 1650 2268 1686 Re-

1321 1695 1458 1732 verende
1477 1698 1596 1741 Pater,
1621 1701 1741 1742 fuerit,
1778 1711 1933 1747 rogamus
1955 1725 1967 1742 ‚
1993 1701 2029 1737 ἀ
2051 1699 2202 1746 rogando
2220 1711 2266 1736 ex

1319 1756 1408 1788 parte
1420 1749 1563 1783 Domini
1576 1750 1668 1794 Papae
1677 1752 1710 1785 δε
1719 1753 1881 1787 Romana
1891 1751 2041 1786 Ecclefiae
2051 1750 2267 1792 consulimus.

1318 1806 1354 1829 ut
1365 1799 1643 1834 omnioccafione
1662 1802 1836 1844 postposita
1857 1801 1899 1835 ad
1919 1801 2148 1845 colloquium,
2172 1797 2267 1844 quod

1317 1844 1400 1879 inter
1413 1847 1495 1881 duos
1507 1847 1616 1894 Reges
1625 1851 1710 1893 apud
1723 1851 1752 1883 S.
1768 1850 1967 1893 Dionysium
1979 1851 2084 1894 prima.
2108 1848 2265 1885 Domini·

1317 1906 1353 1929 ca
1365 1896 1435 1939 post
1447 1897 1563 1934 festum
1576 1900 1606 1934 S.
1619 1899 1757 1934 Martini
1775 1899 1992 1935 celebrabitur
2005 1924 2017 1941 ,
2041 1899 2266 1934 defidentiffi·

1318 1946 1370 1980 me
1382 1950 1558 1983 occurratis
1570 1973 1578 1980 .
1608 1951 1781 1997 Qoniam
1792 1951 1862 1984 illic
1874 1951 2011 1985 authore
2027 1949 2107 1984 Deo
2118 1948 2262 1994 Angeli-

1317 2007 1393 2031 cum
1411 1997 1574 2041 accipietis
1594 1998 1777 2041 hymnum:
1805 2000 1910 2034 Gloria
1937 2006 1968 2034 in
1977 1999 2095 2042 excelfis
2109 2001 2172 2034 Deo
2188 2022 2201 2039 ,
2225 2000 2264 2035 θ

1317 2050 1349 2078 in
1359 2056 1443 2080 terra
1450 2057 1517 2090 pax
1530 2051 1654 2082 Domino
1665 2049 1886 2091 cantuarienfi.
1918 2050 2077 2095 Magister
2086 2049 2119 2084 &
2132 2047 2263 2093 presby-

1316 2105 1363 2130 ter
1375 2097 1580 2133 Camerarius
1590 2100 1750 2134 summi&
1761 2099 1896 2134 maximi
1908 2099 2094 2134 Cardinalis
2119 2096 2262 2132 Wilhel·

1318 2148 1386 2189 mi,
1415 2147 1612 2184 fideliffimus
1631 2148 1748 2189 vester,
1777 2161 1835 2185 vos
1853 2150 1931 2184 ficut
1955 2149 2121 2194 proprium
2141 2147 2262 2184 Domi·

1317 2209 1396 2231 num
1419 2200 1556 2241 salutat,
1583 2200 1616 2234 δε
1637 2198 1806 2234 nobiscum
1829 2199 1921 2234 estin
1942 2198 2052 2234 labore
2067 2198 2193 2239 socius,
2223 2198 2260 2234 δε

1313 2251 1396 2290 gerit
1408 2251 1578 2293 personam
1591 2250 1732 2284 Domini
1743 2250 1789 2284 sui
1800 2275 1811 2291 ‚
1837 2250 1872 2283 δε
1883 2247 2027 2293 quaedarn
2040 2250 2167 2284 Secreta
2180 2248 2260 2283 Do-

1315 2298 1396 2331 mini
1421 2299 1525 2344 Regis
1548 2311 1675 2344 portat,
1700 2311 1771 2344 quae
1795 2298 1836 2334 ad
1859 2299 2095 2334 exaltationem
2119 2297 2259 2334 vestram

1312 2347 1518 2383 omnimodo
1531 2351 1674 2393 spectant
1684 2375 1691 2382 .
1721 2351 1776 2384 Est
1789 2349 1936 2393 praeterea
1950 2375 1960 2391 ‚
1980 2347 2069 2395 quod
2081 2359 2143 2383 nos
2155 2371 2169 2389 ,
2179 2358 2259 2384 eum

1314 2397 1477 2440 praesentes
1499 2399 1619 2432 erimus
1633 2423 1643 2439 ,
1670 2410 1896 2442 exponemus,
1918 2400 2007 2440 quod
2028 2398 2121 2433 vobis
2141 2398 2260 2433 cousu-

1313 2446 1372 2488 lit,
1398 2457 1434 2481 ut
1445 2448 1584 2482 omnino
1596 2447 1638 2482 ad
1658 2449 1862 2492 colloquium
1886 2458 2095 2490 properanter
2116 2447 2262 2482 acceda-

1312 2498 1377 2539 tis,
1404 2499 1479 2541 quia
1503 2497 1630 2542 Regem
1653 2498 1687 2531 &
1709 2498 1777 2540 ejus
1802 2498 1888 2531 filios
1909 2496 1998 2539 juxta
2021 2495 2162 2530 vestrum
2171 2495 2258 2531 arbi·

1311 2548 1409 2581 trium
1431 2546 1609 2582 habebitis.
1637 2548 1712 2582 Nos
1735 2556 1940 2589 properamus
1960 2545 2001 2580 ad
2019 2545 2254 2582 sereniffimum

1311 2597 1438 2642 Regem
1464 2598 1687 2637 Francorum,
1723 2597 1758 2631 ὅ(
1779 2596 1978 2640 diplomate,
2006 2606 2043 2630 ut
2065 2606 2124 2630 vos
2147 2595 2255 2631 videa-

1310 2658 1382 2682 mus
1392 2670 1402 2686 ,
1416 2648 1538 2683 utimur
1549 2669 1559 2687 ,
1570 2647 1708 2682 &illico
1720 2646 1814 2680 simul
1826 2646 1867 2681 ad
1880 2645 2034 2681 statutum
2043 2644 2252 2690 colloquium

1309 2696 1491 2732 accedatis.
1518 2697 1648 2733 Omnes
1670 2697 1838 2731 vobiscum
1861 2696 1895 2731 in
1906 2694 2007 2730 exilio
2019 2695 2252 2738 positosfince·

1310 2746 1429 2783 riffime
1441 2747 1628 2782 salutamus.
1646 2748 1808 2792 Optamus
1818 2756 1854 2781 ut
1864 2743 2063 2781 chariffimus
2076 2746 2183 2779 socius
2192 2756 2252 2780 no·

1309 2798 1371 2833 ster
1382 2797 1540 2843 Magister
1549 2797 1687 2843 Longus
1697 2822 1708 2838 ,
1735 2808 1827 2834 more
1838 2797 1899 2831 suae
1909 2796 2016 2842 gentis
2026 2819 2038 2837 ,
2063 2795 2100 2830 in
2120 2793 2186 2831 hoc
2196 2805 2250 2830 ne-

1308 2849 1404 2894 gotio
1415 2848 1592 2893 prudenter
1605 2848 1706 2892 sapiat
1719 2872 1728 2881 .

1504 2943 1906 2983 vEPISTOLA
2005 2944 2049 2979 Χ.

1333 3033 1494 3084 Thornaf
1501 3031 1741 3133 Cantuariengs
1753 3046 1854 3106 nrchi
1864 3065 1876 3073 -
1885 3047 2048 3092 Episcopo
2058 3044 2220 3092 Magistro

1730 3110 1841 3133 liliano
1852 3124 1860 3131 .

1307 3197 1434 3233 Thomas
1446 3202 1504 3233 Del
1511 3203 1615 3242 grana
1629 3198 1850 3241 c'antuaerienfis
1864 3195 1996 3241 Ecclefiae
2007 3194 2133 3235 minister
2148 3193 2243 3228 bumi-

1356 3251 1393 3283 lis
1405 3273 1416 3290 ,
1441 3251 1475 3284 e·
1486 3249 1647 3291 Apostollcae
1668 3251 1752 3283 Sedis
1777 3252 1906 3294 Legata:
1919 3273 1930 3289 ,
1960 3245 2098 3290 Magistro
2108 3248 2242 3279 Viviaeno

1353 3298 1498 3344 fidelisuo
1507 3324 1519 3341 ,
1544 3301 1578 3334 ὀ·
1604 3302 1633 3333 5.
1644 3302 1679 3332 R.
1700 3298 1834 3341 Ecclefiae
1862 3300 2010 3333 Advocato
2034 3321 2046 3339 ,
2065 3293 2192 3339 salutern
2204 3295 2239 3327 δ’

1351 3357 1407 3392 per
1418 3354 1516 3383 omnia
1525 3350 1602 3385 νεθὲ
1609 3349 1718 3394 sapere
1729 3349 1938 3394 &intelligere
1950 3372 1958 3380 .

1305 3446 1561 3538 HABITA
1587 3451 1715 3486 ratione
1738 3449 1934 3496 Legationis
1955 3446 2015 3483 tibi
2034 3440 2205 3480 commiffae
2229 3458 2241 3474 ι

1435 3500 1470 3536 &
1490 3502 1618 3548 negotii
1639 3499 1776 3545 crediti,
1800 3513 1842 3538 ex
1861 3499 1983 3536 accessu
1999 3506 2058 3533 tuo
2067 3493 2108 3529 ad
2121 3489 2243 3575 Dlpnmi-

2112 3552 2133 3576 n
