2358 3776
12 2048 14 2051 v
75 2013 177 2042 mano
199 2006 358 2042 Pontifici
382 2009 576 2043 reservatur.

215 84 255 130 s.
325 78 704 140 THOMAE
771 72 1718 131 cA'NTuARtENsts.

75 166 218 207 quodam
236 163 394 207 capitolio
405 163 561 198 virtutum
573 175 689 199 omnes
709 171 932 211 congeruntur
944 161 1015 197 sen·

76 217 151 256 sus,
173 214 367 250 &universis
386 216 420 250 ὃς
440 214 573 259 singulis
582 214 783 259 provideret,
810 213 851 250 dc
869 211 901 248 ei
922 212 1020 247 vicis-

73 266 130 299 sim
148 264 262 299 omnia
282 265 514 299 famularentur
534 276 593 308 pro
612 265 738 299 ratione
758 265 821 298 sua
851 262 1015 299 conditio·

75 315 143 350 nis.
170 314 297 349 Ductor
316 316 488 359 gentium,
514 315 570 360 qui
590 314 749 359 gloriatur
769 314 803 349 se
813 324 884 349 non
907 312 949 348 ab
962 312 1022 349 ho·

72 364 184 404 mine,
211 375 317 408 neque
328 375 382 409 per
399 364 568 400 hominem
590 362 806 409 Evangelium
832 362 981 399 didicisse
1006 388 1018 406 ,

72 414 127 448 sed
138 414 324 449 instructum
336 416 353 450 a
367 415 524 456 Christo,
543 413 710 448 adscendit
725 413 994 458 Hierosolymam
1008 440 1019 456 ,

74 473 150 498 cum
172 464 385 500 Ecclesiarum
405 464 555 506 Principe
565 463 607 498 de
617 463 681 498 fide
698 465 840 499 contulit
853 489 865 505 ‚
892 463 932 499 ne
959 464 1020 499 for-

75 513 150 548 rein
164 526 304 550 vacuum
315 525 452 550 curreret
463 514 511 547 vel
523 514 708 550 cucurrisset
725 539 732 548 .
762 514 804 549 Et
816 525 852 549 ut
867 514 1017 559 piurimis

74 573 162 607 patet
177 566 363 610 exemplis,
382 564 507 609 singula
532 564 704 609 Evangelii
716 565 855 601 flumina
866 565 908 601 ad
919 576 1017 605 mare,

74 614 164 650 unde
172 626 243 651 orta
253 618 346 656 sunt,
373 614 529 656 redeunt,
555 624 593 648 ut
620 615 737 649 iterum
760 616 882 651 fluant.
909 616 1020 660 Siqui-

75 664 150 698 dem
161 665 235 700 fons
250 662 387 700 Paradisi
401 675 484 698 unus
495 665 561 706 est,
591 665 689 700 sedin
712 665 804 711 plura
826 665 1019 703 rescinditur

75 714 230 757 flumina,
255 725 292 750 ut
302 714 447 759 undique
458 716 568 760 irriget
579 725 696 750 terram
707 741 717 750 .

127 765 213 812 Quis
233 764 422 800 Romanam
439 765 614 799 Ecclesiam
626 775 726 808 caput
740 767 894 801 omnium
907 765 1019 802 Eccle-

75 814 188 848 flamm
207 814 240 847 ἀ
252 815 378 848 fontem
397 813 566 848 catholicae
588 814 737 850 doctrinae
757 816 900 862 ambigit
912 817 975 851 esse
1001 817 1020 850 ἔ

74 864 162 911 Qis
172 863 277 898 claves
289 862 399 908 Regni
418 863 579 900 coelorurn
590 864 690 900 Petro
699 867 833 901 traditas
847 868 910 901 effe
922 867 1018 912 igno-

75 914 145 948 rat?
169 912 343 949 Nonnein
362 913 472 950 fide&
483 914 631 951 dossrina
645 916 734 951 Petri
756 919 858 952 totius
874 916 1021 952 Ecclesiae

74 963 227 998 structura
243 963 413 1008 consurgit
425 989 436 1005 ,
461 962 570 999 donec
579 977 787 1001 occurramus
796 978 914 1002 omnes
928 965 1019 1001 Chri·
1041 994 1043 1000 .

74 1013 170 1048 stoin
181 1014 285 1047 virum
303 1015 501 1056 perfectum,
526 1015 560 1048 in
572 1017 733 1052 unitatem
758 1017 834 1052 fidei
850 1042 862 1059 ,
884 1018 919 1052 ἀ
930 1017 1020 1062 agni·
1043 1059 1045 1062 y

76 1062 202 1098 tionem
214 1063 275 1097 filii
286 1063 376 1099 Dei?
404 1063 539 1099 Necesse
549 1065 683 1108 quidem
690 1066 738 1102 est
751 1068 875 1103 multos
886 1068 949 1102 esse
963 1067 1019 1109 qui

75 1112 226 1156 plantent
238 1136 252 1154 ‚
277 1113 400 1149 multos
416 1114 473 1159 q'ui
499 1113 633 1161 irrigent
643 1142 656 1159 ‚
681 1117 840 1162 quoniam
863 1116 930 1152 hoc
953 1116 1020 1150 exi-

75 1162 127 1207 git
136 1162 296 1206 procemis
307 1163 391 1199 verbi
403 1188 415 1205 ,
439 1163 632 1201 &dilatatio
644 1167 842 1211 populorum
853 1190 865 1208 ,
888 1177 966 1201 curn
981 1166 1016 1201 &

75 1213 231 1255 ntiquus
250 1213 392 1256 populus
417 1225 436 1254 ,s
449 1215 451 1217 ’
464 1214 518 1247 cni
541 1226 644 1250 unum
669 1216 846 1252 sufficiebat
869 1216 982 1250 Altare
1009 1239 1019 1255 ‚

73 1261 181 1306 piures
190 1271 232 1295 ex
241 1262 425 1297 necessitate
436 1263 607 1308 magistros
620 1265 770 1300 habuerit
781 1290 793 1308 ‚
818 1266 941 1300 nedum
953 1274 1020 1298 mo-

74 1310 121 1345 do
129 1310 171 1345 in
181 1312 344 1346 concursu
354 1312 389 1345 δε
399 1312 570 1348 affluentia
591 1315 742 1359 gentium
756 1340 766 1357 ,
792 1314 914 1360 quibus
925 1315 1019 1350 Liba-

75 1370 138 1395 nus
151 1370 225 1395 'non
237 1361 355 1396 sufficit
374 1362 418 1396 ad
435 1363 690 1407 succedendum,
719 1366 753 1400 ἀ
773 1366 929 1401 animalia
950 1376 1026 1401 non¹
1045 1394 1048 1396 .

74 1409 177 1445 modd
188 1409 341 1456 Libani,
370 1410 422 1446 sed
443 1422 502 1447 nec
521 1413 625 1450 totius
645 1414 955 1459 Judaeaesufficerent
978 1414 1018 1449 ad

74 1458 304 1496 holocaustum
317 1486 325 1494 .
353 1462 413 1497 Sed
425 1464 623 1510 quicumque
646 1467 684 1501 fit
697 1466 752 1512 qui
765 1467 849 1511 rigat
860 1477 916 1501 aut
930 1466 1021 1510 plan·

74 1518 150 1550 tat,
176 1510 703 1556 Deusnullidatincrementiun,
729 1517 787 1550 nisi
800 1516 848 1550 illi
862 1517 919 1560 qui
932 1515 1021 1559 plan-

74 1560 158 1596 tavit
178 1559 213 1594 in
225 1561 290 1597 fide
303 1562 415 1602 Petri,
432 1563 472 1611 v&
481 1563 635 1612 destrinxit
646 1566 739 1608 ipsius
752 1566 926 1610 acquiescit
937 1577 945 1586 ·
970 1566 1022 1599 Sa-

73 1609 120 1659 ne
139 1609 179 1643 ad
202 1621 281 1644 eum
302 1611 445 1645 maxima
475 1614 586 1655 populi
619 1613 738 1656 judicia
758 1615 940 1649 referuntur
962 1639 974 1655 ,
1004 1613 1023 1647 a

77 1658 238 1694 Romano
258 1659 473 1695 examinanda
485 1661 649 1697 Pontifice
661 1689 672 1705 ,
698 1665 731 1698 δε
749 1664 892 1708 dispositi
913 1663 1023 1699 subeo

75 1707 195 1743 Matris
215 1709 361 1745 Ecclesiae
382 1710 595 1753 Magistratus
612 1735 622 1750 ,
650 1722 810 1752 quatenus
827 1715 863 1746 in
896 1722 1021 1755 partem
1048 1730 1052 1745 .·

75 1757 307 1805 sollicitudinis
326 1757 421 1790 acciti
446 1760 540 1799 sunt,
566 1759 723 1793 creditam
736 1770 921 1795 exercerent
932 1770 1021 1803 pote·
1049 1784 1051 1786 .

68 1799 210 1842 statem.
238 1806 294 1842 Ut
313 1805 467 1842 Sacerdos
481 1830 492 1846 ‚
514 1809 603 1852 quod
618 1809 652 1842 in
664 1807 758 1852 plebe
781 1809 837 1845 sibi
849 1810 1019 1845 commissa

71 1856 227 1901 expedire
238 1867 305 1891 non
317 1856 422 1900 potest
434 1881 445 1898 ,
470 1857 509 1891 ad
525 1858 721 1902 Episcopum
735 1860 851 1894 referat
861 1884 872 1900 ‚
898 1861 955 1902 qui
967 1871 1021 1894 ne-

71 1906 165 1952 gotia
186 1906 274 1951 supra
286 1906 317 1941 se
337 1905 379 1942 ad
393 1907 497 1942 Archi
511 1927 522 1933 -
532 1909 732 1953 Episcopum
747 1909 874 1944 reducit
883 1919 940 1944 aut
953 1909 1021 1943 Pri·

64 1962 210 1996 matem‚
232 1957 252 1991 a
275 1956 393 2000 quibus
417 1957 578 2002 quidquid
601 1959 782 1993 maximum
805 1959 926 1999 fuerit,
953 1960 1023 1993 Ro·

615 2009 777 2044 Ordinem
799 2008 889 2044 hunc
909 2008 1022 2043 Petrus

76 2056 209 2091 docuit.
234 2056 339 2092 Hunc
359 2059 457 2103 usque
478 2059 582 2094 modo
605 2057 779 2093 Catholica
802 2060 937 2093 servavit
961 2057 1021 2092 Ec·

76 2107 171 2142 clesia
185 2131 197 2147 ‚
221 2118 282 2143 nec
303 2108 472 2152 unquam,
496 2109 636 2144 authore
658 2109 832 2151 Domino,
860 2107 1020 2155 quidquid

76 2156 234 2192 moliatur
249 2157 406 2203 iniquitas
417 2182 429 2199 ,
453 2159 656 2193 subvertetur
667 2184 675 2191 .

126 2205 165 2240 In
188 2206 310 2251 Regno
331 2218 438 2242 autem
461 2208 649 2254 Anglorum
663 2234 674 2250 ‚
709 2207 798 2253 quod
821 2209 885 2243 fine
909 2209 1023 2244 dolore

75 2255 188 2291 multo
207 2256 248 2291 ad
269 2266 412 2291 mentem
432 2257 608 2300 reducere,
633 2269 688 2292 aut
710 2260 776 2293 fine
799 2259 950 2302 lacrymis
972 2259 1019 2293 di—

75 2316 150 2340 cere
171 2316 240 2340 non
265 2307 407 2341 valemus
423 2331 435 2348 ,
472 2308 614 2342 multum
638 2309 838 2352 praesumitur
870 2307 1023 2343 adversus

75 2355 213 2389 Petrum
229 2379 237 2387 .
259 2355 352 2390 Sedis
377 2356 595 2399 apostolicae,
622 2369 781 2402 quantum
810 2359 844 2392 in
867 2360 1020 2404 perversis

75 2403 299 2440 potestatibus
310 2404 354 2439 est
366 2430 378 2448 ‚
401 2415 580 2442 attentatur
600 2408 635 2442 δε
658 2409 858 2452 periclitatur
879 2408 1020 2444 authori-

73 2462 146 2495 tas,
172 2452 254 2489 dum
264 2455 334 2496 illi,
362 2467 445 2500 quos
468 2457 631 2492 necessitas
653 2469 711 2502 pro
736 2458 937 2503 compendio
959 2470 1020 2503 poe·

75 2503 246 2544 nitentiae,
272 2505 323 2539 vel
335 2506 481 2541 remedio
502 2507 640 2549 mimz,
664 2519 721 2543 aut
733 2507 1023 2545 visitationisdebi·

1076 159 1405 206 tionepraecipimus‚
1431 158 1533 196 uthis
1558 163 1614 207 qui
1628 166 1847 210 appellantes,
1870 178 1928 204 aut
1954 167 2029 204 poe.

1081 212 1220 250 nitentes
1226 215 1243 251 ,'
1266 210 1307 247 ad
1317 211 1507 248 Dominum
1521 211 1643 256 Papam
1657 214 1707 247 vel
1719 216 1760 249 ad
1766 227 1830 251 nos
1838 217 2025 260 tendentes,

1081 260 1285 308 impediunt,
1308 272 1368 297 aut
1382 261 1583 298 redeuntesa
1608 263 1763 298 Domino
1773 261 1859 310 Papa
1870 270 1950 304 vela
1963 281 2023 305 no·

1081 313 1155 355 bis,
1178 311 1388 348 denuncietis
1405 313 1566 358 quoniam
1589 310 1786 361 sententiam
1807 317 2025 355 anathematis

1081 365 1272 400 incurrunt.-
1300 372 1367 398 tam
1388 361 1424 398 hi
1447 363 1507 409 qui
1524 362 1592 398 'hoc
1601 365 1729 398 faciunt
1751 365 1788 398 in
1811 368 1935 408 propria
1957 382 2024 411 per.

1082 416 1180 454 sona,
1206 413 1304 457 quam
1327 414 1430 459 Regis
1450 414 1631 456 officiales,
1667 415 1725 459 qui
1748 414 1790 450 ad
1813 413 1879 449 hoc
1901 417 2024 453 facinus

1078 463 1283 508 compellunt
1301 464 1403 499 alios.
1428 463 1508 500 Illos
1529 473 1663 506 autem,
1688 465 1747 510 qui
1769 463 1924 500 coaeii'de
1942 475 2027 499 tran·

1080 513 1244 550 seuntibus
1256 513 1472 560 impediendis
1481 515 1662 559 juramenta
1675 515 1792 550 illicita
1802 514 2027 559 praestiterunt,

1080 564 1120 599 ab
1132 563 1197 598 hoc
1208 564 1395 607 juramento
1404 565 1606 601 absolvimus
1617 589 1629 606 ,
1653 566 1719 600 uta
1742 574 1834 600 tanta
1849 565 2028 608 iniquitate

1080 614 1231 650 desistant
1253 615 1484 659 postmodum,
1515 616 1551 651 ά
1574 614 1615 650 de
1635 616 1809 651 commisso
1832 616 2028 659 poenitentes

1080 665 1206 700 discant
1217 665 1326 709 potius
1350 666 1426 701 Deo
1449 667 1547 713 quam
1568 664 1700 701 homini
1719 665 1870 701 obedire.
1899 665 1933 699 Si
1955 665 2029 709 quis

1082 715 1230 750 Ecclesiae
1247 715 1310 750 suae
1327 716 1487 761 justitiam
1512 726 1726 761 promovens,
1764 716 1801 759 dc
1824 714 2031 759 Apostolicoe

1081 763 1263 800 Sedisidem
1275 767 1421 808 servans,
1450 765 1840 811 dispendiareformidat,
1867 765 2030 800 memine-

1081 816 1139 857 rit,
1167 815 1325 860 quoniam
1338 815 1477 852 Ecclesia
1490 817 1626 852 virtutes
1637 841 1649 858 ,
1670 816 1770 862 quim
1781 825 2033 854 momentaneas

1081 877 1159 910 ope-s
1179 865 1391 911 longetutius
1411 867 1444 901 δι
1458 866 1571 903 utilius
1594 865 1809 903 thesaurizat.
1838 865 1992 901 Christus
2018 889 2030 905 ‚

1082 917 1139 960 qui
1159 916 1304 951 Ecclesiae
1326 916 1487 952 Romanae
1506 917 1664 961 praefidet,
1691 925 1808 953 omnes
1829 915 2029 951 adversarias

1081 964 1213 1001 cohibet
1227 966 1415 1010 potestates.
1444 968 1486 1002 Et
1498 968 1554 1012 qui
1564 976 1714 1012 potentes
1724 977 1875 1013 potenter
1886 966 2002 1010 puniet
2018 989 2030 1007 ,

1081 1027 1214 1052 omnem
1226 1017 1369 1053 decrevit
1379 1018 1487 1062 puniri
1512 1018 1788 1053 inobedientiam.
1816 1017 1902 1052 Non
1924 1015 2033 1050 humi·

1082 1067 1128 1101 les
1138 1077 1247 1102 tamen
1262 1067 1428 1103 adducens
1447 1068 1482 1102 in
1494 1067 1655 1112 judicium
1667 1093 1678 1110 ‚
1705 1068 1758 1103 sed
1782 1067 1944 1112 gloriosos
1966 1077 2033 1100 ter-

1082 1129 1119 1151 rae
1131 1117 1282 1152 humiliat
1298 1118 1446 1154 Ecclefiae
1458 1118 1660 1161 ministerio,
1685 1117 1837 1154 adversus
1850 1127 1949 1162 quarn
1972 1126 2034 1150 nec

1082 1177 1182 1211 portae
1194 1167 1290 1202 inferi
1305 1169 1522 1212 praevalebunt
1533 1194 1541 1202 .

1131 1215 1258 1251 Pudeat
1271 1229 1330 1253 vos
1340 1242 1351 1257 ,
1377 1218 1570 1254 dilectissimi
1583 1241 1593 1256 ‚
1607 1218 1720 1263 iniqua
1729 1226 1880 1252 exercere
1891 1215 2012 1259 judicia
2021 1238 2033 1254 ‚

1082 1275 1118 1301 ut
1140 1265 1232 1309 juxta
1253 1267 1343 1310 quod
1369 1268 1467 1301 nobis
1494 1267 1654 1301 insultant
1683 1276 1831 1310 proceres
1854 1265 1990 1309 Regni,
2013 1264 2047 1297 ss

1084 1316 1352 1360 pauperoffendit
1365 1318 1397 1350 in
1413 1316 1554 1351 minimo
1567 1341 1577 1357 ,
1603 1315 1698 1350 illico
1719 1315 1741 1349 ὲ·
1762 1314 2035 1350 nobis&officia-

1084 1365 1167 1400 libus
1188 1366 1307 1401 nostris
1325 1367 1367 1403 ab
1391 1366 1532 1402 Ecclesia
1543 1366 1757 1408 excludatur;
1784 1366 1806 1399 si
1831 1365 1923 1399 dives
1945 1374 2038 1399 cotn-

1083 1415 1187 1451 mittit
1211 1417 1372 1458 crimina,
1401 1429 1470 1451 non
1483 1417 1700 1451 conveniatur
1722 1416 1774 1450 vel
1793 1414 1894 1449 verbo
1907 1439 1918 1455 ‚
1943 1424 1980 1448 ut
2000 1414 2035 1447 in

1045 1482 1047 1486 ⁴
1077 1467 1125 1499 sic
1148 1467 1361 1501 decernentes
1380 1467 1476 1510 point
1499 1467 1579 1500 illuc
1600 1466 1633 1500 ἀ
1656 1465 1734 1499 hinc
1753 1464 1932 1508 retorqueri
1949 1478 1962 1499 .·
1989 1467 2037 1496 Et

1084 1525 1184 1549 tamen
1208 1515 1322 1559 miseris
1347 1517 1437 1559 irasci
1464 1521 1589 1549 numina
1608 1515 1726 1558 possunt
1746 1539 1752 1546 .
1782 1514 1960 1548 Providete
1979 1524 2038 1547 vo-

1086 1566 1135 1601 bis
1146 1567 1181 1599 δε
1193 1566 1342 1599 Ecclesiis
1355 1566 1467 1600 vestris
1476 1590 1487 1606 ,
1508 1576 1555 1599 -ne
1567 1562 1594 1596 si
1604 1562 1854 1606 hanc‘injuriarn
1877 1563 2037 1598 Romanae

1089 1615 1235 1649 Ecclesiae
1248 1614 1382 1650 ulterius
1392 1613 1687 1654 diffimulaveritis‚
1712 1613 1833 1648 merito
1855 1612 2038 1647 videamini

1086 1665 1324 1702 adversuseam
1348 1675 1425 1698 curn
1447 1664 1560 1705 impiis
1579 1661 1795 1704 conspirasse,
1822 1662 1856 1696 ἀ
1876 1662 2059 1706 appensam-‚J

1090 1715 1175 1746 tium
1196 1713 1376 1754 praeclusisse
1387 1712 1472 1745 vias.
1499 1711 1534 1746 N
1537 1721 1574 1744 ec
1582 1710 1624 1744 de
1636 1710 1811 1754 dispendio
1820 1709 1888 1753 ejus
1900 1712 2039 1746 vestrum

1085 1762 1231 1805 quaeratis
1256 1760 1488 1804 compendium
1511 1786 1518 1794 .
1546 1759 1758 1795 Mementote
1779 1760 1891 1806 potius
1911 1786 1923 1803 ,
1959 1772 2039 1806 quo-

1086 1810 1189 1844 modo
1210 1809 1287 1844 salvi
1310 1811 1382 1846 faeti
1414 1812 1489 1845 sunt
1513 1810 1626 1846 Patres
1645 1809 1748 1846 nostri
1768 1834 1783 1852 ,
1808 1810 1982 1854 quomodo
2001 1811 2038 1846 ἀ

1085 1860 1203 1903 quibus
1227 1860 1498 1896 tribulationibus
1523 1860 1667 1896 Ecclesia
1689 1859 1828 1895 creverit
1848 1861 1883 1895 ἀ
1901 1861 2038 1896 dilatata

1084 1911 1139 1944 sit:
1167 1922 1247 1955 quas
1258 1911 1416 1955 procellas
1435 1911 1569 1946 evaserit
1602 1911 1695 1945 navis
1705 1910 1817 1951 Petri,
1842 1921 1914 1955 quae
1939 1911 2045 1953 Chri2

1085 1961 1171 1994 stum
1184 1960 1280 1995 habet
1293 1962 1473 1996 vectorem.
1500 1959 1655 2008 Qaliter
1675 1960 1717 1994 ad
1738 1970 1899 1994 coronam
1920 1971 2034 2003 perve-

1085 2010 1213 2049 nerint,
1242 2022 1381 2054 quorum
1395 2011 1475 2045 fides
1496 2021 1536 2043 ex
1560 2010 1774 2044 tribulatione
1791 2009 1909 2044 clarius
1928 2010 2035 2044 eluce-

1085 2059 1142 2093 scit
1152 2085 1159 2092 .
1183 2060 1237 2094 Sic
1249 2059 1384 2103 Moyses
1397 2061 1516 2095 meruit
1528 2059 1639 2104 populi
1649 2058 1875 2103 Principatum
1888 2085 1895 2092 .
1922 2060 1976 2093 Sic
1991 2061 2035 2094 se-

1086 2110 1256 2155 ptuaginta
1266 2110 1388 2153 judices
1400 2111 1531 2145 assecuti
1543 2110 1684 2155 gratiam
1695 2108 1947 2153 prophetalem.
1978 2109 2034 2144 Sic

1085 2159 1196 2194 David
1210 2160 1404 2194 sublimatur
1414 2161 1448 2194 in
1460 2161 1605 2206 Regem.
1632 2160 1687 2196 Sic
1699 2159 1855 2204 Apostoli
1875 2160 2034 2195 const‘itu—

1083 2210 1110 2244 ti
1130 2210 1203 2243 sunt
1220 2209 1345 2252 judices
1357 2211 1462 2244 orbis.
1489 2211 1541 2245 Sic
1557 2212 1710 2245 omnium
1722 2211 1916 2246 Sanctorum
1938 2209 2034 2244 turba

1085 2259 1231 2304 processit
1244 2285 1254 2300 ,
1279 2270 1316 2294 ut
1329 2259 1483 2304 perpetuo
1496 2270 1606 2294 verum
1617 2261 1656 2294 sit
1667 2285 1678 2301 ,
1704 2261 1782 2305 quia
1807 2272 1877 2296 non
1897 2271 2035 2295 corona-

1084 2320 1157 2351 tur,
1184 2309 1241 2342 nisi
1265 2310 1320 2354 qui
1333 2310 1481 2354 legitime
1501 2310 1671 2345 certaverit
1685 2334 1696 2351 ,
1721 2309 1809 2346 &de
1830 2310 1958 2345 deliciis
1981 2311 2049 2344 sar--

1084 2360 1201 2394 culatis
1223 2361 1315 2395 exilii
1328 2361 1440 2395 nullus
1461 2361 1498 2395 sit
1510 2360 1652 2396 omnino
1673 2361 1828 2396 transitus
1837 2361 1878 2396 ad
1898 2360 2032 2396 delicias

1084 2410 1194 2456 Regni
1208 2435 1217 2444 .

1206 2507 1615 2547 EPISTOLA
1715 2506 1929 2543 XCVIII.

76 2564 114 2589 to
124 2554 292 2598 compellit
302 2554 346 2589 ad
369 2556 555 2591 Dominum
578 2557 700 2601 Papam
712 2558 773 2594 iter
795 2558 955 2602 arripere,
980 2558 1022 2593 ab
1080 2587 1084 2591 ,

77 2603 192 2639 itinere
204 2605 262 2640 suo
274 2603 526 2649 ptaepediuntut,
556 2607 758 2649 spoliantur,
784 2612 1021 2644 trastanturar-

74 2653 181 2695 aius,
205 2655 240 2690 δι
263 2657 468 2691 transfretare
487 2655 719 2701 prohibentur,
757 2659 810 2693 vel
827 2658 868 2694 ab
889 2658 941 2694 his
965 2659 1020 2702 qui

77 2704 264 2739 occasiones
273 2715 421 2749 quaerunt
440 2717 475 2741 ut
495 2708 616 2742 faciant
629 2708 713 2742 mala
725 2731 737 2747 ,
764 2708 813 2743 vel
826 2709 928 2743 coaeti
946 2707 1021 2743 ideo

77 2753 194 2791 illicita
205 2754 249 2790 de
259 2755 487 2800 praepediendis
509 2757 648 2792 clericis
660 2758 692 2791 &
705 2757 938 2804 poenitentibus
951 2770 1020 2802 prae·

74 2804 227 2843 ssiterunt
247 2806 464 2841 sacramenta.
493 2806 617 2842 Manus
636 2808 744 2851 itaque
768 2808 927 2843 violentas
949 2808 1020 2852 inji-

78 2853 200 2890 cientes
216 2855 249 2889 in
265 2856 410 2892 Clericos
420 2859 502 2892 facto
517 2859 574 2892 suo
595 2857 812 2893 anathematis
822 2859 1020 2893 condemna·

79 2902 206 2938 tionem
218 2905 403 2941 incurrunt.
432 2907 514 2943 Inde
533 2909 577 2942 est
593 2933 603 2949 ,
628 2908 717 2953 quod
740 2919 800 2943 nos
821 2910 933 2944 sanciae
953 2908 1020 2943 Ro·

81 2962 185 2987 mana:
216 2954 365 2992 Ecclefiae
385 2956 585 2993 authoritate
604 2967 734 2994 utentes
758 2984 769 3000 ‚
812 2959 1018 2994 Fraternitati

81 3001 189 3036 vestrae
210 3002 243 3035 in
267 3006 383 3041 virtute
398 3008 592 3043 obedientiae
612 3033 623 3050 ,
660 3009 695 3043 iu
717 3010 863 3053 periculo
895 3009 1018 3043 ordinis

80 3052 173 3087 vestri
199 3055 636 3099 praecipiendomandamus,
662 3068 823 3104 quatenus
848 3061 888 3095 de
902 3071 1016 3095 caetero

80 3099 148 3136 hoc
167 3103 238 3138 fieri
259 3104 454 3148 inhibeatis,
479 3110 511 3142 ὅ(
533 3120 589 3142 eos
606 3111 662 3151 qui
679 3111 711 3144 in
735 3110 881 3145 Clericos
904 3122 1018 3145 manus

81 3151 242 3187 violentas
265 3154 417 3199 injiciunt
435 3180 446 3196 ,
493 3159 622 3201 publice
642 3161 945 3196 excommunicatos
965 3161 1016 3194 de-

80 3202 264 3244 nuncietis,
290 3205 390 3248 &per
412 3206 643 3250 Episcopatum
667 3211 805 3245 vestrum
828 3210 1016 3246 denunciari

81 3251 207 3286 faciatis
220 3276 229 3291 ,
255 3255 288 3290 δε
299 3256 588 3292 conterminalibus
599 3259 809 3304 Coepiscopis
823 3261 931 3296 vestris
945 3285 955 3300 ,
980 3271 1015 3294 ut

82 3301 146 3335 hoc
168 3302 270 3345 ipsum
298 3305 340 3337 in1
357 3305 602 3349 Episcopatibus
621 3310 742 3345 faciant
764 3312 849 3353 suis,
877 3310 1015 3346 Domini

76 3349 173 3395 Papae
184 3353 216 3386 ὅ(
229 3353 335 3387 nostra
347 3355 531 3399 praecipiatis
544 3356 741 3393 authoritate
756 3386 762 3392 .

128 3401 182 3437 Ad
195 3402 261 3439 haec
281 3402 397 3440 codem
413 3406 530 3447 modo,
559 3407 591 3440 ὅ(
613 3408 669 3443 sub
694 3410 805 3445 eadem
827 3409 1015 3445 intermina-

1129 2610 1260 2646 Thomas
1279 2607 1501 2650 cantuarienfis
1515 2607 1602 2642 Archi
1615 2626 1627 2633 -
1638 2606 1803 2651 Epist-opus
1824 2608 1980 2651 Gaufredo

1287 2661 1379 2695 Ridel
1398 2658 1646 2693 Archi-Diacono
1669 2662 1812 2692 Cantiae.

1160 2758 1517 2796 XPECTAV1MUS
1542 2767 1692 2803 tempore
1705 2758 1811 2804 longo
1832 2756 2027 2794 fidelitatem

1185 2822 1274 2847 tuam
1299 2833 1310 2850 ,
1346 2809 1581 2850 devotionem,
1609 2809 1644 2844 ἀ
1665 2807 1888 2844 obedientiam
1906 2832 1914 2841 .
1962 2808 2026 2843 Sed

1081 2863 1157 2906 quia
1168 2862 1307 2897 fidelitas
1315 2870 1369 2895 tua
1381 2859 1494 2905 parum
1509 2858 1604 2894 nobis
1615 2858 1680 2893 huc
1691 2860 1789 2903 usque
1815 2858 1925 2894 attulit
1936 2869 2030 2894 emo·

1081 2912 1235 2953 lumenti,
1262 2911 1396 2946 devotio
1418 2910 1528 2945 minus
1538 2909 1690 2944 exhibuit
1705 2910 1836 2955 gratiae,
1862 2909 2025 2944 obedien-

1080 2962 1124 2997 tia
1139 2963 1222 2997 nihil
1250 2962 1310 2996 tibi
1323 2971 1508 3005 comparare
1528 2961 1642 2996 debuit
1667 2961 1802 3000 meriti,
1827 2959 2024 2994 mandamus

1079 3012 1162 3053 tibi,
1186 3014 1220 3047 &
1236 3013 1268 3046 in
1284 3011 1403 3046 virtute
1414 3010 1628 3051 obedientiae,
1656 3020 1695 3044 ac
1717 3011 1751 3044 in
1774 3010 1918 3055 periculo
1939 3008 2027 3042 ordi·

1081 3064 1130 3097 nis
1142 3062 1191 3097 tui
1213 3063 1246 3100 δε
1267 3062 1497 3105 poffemonum
1522 3071 1650 3095 tuarum
1671 3061 1890 3104 praecipimus,
1917 3068 2025 3101 quate-

1082 3124 1141 3147 nus
1160 3111 1230 3157 post
1252 3113 1488 3155 susceptionem
1518 3112 1698 3145 litterarum
1722 3111 1906 3145 nostrarum
1938 3108 2023 3143 infra

1079 3162 1295 3208 quadraginta
1316 3162 1389 3197 dies
1413 3160 1601 3204 conspectui
1624 3161 1736 3195 nostro
1747 3161 1986 3203 terepraesentes
2012 3179 2025 3196 ‚

1079 3214 1255 3248 servaturus
1268 3213 1420 3248 Domino
1433 3210 1530 3245 fidem
1543 3235 1554 3250 ,
1578 3210 1667 3245 Patri
1689 3210 1901 3244 devotionem
1913 3230 1922 3245 ‚
1948 3206 2026 3240 obe-

1078 3262 1234 3298 dientiam
1248 3261 1350 3297 Archi
1361 3277 1372 3286 ·
1384 3261 1546 3306 Episcopo
1557 3270 1616 3295 tuo
1626 3284 1636 3300 ,
1663 3271 1699 3295 ut
1713 3261 1763 3294 vel
1775 3259 1817 3291 sic
1828 3258 1932 3291 discas
1953 3256 2024 3290 offi-

1078 3313 1119 3346 cii
1140 3314 1187 3348 tui
1214 3312 1411 3346 necessitates
1433 3321 1582 3346 exercere
1599 3336 1612 3352 ,
1649 3309 1740 3352 cujus
1761 3307 1886 3343 utinam
1919 3305 2021 3351 digne

1078 3364 1296 3399 emolumenta
1311 3361 1443 3396 senseris
1457 3386 1463 3394 .

1872 3454 1938 3491 Ep
1951 3454 1978 3488 1-
