2358 3776
327 178 382 216 aaz
403 172 574 216 Ecclesiae,
599 169 700 218 quim
720 169 790 216 ips:
802 168 958 208 fundavit
975 166 1184 212 Altiffimns,
1209 170 1276 205 vel-

326 226 360 264 le
379 235 519 263 evertere
532 249 540 257 .
566 223 698 259 Veritas
718 224 762 258 est
776 234 845 267 quae
870 222 973 257 dicit:
1000 224 1102 256 Porta
1113 222 1275 266 inferinon

324 275 536 324 prevalebunt
558 274 710 309 adversias
732 285 818 308 eam.
847 272 930 307 Non
944 272 1013 306 sani
1039 273 1139 317 igitur
1159 273 1276 315 capitis

326 330 390 363 esse
409 325 638 373 dignoscitur,
664 323 721 369 qui
745 324 886 357 intentat
906 321 939 356 ei
961 322 1090 356 ruinam
1108 336 1120 356 .-
1145 322 1274 357 Homi-

324 377 362 413 ni
375 375 486 412 similis
501 385 646 411 montem
656 383 812 417 magnum
825 372 905 405 fune
924 371 1189 417 circumligatum
1200 382 1267 406 ten-

325 425 411 464 tami
431 424 586 470 dejicere.
614 423 674 458 Sed
699 421 848 467 nunquid
858 421 905 456 ira
916 421 972 456 vel
988 421 1072 456 odio
1089 422 1232 458 deferbui
1261 446 1273 463 ,

325 486 365 512 ut
382 477 592 512 exacerbatus
615 473 749 517 jaculati
770 471 943 516 compellar
964 469 1152 515 hujusmodi
1178 472 1273 507 verba

325 529 362 563 in
383 526 527 563 Fratrem
548 523 679 564 meum,
704 523 739 558 ὅ(
761 522 948 567 collegam,
974 521 1009 555 ἀ
1032 521 1272 567 Coepiscopum

319 579 454 615 meum?
482 575 576 610 Absit
596 599 605 608 .
632 571 694 609 Sed
705 574 746 608 de
757 569 874 608 litteris
903 570 991 611 tuis,
1016 582 1095 616 quas
1116 572 1198 607 mihi
1216 583 1274 617 per

291 626 294 630 ’
322 626 452 663 Archi·
467 626 658 660 Diaconum
680 634 773 658 tuum
795 619 1004 657 destinandas
1028 623 1159 667 accepi,
1196 623 1273 657 talia

319 677 458 723 collegi.
486 674 602 720 Neque
622 674 712 710 enim
733 674 774 709 de
794 669 894 716 spinis
916 682 1020 712 uvas,
1044 682 1102 707 aut
1128 673 1209 708 ficus
1232 671 1272 708 de

321 727 451 763 tribulis
460 726 614 771 colligere
625 725 717 769 potui
734 749 742 756 .
772 721 828 758 Ut
838 721 983 762 clareat,
1005 733 1047 757 an
1063 723 1106 758 ita
1117 723 1176 766 sit.;
1202 734 1273 766 pro-

321 788 483 821 ponamus
499 787 575 817 εις,
600 772 888 811 &continentiam
912 782 1019 807 earum
1031 773 1066 806 in
1081 773 1187 807 lucem
1201 784 1272 817 pro·

321 828 480 863 feramus.
495 827 589 861 Finis
601 826 741 861 collatus
753 822 914 867 principio
923 822 1173 858 similitudinem
1186 823 1266 858 scor·

319 877 431 922 pionis
452 878 659 913 conformat:
687 874 749 908 illo
769 872 987 908 blandiensad
1003 872 1268 919 nesingteditur,

319 927 381 961 illo
392 937 540 972 pungens
561 937 622 963 nos
641 923 777 966 acerbe,
802 923 967 959 silentium
988 922 1086 959 nobis
1100 924 1268 969 imponere

318 977 528 1013 machinatur
542 1002 549 1009 .

370 1027 464 1075 Qid
474 1028 565 1062 enim
584 1024 673 1061 aliud
683 1024 729 1061 est
739 1022 846 1069 primo
867 1024 1101 1071 recognoscere
1123 1021 1268 1058 debitam

316 1077 416 1111 nobis
425 1076 678 1120 subiestionem,
703 1073 940 1118 &subjectioni
963 1073 1178 1109 cohaerentem
1191 1072 1266 1108 obe·

317 1125 478 1162 dientiam
500 1126 712 1170 promittere,
738 1125 874 1160 demum
895 1135 936 1159 ne
948 1123 1082 1159 obedite
1108 1122 1226 1158 debeas
1252 1146 1265 1163 ,

317 1176 360 1211 ad
379 1175 634 1222 appellationem
654 1175 831 1211 convolare
853 1175 866 1207 ?
904 1174 1070 1217 Nunquid
1106 1174 1192 1218 apud
1214 1182 1268 1207 me

316 1227 414 1267 sunt,
442 1226 496 1267 Est
516 1251 527 1267 ,
554 1227 589 1260 <a
615 1224 674 1259 m
699 1247 710 1264 ‚
734 1226 816 1259 dicit
839 1224 1040 1267 Apostolus.
1073 1223 1136 1258 Sed
1162 1223 1268 1266 neque

315 1277 403 1321 apud
424 1275 579 1319 Apostoli
599 1275 754 1310 deberent
777 1274 841 1308 esse
863 1273 1073 1317 Discipulum
1095 1298 1103 1305 .
1147 1273 1266 1307 Neces-

314 1326 404 1362 sario
427 1334 622 1369 acceperunt
644 1323 810 1368 Discipuli
840 1323 859 1358 a
888 1322 1041 1358 Domino
1072 1322 1265 1367 potestatem

314 1375 466 1411 calcandi
502 1375 594 1418 super
628 1376 784 1419 serpentes
809 1374 845 1408 δε
882 1374 1069 1417 scorpiones
1090 1399 1097 1407 .
1124 1372 1265 1407 Habitat

313 1426 406 1462 enim
423 1423 579 1459 Ezechiel
603 1424 638 1459 δε
657 1423 758 1459 hodie
778 1431 854 1459 cum
875 1422 1126 1467 scorpionibus·
1161 1423 1204 1457 Et
1230 1422 1267 1457 il·

311 1474 373 1510 lud
386 1473 461 1508 vide
482 1484 550 1517 quo
570 1474 663 1508 sensu
682 1473 826 1508 dixerim
863 1473 915 1505 Ad
933 1474 1143 1514 appellationis
1167 1483 1260 1506 reme-

314 1525 402 1559 dium
426 1522 631 1566 confugimus.
658 1521 782 1556 Christi
803 1521 965 1564 sequelam
976 1531 1009 1556 te
1019 1519 1123 1556 dicis.-
1149 1520 1183 1555 in
1200 1521 1265 1555 hoc

312 1574 401 1609 disto
423 1573 511 1607 secus
530 1571 704 1606 invenitis.
730 1570 896 1606 Omnium
907 1571 999 1605 enim
1023 1571 1187 1605 malorum
1205 1582 1265 1606 no-

314 1624 455 1659 strorum
484 1623 602 1657 efficax
620 1646 632 1662 ,
670 1621 776 1655 immo
798 1621 1052 1655 efficacissimum
1085 1620 1265 1656 remedium

312 1672 561 1710 commendavit
584 1670 680 1705 nobis
695 1670 843 1703 Christus
865 1669 1087 1705 obedientiam
1099 1694 1111 1711 ,
1138 1681 1205 1705 non
1218 1671 1266 1705 so-

310 1725 385 1761 lum
402 1721 500 1758 verbo
512 1744 524 1761 ,
551 1719 606 1754 sed
630 1718 871 1752 evidentissimo
894 1720 1047 1761 exemplo
1064 1720 1172 1766 ‘fastus
1191 1719 1268 1753 obe·

315 1774 410 1809 diens
431 1771 521 1806 Patri
542 1770 600 1804 suo
621 1768 773 1813 usquead
785 1778 924 1803 mortem
937 1792 944 1799 .
967 1767 1010 1801 Et
1034 1776 1070 1801 tu
1093 1778 1158 1811 qua
1180 1768 1266 1802 fron-

316 1834 352 1860 te
369 1822 511 1867 appellas
529 1819 711 1855 temedium
736 1817 932 1853 obedientiae
950 1817 1222 1861 impedimentum
1251 1819 1264 1852 ?

314 1874 421 1922 Qod
441 1882 510 1906 non
544 1867 723 1903 remedium
744 1892 757 1907 ,
794 1866 847 1902 sed
881 1867 1115 1902 detrimentum
1151 1867 1266 1902 reffius

313 1923 415 1960 habet
436 1918 621 1955 nominari.
649 1916 711 1952 Sed
733 1916 768 1953 ὅτ.
787 1929 850 1961 qua
868 1916 986 1951 fiducia
1010 1916 1075 1951 hoc
1086 1918 1263 1962 praesumis?

313 1971 470 2018 Sperasne
491 1981 524 2004 te
545 1967 734 2003 habiturum
745 1967 946 2002 defensorem
958 1966 998 2001 ad
1019 1977 1090 2001 non
1113 1966 1266 2001 obedien-

312 2024 395 2060 dum
419 2022 535 2059 illum,
559 2019 616 2061 qui
638 2017 830 2052 vindicandi
853 2017 887 2050 in
918 2026 1054 2051 omnem
1067 2012 1266 2051 inobedien-

318 2075 405 2109 tiam
424 2071 460 2106 δε
481 2069 628 2105 officium
639 2069 766 2112 accepit
790 2068 824 2102 δε
843 2077 1036 2111 praeceptum
1060 2066 1077 2098 ἓ
1111 2065 1204 2101 Male
1221 2065 1266 2101 est

314 2123 382 2160 hoc
403 2123 526 2166 sperare
535 2120 577 2155 de
593 2130 658 2160 eo,
683 2119 718 2153 &
739 2118 773 2152 in
797 2117 906 2161 ipsum.
923 2115 1066 2163 graviter
1087 2115 1260 2151 offendere.

312 2173 474 2210 Poterant
492 2180 526 2205 te
547 2168 706 2204 retardare
722 2167 763 2202 ab
784 2166 971 2211 hujusmodi
992 2166 1263 2211 praesnmptione,

316 2235 396 2268 quas
410 2224 475 2266 jam
486 2221 656 2265 patruus,
683 2217 786 2263 prima
808 2216 994 2253 &secunda
1020 2216 1179 2261 repulsio.
1206 2215 1265 2250 Vi-

313 2285 357 2309 va
367 2273 485 2316 quippe
496 2282 562 2306 vox
591 2281 648 2305 tua
669 2269 839 2313 primum,
873 2268 908 2302 δε
927 2264 1047 2302 deinde
1068 2266 1181 2302 litterar
1203 2275 1266 2300 tua:

314 2324 357 2359 a'd
380 2321 637 2368 persuadendum
655 2319 842 2364 compositae
863 2341 875 2358 ,
911 2326 1048 2360 expertas
1069 2316 1144 2351 sunt
1168 2317 1264 2359 quam

314 2375 451 2409 firmiter
470 2373 551 2413 stet,
577 2370 676 2415 quim
697 2370 735 2404 sit
758 2367 910 2403 vicarius
930 2366 1043 2406 Petri,
1067 2377 1166 2409 quem
1188 2377 1258 2401 non

315 2423 484 2470 precibus,
511 2433 580 2457 non
601 2421 699 2456 donis
720 2444 733 2461 ,
758 2430 819 2454 nec
842 2416 1182 2458 comminatIonibus,
1208 2417 1260 2451 vel

314 2475 476 2519 promissis
495 2483 626 2507 movere
647 2468 781 2516 potuisti
807 2495 813 2502 .
849 2467 911 2503 Sed
934 2467 1032 2502 tertio
1054 2467 1266 2502 attentandus

317 2526 364 2559 est
374 2550 385 2565 ,
396 2536 432 2559 ut
446 2523 589 2558 Domini
600 2521 648 2557 sui
658 2519 812 2566 exemplo
820 2518 915 2554 tertia
924 2518 1142 2567 attentatione
1154 2518 1266 2553 trium-

321 2573 424 2618 phum
448 2581 606 2618 reportet.
1013 2571 1015 2573 ’

369 2623 472 2656 Porro
492 2633 527 2656 ut
549 2620 632 2655 nihil
655 2621 774 2656 deesset
793 2618 1013 2667 gravaminis,
1040 2617 1182 2653 defixisti
1202 2627 1264 2653 ter-

320 2672 449 2708 minum
471 2675 534 2705 tuae
556 2670 768 2713 appellationi
789 2670 869 2706 anni
902 2669 967 2704 sere
997 2668 1136 2712 spatium
1157 2694 1166 2702 .
1192 2669 1267 2703 Nec

321 2723 469 2758 misertus
491 2732 524 2754 es
537 2719 637 2753 nostri
648 2719 739 2752 exilii
755 2743 767 2759 ,
792 2721 842 2753 vel
864 2719 984 2754 laboris
1008 2719 1127 2753 Sanstae
1157 2718 1268 2753 Eccle-

323 2774 393 2814 fiae,
419 2770 547 2814 Sponsa:
572 2768 718 2808 Christi,
744 2779 842 2812 quam
865 2770 931 2811 ipse
952 2768 1009 2802 fibi
1032 2770 1092 2803 suo
1113 2768 1268 2814 sanguine

324 2821 512 2866 acquisivit.
541 2818 585 2852 Et
609 2828 644 2852 ut
657 2817 724 2852 haec
736 2819 891 2852 omittam
905 2841 917 2859 ,
943 2830 1012 2852 non
1023 2818 1205 2854 omittenda
1219 2828 1268 2854 ta-

326 2884 427 2912 men,
456 2869 628 2914 providere
638 2868 814 2907 debueras,
841 2868 937 2902 cuite
949 2869 1058 2904 favere
1070 2868 1174 2910 dicis,
1200 2869 1268 2904 Do-

326 2924 423 2958 mino
435 2920 546 2954 nostro
559 2918 643 2964 Regi
657 2943 667 2959 ‚
694 2919 751 2962 qui
773 2915 929 2962 quamdiu
948 2918 990 2952 fic
1015 2929 1090 2964 aget
1111 2919 1147 2954 in
1170 2930 1232 2954 nos
1258 2944 1270 2961 ,

327 2974 380 3006 vel
394 2973 429 3006 in
443 2969 618 3012 Ecclesiam
641 2967 787 3010 Christi,
814 2977 875 3001 nec
885 2967 926 3002 ad
951 2967 1035 3001 bella
1057 2969 1228 3013 procedere
1251 2992 1264 3011 ,

328 3022 380 3057 vel
392 3023 426 3056 in
440 3031 515 3065 pace
525 3019 644 3064 degere
659 3020 724 3053 fine
737 3018 856 3053 animae
875 3017 936 3051 suae
955 3018 1098 3060 periculo
1114 3021 1234 3063 poterit
1260 3043 1268 3053 .

330 3073 387 3108 Ad
412 3072 533 3112 reliqua
565 3070 764 3104 transeamus
800 3093 808 3100 .
844 3066 1005 3115 Qaedam
1033 3080 1270 3104 commemoras

329 3122 456 3157 turbata
478 3120 538 3155 efl'e
557 3120 590 3153 in
613 3118 748 3153 discessu
765 3118 799 3152 &
821 3128 860 3151 ex
883 3117 1020 3151 discessu
1042 3119 1171 3153 nostro.
1211 3120 1270 3152 Ti.

331 3181 443 3208 meant
465 3169 660 3206 turbationis
682 3168 780 3212 hujus
802 3165 955 3203 authores
977 3167 1012 3201 δε
1046 3167 1234 3207 Confiliarii
1261 3192 1271 3208 ,

331 3235 374 3258 ne
395 3223 428 3256 δε
449 3222 504 3266 ipsi
530 3218 719 3255 turbentur.
744 3218 882 3262 Magnis
893 3228 946 3251 me
968 3216 1118 3250 laudibus
1138 3218 1270 3252 extollis

331 3276 417 3315 quali
438 3272 479 3306 de
499 3271 590 3306 bono
613 3269 778 3313 principio
800 3279 877 3312 meae
908 3267 1199 3312 peregrinationis.
1227 3269 1269 3302 Et

333 3323 464 3363 quidem
479 3321 631 3365 sapientis
642 3319 762 3354 famam
785 3327 853 3353 non
878 3318 1066 3362 negligere,
1092 3318 1145 3351 sed
1157 3317 1270 3352 discre-

335 3370 364 3403 ti
385 3371 431 3403 est
443 3373 525 3406 nulli
545 3372 650 3415 magis
668 3369 711 3404 de
733 3371 763 3402 {e
781 3367 878 3411 quam
896 3367 954 3402 sibi
972 3367 1120 3402 credere.
1147 3365 1202 3402 De
1222 3369 1270 3402 in-

335 3419 429 3464 juriis
451 3421 638 3461 insimulor,
664 3418 752 3463 quali
765 3417 866 3453 illatis
877 3417 1029 3453 Domino
1040 3417 1151 3453 nostro
1164 3417 1270 3464 Regi.

1033 76 1080 132 u·
1107 80 1143 133 Ρ
1176 78 1201 131 1
1234 77 1265 131 s
1298 79 1340 132 T.
1367 84 1586 135 :0ssAE
1631 89 1637 92 ·

1334 172 1486 217 Sedquia
1500 174 1624 209 nullam
1636 172 1784 219 designas
1794 184 1839 208 ex
1859 173 2013 219 nomine,
2039 188 2100 213 nee
2118 179 2185 224 ego
2201 177 2275 215 scio'

1334 225 1592 270 mirespondere
1612 223 1747 271 debeam
1762 249 1771 258 .
1797 225 1889 271 Qia
1913 225 2013 269 igitur
2026 230 2200 273 >superficie
2218 239 2272 263 te-

1335 285 1394 315 nus
1413 276 1570 316 accusor,
1596 275 1765 319 superficie
1786 284 1883 309 tenus
1900 275 1935 308 in
1958 274 2019 311 hac
2039 289 2126 321 parte
2144 291 2198 315 me
2215 291 2269 314 ex.

1334 320 1428 359 cuso.
1455 327 1535 360 Hoc
1557 335 1666 360 tamen
1679 324 1809 359 interim
1830 325 1941 368 accipe
1960 323 2163 369 responsum:
2190 330 2273 374 quia·

1334 375 1459 410 nullius
1480 374 1563 410 mihi
1583 376 1734 411 conscius
1762 377 1832 410 sum
1850 397 1862 415 ,
1889 386 1949 409 nec
1972 386 2138 420 propterea
2158 378 2270 422 justifi-

1334 435 1424 460 catus
1441 427 1528 460 sum.
1557 425 1611 460 De
1631 424 1886 461 comminatorio
1906 424 2063 478 mitratis,
2099 427 2188 471 quod
2208 439 2270 463 nos

1334 474 1368 508 in
1391 486 1467 511 eum
1491 475 1652 512 misimus.
1679 476 1766 524 Qis
1787 475 1883 511 Patet
1905 475 1995 511 videt
2023 476 2131 512 filium
2150 476 2273 514 aberra*

1334 536 1365 559 re
1377 541 1392 565 ‚·
1413 525 1448 560 δε
1469 528 1580 561 tacet?
1605 526 1692 575 Qis
1701 527 1791 571 virga
1805 538 1873 561 non
1886 526 2046 570 percutit,
2071 538 2113 562 ne
2123 525 2270 573 gladium

1336 575 1504 611 incurrat?
1530 576 1794 620 DesperatPatet
1804 576 1947 619 desili'o,
1970 587 2069 622 quem
2088 577 2272 613 commina-

1335 625 1428 660 tione
1449 637 1517 661 non
1526 627 1662 671 corripit
1683 626 1735 661 vel
1759 626 1895 672 flagello
1908 651 1915 660 .
1944 626 2037 662 Absit
2057 636 2167 662 autem
2178 635 2215 663 ut
2223 637 2269 662 te·

1334 685 1408 709 cum
1429 677 1605 712 senti-amus
1623 677 1811 712 Dominum
1822 677 1969 712 nostrum
1990 678 2120 723 Regem
2133 702 2145 719 ,
2170 678 2271 722 impa-

1333 724 1470 760 tientem
1490 728 1728 772 correptionis,
1753 727 1795 762 ad
1815 727 2128 764 exterminationem
2147 727 2272 772 aposta-

1333 775 1380 809 fioe
1403 775 1583 820 lapsurum.
1620 777 1701 813 Non
1723 779 1814 814 enim
1833 776 2087 814 Patris'caelestis
2106 778 2272 823 plantatio
2290 814 2293 816 Α

1332 825 1548 862 eradicabitur
1557 851 1565 859 .

1380 876 1509 911 Navem
1530 877 1682 912 concutit
1703 878 1868 914 saeviffima
1890 878 2060 923 tempestas
2079 904 2087 912 .
2125 877 2271 914 Clavum

1332 933 1427 961 teneo
1440 950 1452 967 ,
1476 926 1564 962 &ad
1575 928 1738 962 summum
1761 940 1815 963 me
1833 940 1950 970 vocas.
1979 928 2141 974 Congeris
2159 929 2193 963 δε
2213 926 2271 962 sta*

1332 974 1397 1009 tuis
1418 985 1495 1011 ante
1516 977 1632 1012 oculos
1658 978 1785 1012 nostros
1804 976 1961 1013 beneficia
1974 978 2098 1014 nobisa
2117 977 2272 1013 Domino

1332 1025 1442 1059 nostro
1455 1026 1548 1071 Rege
1568 1027 1712 1068 collata,
1737 1028 1772 1062 ἀ
1792 1026 1835 1061 de
1855 1027 1936 1062 exili
1956 1038 2011 1063 me
2028 1037 2270 1064 commemoras

1331 1075 1371 1110 ad
1393 1076 1517 1110 summa
1529 1078 1734 1120 proveetum.
1761 1075 1817 1111 Ut
1839 1081 1949 1112 aute‘m
1968 1076 2021 1111 his
2042 1078 2273 1122 aliquantisper

1330 1124 1564 1169 respondeam,
1593 1126 1627 1160 in
1642 1125 1828 1169 insipientia
1847 1136 1920 1161 mea
1951 1135 2085 1168 tamen,
2110 1126 2153 1161 de
2171 1136 2273 1170 quatu

1329 1176 1409 1209 exili
1422 1178 1537 1219 putas?
1562 1175 1595 1210 Si
1618 1186 1766 1221 tempus,
1792 1187 1860 1221 quo
1878 1187 1931 1211 me
1950 1175 1986 1210 in
2008 1175 2192 1211 ministerio
2213 1175 2273 1211 suo

1330 1224 1493 1267 praestituit
1507 1249 1518 1265 ,
1529 1226 1698 1269 respicias,
1727 1225 1829 1261 Archi
1840 1246 1850 1251 -
1860 1226 2068 1261 Diaconatus
2078 1225 2271 1269 Cantuatie,

1331 1272 1541 1319 Praepofitura
1553 1276 1718 1310 Beverlaci
1733 1299 1743 1315 ‚
1768 1276 1912 1320 plurimas
1931 1275 2099 1317 Ecclesiae,
2125 1276 2268 1319 praeben-

1328 1323 1375 1359 dae
1386 1325 1572 1366 nonnullae,
1598 1325 1662 1361 alia
1685 1325 1786 1361 etiam
1801 1335 1869 1362 non
1882 1337 2005 1372 pauca,
2029 1337 2102 1369 quae
2119 1326 2269 1361 nominis

1329 1375 1393 1408 mei
1414 1385 1506 1410 erant
1518 1376 1666 1419 poffemo
1676 1386 1756 1411 tunc
1767 1378 1923 1420 temporis
1936 1401 1948 1417 ,
1973 1375 2056 1411 adeo
2067 1384 2198 1411 tenuem
2210 1400 2220 1416 ‚
2231 1384 2271 1410 ut

1327 1423 1433 1466 dicis,
1459 1436 1619 1469 quantum
1629 1424 1669 1461 ad
1681 1438 1718 1461 ea
1739 1437 1808 1470 quae
1828 1426 1953 1461 Mundi
1975 1426 2078 1467 sunt,
2102 1425 2271 1461 contradi-

1328 1484 1408 1509 cunt
1428 1485 1481 1509 me
1505 1475 1617 1510 fuisse.
1653 1477 1756 1524 Qod
1777 1477 1802 1511 si
1821 1476 1863 1511 ad
1885 1477 2016 1522 generis
2035 1475 2099 1511 mei
2128 1475 2274 1512 radicem

1327 1524 1362 1558 ὃ(
1385 1525 1612 1570 progenitores
1625 1537 1717 1561 meos
1735 1526 1939 1570 intenderis,
1960 1526 2047 1561 cives
2057 1525 2192 1570 quidem
2202 1525 2271 1561 fue·

1328 1583 1404 1607 runt
1421 1573 1694 1615 Londonienses‚
1722 1576 1758 1610 in
1781 1576 1894 1611 medio
1912 1576 2103 1611 concivium
2135 1576 2271 1611 suorum

1329 1620 1514 1657 habitantes
1531 1623 1598 1657 line
1618 1623 1771 1667 querela,
1797 1635 1858 1658 nec
1879 1624 2020 1659 omnino
2045 1625 2171 1658 infimi.
2208 1624 2274 1660 Sed

1328 1681 1364 1706 ut
1387 1672 1566 1716 aliquando
1590 1671 1712 1708 Mundi
1733 1673 1876 1709 tenebris
1896 1673 2029 1709 semotis
2049 1671 2233 1717 iudicemur
2253 1673 2275 1708 a

1328 1721 1454 1755 lumine
1477 1723 1622 1756 veritatis
1634 1746 1645 1762 ,
1671 1723 1750 1766 quid
1762 1723 1932 1768 gloriosius
1945 1747 1956 1763 ,
1985 1724 2072 1758 nasci
2091 1722 2133 1758 de
2147 1723 2274 1758 medio-

1328 1769 1434 1803 cribus
1447 1769 1497 1803 vel
1509 1770 1609 1804 etiam
1633 1771 1776 1811 infimis,
1803 1783 1846 1806 an
1868 1770 1909 1805 de
1931 1772 2054 1806 Mundi
2065 1772 2273 1817 magnatibus

1327 1819 1360 1853 δε
1381 1817 1552 1853 honoratis
1574 1843 1587 1860 ,
1620 1830 1696 1853 cum
1716 1820 1806 1855 dicat
1830 1820 2032 1864 Apostolus:
2072 1821 2271 1863 Inhonestiorae

1328 1868 1458 1902 membra
1479 1874 1604 1912 corporis
1636 1869 1723 1911 nostri
1744 1870 1962 1905 abundantiori
1980 1872 2201 1906 circumdamus
2220 1871 2271 1906 bo-

1329 1920 1419 1952 nore?
1445 1919 1621 1953 Stemmata
1641 1920 1722 1963 quid
1749 1920 1900 1961 faciunt,
1926 1917 2238 1972 aitgentilisPoetss'
2261 1946 2270 1955 .

1327 1967 1420 2014 Qid
1440 1965 1540 2003 habet
1553 1969 1661 2003 dicere
1671 1969 1900 2012 Christianus,
1927 1971 2127 2015 Episcopus,
2152 1970 2273 2006 &Re-

1328 2015 1497 2062 ligiosus?
1521 2018 1583 2053 Sed
1606 2019 1741 2054 fortassis
1769 2020 1810 2054 de
1840 2021 2031 2066 exiguitatis
2052 2032 2130 2055 meae
2146 2032 2272 2056 memo-

1328 2067 1373 2101 ria
1391 2076 1504 2102 notam
1523 2070 1726 2103 confusionis
1753 2068 1835 2104 mihi
1846 2070 1989 2115 objicere
1999 2071 2151 2106 voluisti.
2179 2071 2273 2107 Con·

1329 2115 1470 2155 fundere
1482 2117 1558 2152 vero
1579 2118 1731 2160 Patrem,
1755 2129 1916 2164 quantum
1934 2121 2029 2156 cedat
2050 2121 2085 2155 in
2108 2131 2234 2156 reatum
2259 2141 2272 2162 2

1329 2167 1394 2210 ipse
1419 2167 1538 2202 videris
1559 2179 1600 2203 ex
1622 2180 1778 2215 praecepto
1793 2195 1805 2213 ,
1828 2170 1919 2216 quod
1941 2171 1985 2217 de
2000 2170 2196 2208 honorando
2213 2170 2274 2206 Pa-

1329 2226 1376 2251 tre
1399 2217 1568 2262 accepisti.

1379 2267 1444 2302 Pro
1465 2265 1570 2313 gratia
1605 2269 1683 2305 vero
1718 2270 1823 2316 Regis
1844 2270 1942 2306 nobis
1969 2266 2232 2307 commendanda
2254 2295 2271 2312 .

1327 2318 1642 2353 commemoratione
1676 2320 1911 2355 beneficiorum
1927 2321 1997 2364 ejus
2025 2333 2094 2356 non
2126 2321 2271 2361 multum

1327 2366 1392 2402 fuit
1415 2366 1632 2402 laborandum
1657 2393 1665 2401 .
1697 2368 1833 2403 Testem
1854 2371 1944 2403 enim
1967 2372 2081 2405 Deum
2108 2371 2234 2407 invoco
2259 2392 2276 2410 2

1329 2416 1414 2453 nihil
1437 2417 1496 2452 sub
1517 2416 1585 2452 sole
1609 2429 1662 2452 me
1679 2419 1791 2463 gratiae
1813 2418 1909 2462 ipsius
1927 2419 1960 2453 δε
1983 2419 2080 2453 saluti
2104 2430 2267 2463 praepone·

1328 2479 1382 2504 re.-
1406 2467 1538 2502 tantum
1564 2467 1651 2504 salva
1674 2470 1736 2503 sint
1760 2479 1831 2510 quar
1848 2468 1915 2503 Dei
1931 2469 2047 2504 sunt&
2068 2469 2187 2504 Sanstae
2208 2470 2272 2504 Ec-

1328 2517 1427 2552 clesiae
1439 2543 1447 2550 .
1474 2517 1558 2553 Non
1568 2519 1658 2553 enim
1670 2518 1761 2552 aliter
1784 2519 1904 2561 poterit
1916 2518 2056 2553 feliciter
2066 2515 2200 2563 regnare
2218 2517 2271 2552 vel

1330 2566 1454 2603 secure.
1483 2567 1586 2609 Esto,
1610 2568 1685 2613 quia
1711 2569 1756 2602 ita
1777 2568 1825 2602 est
1840 2592 1852 2610 ,
1875 2568 1984 2605 multo
2004 2569 2079 2603 sunt
2099 2568 2212 2611 plura,
2237 2568 2272 2602 dc

1329 2618 1617 2662 etiamampliora,
1644 2618 1742 2662 quam
1763 2627 1819 2652 tua
1836 2617 1975 2662 explicet
1996 2618 2122 2656 oratio,
2147 2617 2270 2653 benefi-

1329 2670 1379 2715 cia
1401 2667 1470 2712 ejus
1491 2679 1565 2712 erga
1588 2679 1657 2703 me.
1687 2667 1843 2703 Debuine
1857 2678 1916 2712 pro
1936 2667 1988 2701 his
2005 2666 2182 2707 omnibus,
2216 2666 2271 2702 vel

1328 2719 1452 2754 etiamsi
1482 2719 1814 2762 centumplicarentur
1842 2741 1854 2758 ,
1891 2717 2041 2751 Ecclesiae
2066 2717 2131 2752 Dei
2143 2716 2272 2752 libertass

1330 2780 1397 2805 tem
1410 2769 1596 2813 exponere?
1627 2768 1765 2816 Qanto
1775 2769 1884 2802 minus
1894 2778 1952 2811 pro
1969 2768 2170 2812 famae-meae,
2197 2778 2270 2810 quae
2336 2789 2338 2791 -

1331 2818 1442 2862 saepius
1464 2818 1483 2852 a
1507 2830 1582 2853 vero
1606 2819 1738 2859 deviat,
1763 2816 2025 2852 conservatione.
2057 2816 2091 2851 si
2114 2817 2223 2851 minus
2234 2817 2271 2851 in

1331 2869 1404 2903 aliis
1415 2869 1493 2913 egi,
1520 2870 1556 2903 in
1571 2868 1635 2916 hoc
1646 2880 1706 2902 nec
1719 2867 1779 2902 tibi
1797 2877 1857 2902 nec
1867 2867 1924 2900 alii
1940 2877 2058 2910 parco,
2082 2878 2143 2901 nec
2158 2868 2272 2911 Ange·

1333 2919 1390 2958 lo,
1415 2918 1438 2952 si
1461 2917 1830 2957 descenderitdccoelo,
1856 2916 1909 2950 sed
1928 2915 2058 2958 statim,
2085 2926 2121 2950 ut
2134 2915 2269 2951 audiero

1332 2968 1408 3003 talia
1420 2978 1708 3006 commonentem,
1735 2964 1844 3000 audiet
1856 2978 1896 3000 ex
1908 2976 1982 3000 me:
2010 2966 2095 3000 Vade
2118 2975 2195 3000 retro
2214 2968 2269 3000 Sa-

1334 3018 1447 3057 ibana,
1472 3030 1530 3052 non
1547 3017 1629 3061 sapis
1639 3027 1705 3059 quae
1726 3019 1783 3049 Dei
1798 3015 1888 3059 sunt.
1918 3015 2043 3051 Absita
2071 3027 2124 3050 me
2135 3016 2195 3051 ista
2214 3015 2270 3050 de-

1333 3067 1471 3103 mentia.
1500 3068 1636 3103 Avertat
1657 3067 1676 3099 a
1695 3076 1748 3101 me
1759 3065 1852 3100 Deus
1871 3065 2072 3101 dementiam
2092 3065 2204 3107 istam,
2229 3072 2270 3099 ut

1333 3119 1536 3163 aliquatenus
1557 3116 1745 3162 persuadear
1762 3114 1925 3160 aliquibus
1949 3112 2272 3162 tergiversationibus

1335 3169 1414 3203 inite
1432 3167 1666 3202 commercium
1687 3166 1730 3200 de
1752 3165 1877 3200 Christi
1900 3177 2060 3210 corpore,
2097 3163 2185 3198 unde
2201 3175 2270 3209 ego

1334 3218 1422 3263 Judae
1436 3216 1619 3257 venditori,
1645 3217 1676 3250 &
1696 3217 1864 3250 Dominus
1885 3226 1976 3252 meus
1987 3213 2105 3259 Judaeis
2123 3214 2273 3249 affimile-

1332 3280 1384 3312 tur
1404 3267 1605 3312 emptoribus
1618 3265 1742 3300 Christi
1755 3290 1763 3298 .

1343 3318 1360 3340 ‘⁴
1381 3318 1435 3353 De
1453 3316 1664 3361 promotione
1687 3315 1763 3350 vero
1785 3326 1877 3357 mea,
1903 3314 2002 3359 quam
2023 3312 2134 3350 scribis
2157 3314 2272 3350 factam

1335 3370 1442 3403 Matre
1460 3367 1602 3402 Domini
1623 3365 1728 3412 Regis
1747 3364 1947 3400 dissuadente
1976 3389 1988 3406 ,
2022 3364 2144 3410 Regno
2175 3362 2273 3397 recla-

1334 3429 1466 3460 mante,
1493 3417 1660 3458 Ecclesia,
1694 3416 1805 3463 quoad
1827 3414 1943 3458 licuit,
1978 3412 2275 3498 suspirante,·blioe

2168 3472 2193 3499 tt
2219 3474 2232 3496 1
