<?xml version="1.0" encoding="UTF-8"?>
<!DOCTYPE html PUBLIC "-//W3C//DTD XHTML 1.0 Transitional//EN"
    "http://www.w3.org/TR/xhtml1/DTD/xhtml1-transitional.dtd">
<html xmlns="http://www.w3.org/1999/xhtml" xml:lang="en" lang="en">
 <head>
  <title>
</title>
<meta http-equiv="Content-Type" content="text/html;charset=utf-8" />
  <meta name='ocr-system' content='tesseract 3.04.00' />
  <meta name='ocr-capabilities' content='ocr_page ocr_carea ocr_par ocr_line ocrx_word'/>
</head>
<body>
  <div class='ocr_page' id='page_1' title='image "./operaomniastudio10lupuuoft/operaomniastudio10lupuuoft_0421.png"; bbox 0 0 2358 3776; ppageno 0'>
   <div class='ocr_carea' id='block_1_1' title="bbox 668 122 1565 178">
    <p class='ocr_par' dir='ltr' id='par_1_1' title="bbox 668 122 1565 178">
     <span class='ocr_line' id='line_1_1' title="bbox 668 122 1565 178; baseline -0.002 -6"><span class='ocrx_word' id='word_1_1' title='bbox 668 127 932 173; x_wconf 84' lang='lat' dir='ltr'><strong>RERUM</strong></span> <span class='ocrx_word' id='word_1_2' title='bbox 969 123 1063 170; x_wconf 91' lang='lat' dir='ltr'>ET</span> <span class='ocrx_word' id='word_1_3' title='bbox 1100 122 1565 178; x_wconf 84' lang='lat' dir='ltr'><strong>VERBORUM.</strong></span> 
     </span>
    </p>
   </div>
   <div class='ocr_carea' id='block_1_2' title="bbox 1883 148 2007 189">
    <p class='ocr_par' dir='ltr' id='par_1_2' title="bbox 1883 148 2007 189">
     <span class='ocr_line' id='line_1_2' title="bbox 1883 148 2007 189; baseline -0.04 -1"><span class='ocrx_word' id='word_1_4' title='bbox 1883 148 2007 189; x_wconf 82' lang='lat'><em>=399</em></span> 
     </span>
    </p>
   </div>
   <div class='ocr_carea' id='block_1_3' title="bbox 147 205 2076 260">
    <p class='ocr_par' dir='ltr' id='par_1_3' title="bbox 147 205 2076 260">
     <span class='ocr_line' id='line_1_3' title="bbox 147 205 2076 260; baseline -0.003 -5"><span class='ocrx_word' id='word_1_5' title='bbox 147 252 150 255; x_wconf 94' lang='lat'><strong>.</strong></span> <span class='ocrx_word' id='word_1_6' title='bbox 169 250 172 253; x_wconf 94' lang='lat'><strong>.</strong></span> <span class='ocrx_word' id='word_1_7' title='bbox 200 215 247 247; x_wconf 75' lang='lat' dir='ltr'>tis</span> <span class='ocrx_word' id='word_1_8' title='bbox 266 239 276 255; x_wconf 83' lang='lat'>‚</span> <span class='ocrx_word' id='word_1_9' title='bbox 301 213 355 248; x_wconf 74' lang='lat' dir='ltr'>sed</span> <span class='ocrx_word' id='word_1_10' title='bbox 380 223 477 259; x_wconf 86' lang='lat' dir='ltr'>quam</span> <span class='ocrx_word' id='word_1_11' title='bbox 498 212 675 250; x_wconf 61' lang='lat' dir='ltr'>exeauffis</span> <span class='ocrx_word' id='word_1_12' title='bbox 713 211 808 245; x_wconf 89' lang='lat' dir='ltr'>variis</span> <span class='ocrx_word' id='word_1_13' title='bbox 828 234 840 251; x_wconf 87' lang='lat'>,</span> <span class='ocrx_word' id='word_1_14' title='bbox 887 218 954 241; x_wconf 89' lang='lat' dir='ltr'>non</span> <span class='ocrx_word' id='word_1_15' title='bbox 972 207 1078 250; x_wconf 83' lang='lat' dir='ltr'>potuit</span> <span class='ocrx_word' id='word_1_16' title='bbox 1142 208 1274 252; x_wconf 79' lang='lat' dir='ltr'>Legatis</span> <span class='ocrx_word' id='word_1_17' title='bbox 1293 205 1426 240; x_wconf 86' lang='lat' dir='ltr'>obviam</span> <span class='ocrx_word' id='word_1_18' title='bbox 1451 207 1554 240; x_wconf 81' lang='lat' dir='ltr'>mittit</span> <span class='ocrx_word' id='word_1_19' title='bbox 1569 208 1641 241; x_wconf 84' lang='lat' dir='ltr'>Rex</span> <span class='ocrx_word' id='word_1_20' title='bbox 1653 210 1757 246; x_wconf 81' lang='lat' dir='ltr'>duos.</span> <span class='ocrx_word' id='word_1_21' title='bbox 1784 216 1863 260; x_wconf 88' lang='lat'><strong>246.</strong></span> <span class='ocrx_word' id='word_1_22' title='bbox 1875 225 1905 251; x_wconf 87' lang='lat'><strong>2.</strong></span> <span class='ocrx_word' id='word_1_23' title='bbox 1932 215 2076 250; x_wconf 80' lang='lat' dir='ltr'>divertit-</span> 
     </span>
    </p>
   </div>
   <div class='ocr_carea' id='block_1_4' title="bbox 191 254 1087 708">
    <p class='ocr_par' dir='ltr' id='par_1_4' title="bbox 191 254 1087 708">
     <span class='ocr_line' id='line_1_4' title="bbox 206 254 1081 309; baseline -0.007 -12"><span class='ocrx_word' id='word_1_24' title='bbox 206 266 379 307; x_wconf 75' lang='lat' dir='ltr'>producere</span> <span class='ocrx_word' id='word_1_25' title='bbox 404 264 438 296; x_wconf 84' lang='lat' dir='ltr'>in</span> <span class='ocrx_word' id='word_1_26' title='bbox 459 254 630 298; x_wconf 60' lang='lat' dir='ltr'>effectum,</span> <span class='ocrx_word' id='word_1_27' title='bbox 657 271 734 309; x_wconf 73' lang='lat'><strong>237.</strong></span> <span class='ocrx_word' id='word_1_28' title='bbox 765 272 792 297; x_wconf 88' lang='lat'><strong>1.</strong></span> <span class='ocrx_word' id='word_1_29' title='bbox 823 261 864 293; x_wconf 83' lang='lat' dir='ltr'>Et</span> <span class='ocrx_word' id='word_1_30' title='bbox 890 257 1009 292; x_wconf 89' lang='lat' dir='ltr'>deinde</span> <span class='ocrx_word' id='word_1_31' title='bbox 1028 270 1081 300; x_wconf 90' lang='lat' dir='ltr'>per</span> 
     </span>
     <span class='ocr_line' id='line_1_5' title="bbox 206 310 1082 356; baseline -0.011 -7"><span class='ocrx_word' id='word_1_32' title='bbox 206 315 423 349; x_wconf 66' lang='lat' dir='ltr'>wilhelmum</span> <span class='ocrx_word' id='word_1_33' title='bbox 461 324 574 356; x_wconf 87' lang='lat' dir='ltr'>parum</span> <span class='ocrx_word' id='word_1_34' title='bbox 607 321 775 355; x_wconf 87' lang='lat' dir='ltr'>corruptus</span> <span class='ocrx_word' id='word_1_35' title='bbox 812 310 902 347; x_wconf 83' lang='lat' dir='ltr'>fuit.</span> <span class='ocrx_word' id='word_1_36' title='bbox 943 317 1023 353; x_wconf 76' lang='lat'><strong>209.</strong></span> <span class='ocrx_word' id='word_1_37' title='bbox 1045 318 1082 341; x_wconf 68' lang='grc' dir='ltr'>ο..</span> 
     </span>
     <span class='ocr_line' id='line_1_6' title="bbox 197 358 1084 400; baseline -0.008 -2"><span class='ocrx_word' id='word_1_38' title='bbox 197 365 316 398; x_wconf 82' lang='lat' dir='ltr'>Statim</span> <span class='ocrx_word' id='word_1_39' title='bbox 346 376 384 398; x_wconf 85' lang='lat' dir='ltr'>ac</span> <span class='ocrx_word' id='word_1_40' title='bbox 416 362 605 400; x_wconf 80' lang='lat' dir='ltr'>audiebatur</span> <span class='ocrx_word' id='word_1_41' title='bbox 633 362 708 398; x_wconf 85' lang='lat' dir='ltr'>illos</span> <span class='ocrx_word' id='word_1_42' title='bbox 731 359 816 393; x_wconf 88' lang='lat' dir='ltr'>mitti</span> <span class='ocrx_word' id='word_1_43' title='bbox 841 371 849 394; x_wconf 73' lang='grc' dir='ltr'><strong>ε</strong></span> <span class='ocrx_word' id='word_1_44' title='bbox 901 358 1004 394; x_wconf 80' lang='lat' dir='ltr'>varius</span> <span class='ocrx_word' id='word_1_45' title='bbox 1031 367 1084 400; x_wconf 88' lang='lat' dir='ltr'>per</span> 
     </span>
     <span class='ocr_line' id='line_1_7' title="bbox 196 407 1082 458; baseline -0.011 -9"><span class='ocrx_word' id='word_1_46' title='bbox 196 414 327 449; x_wconf 85' lang='lat' dir='ltr'>-Orbem</span> <span class='ocrx_word' id='word_1_47' title='bbox 339 414 383 447; x_wconf 88' lang='lat' dir='ltr'>est</span> <span class='ocrx_word' id='word_1_48' title='bbox 397 424 506 458; x_wconf 85' lang='lat' dir='ltr'>motus</span> <span class='ocrx_word' id='word_1_49' title='bbox 532 424 661 451; x_wconf 83' lang='lat' dir='ltr'>rumor.</span> <span class='ocrx_word' id='word_1_50' title='bbox 693 407 814 456; x_wconf 58' lang='lat'>18422·</span> <span class='ocrx_word' id='word_1_51' title='bbox 842 407 912 441; x_wconf 81' lang='lat' dir='ltr'>Alii</span> <span class='ocrx_word' id='word_1_52' title='bbox 948 408 1082 445; x_wconf 77' lang='lat' dir='ltr'>affirma-</span> 
     </span>
     <span class='ocr_line' id='line_1_8' title="bbox 202 457 1084 508; baseline -0.009 -10"><span class='ocrx_word' id='word_1_53' title='bbox 202 465 284 498; x_wconf 84' lang='lat' dir='ltr'>bant</span> <span class='ocrx_word' id='word_1_54' title='bbox 306 463 396 508; x_wconf 86' lang='lat' dir='ltr'>quod</span> <span class='ocrx_word' id='word_1_55' title='bbox 423 465 564 501; x_wconf 77' lang='lat' dir='ltr'>faverent</span> <span class='ocrx_word' id='word_1_56' title='bbox 591 461 732 496; x_wconf 75' lang='lat' dir='ltr'>libertati</span> <span class='ocrx_word' id='word_1_57' title='bbox 759 457 1001 497; x_wconf 78' lang='lat' dir='ltr'>Ecclefiasticae:</span> <span class='ocrx_word' id='word_1_58' title='bbox 1029 457 1084 492; x_wconf 87' lang='lat' dir='ltr'>alii</span> 
     </span>
     <span class='ocr_line' id='line_1_9' title="bbox 191 507 1081 557; baseline -0.009 -9"><span class='ocrx_word' id='word_1_59' title='bbox 191 513 290 556; x_wconf 64' lang='lat' dir='ltr'>quod</span> <span class='ocrx_word' id='word_1_60' title='bbox 306 516 336 548; x_wconf 89' lang='lat' dir='ltr'>se</span> <span class='ocrx_word' id='word_1_61' title='bbox 345 513 531 557; x_wconf 75' lang='lat' dir='ltr'>paterentur</span> <span class='ocrx_word' id='word_1_62' title='bbox 542 511 706 555; x_wconf 85' lang='lat' dir='ltr'>corrumpi</span> <span class='ocrx_word' id='word_1_63' title='bbox 719 508 884 554; x_wconf 85' lang='lat' dir='ltr'>pecuniis.</span> <span class='ocrx_word' id='word_1_64' title='bbox 913 507 984 541; x_wconf 72' lang='lat' dir='ltr'>ibid.</span> <span class='ocrx_word' id='word_1_65' title='bbox 1012 507 1081 540; x_wconf 91' lang='lat' dir='ltr'>No·</span> 
     </span>
     <span class='ocr_line' id='line_1_10' title="bbox 195 557 1085 608; baseline -0.01 -10"><span class='ocrx_word' id='word_1_66' title='bbox 195 574 236 599; x_wconf 69' lang='lat' dir='ltr'>sa</span> <span class='ocrx_word' id='word_1_67' title='bbox 258 574 371 598; x_wconf 86' lang='lat' dir='ltr'>eorum</span> <span class='ocrx_word' id='word_1_68' title='bbox 392 563 583 608; x_wconf 74' lang='lat' dir='ltr'>cumRege</span> <span class='ocrx_word' id='word_1_69' title='bbox 605 561 734 606; x_wconf 82' lang='lat' dir='ltr'>Angliae</span> <span class='ocrx_word' id='word_1_70' title='bbox 754 557 972 598; x_wconf 82' lang='lat' dir='ltr'>familiaritas,</span> <span class='ocrx_word' id='word_1_71' title='bbox 1008 557 1085 591; x_wconf 90' lang='lat' dir='ltr'>mul-</span> 
     </span>
     <span class='ocr_line' id='line_1_11' title="bbox 197 607 1087 658; baseline -0.009 -10"><span class='ocrx_word' id='word_1_72' title='bbox 197 609 333 658; x_wconf 62' lang='lat' dir='ltr'>‚riserat</span> <span class='ocrx_word' id='word_1_73' title='bbox 368 614 526 657; x_wconf 59' lang='lat' dir='ltr'>suspecta.</span> <span class='ocrx_word' id='word_1_74' title='bbox 555 612 620 650; x_wconf 88' lang='lat'>181.</span> <span class='ocrx_word' id='word_1_75' title='bbox 644 624 676 650; x_wconf 86' lang='lat'>2·</span> <span class='ocrx_word' id='word_1_76' title='bbox 704 607 913 645; x_wconf 86' lang='lat' dir='ltr'>Clamabatur</span> <span class='ocrx_word' id='word_1_77' title='bbox 947 607 1087 641; x_wconf 80' lang='lat' dir='ltr'>erhel·</span> 
     </span>
     <span class='ocr_line' id='line_1_12' title="bbox 195 657 1087 708; baseline -0.008 -10"><span class='ocrx_word' id='word_1_78' title='bbox 195 674 292 699; x_wconf 82' lang='lat' dir='ltr'>mum</span> <span class='ocrx_word' id='word_1_79' title='bbox 305 663 393 701; x_wconf 85' lang='lat' dir='ltr'>mitti</span> <span class='ocrx_word' id='word_1_80' title='bbox 415 664 450 697; x_wconf 89' lang='lat' dir='ltr'>in</span> <span class='ocrx_word' id='word_1_81' title='bbox 462 663 643 708; x_wconf 76' lang='lat' dir='ltr'>Angliam,</span> <span class='ocrx_word' id='word_1_82' title='bbox 670 670 704 699; x_wconf 85' lang='lat' dir='ltr'>ut</span> <span class='ocrx_word' id='word_1_83' title='bbox 715 659 783 702; x_wconf 82' lang='lat' dir='ltr'>ejus</span> <span class='ocrx_word' id='word_1_84' title='bbox 795 658 974 693; x_wconf 87' lang='lat' dir='ltr'>ministerio</span> <span class='ocrx_word' id='word_1_85' title='bbox 989 683 1000 699; x_wconf 91' lang='lat'>,</span> <span class='ocrx_word' id='word_1_86' title='bbox 1024 657 1087 691; x_wconf 88' lang='lat' dir='ltr'>Pe-</span> 
     </span>
    </p>
   </div>
   <div class='ocr_carea' id='block_1_5' title="bbox 200 706 1112 756">
    <p class='ocr_par' dir='ltr' id='par_1_5' title="bbox 200 706 1112 756">
     <span class='ocr_line' id='line_1_13' title="bbox 200 706 1112 756; baseline -0.008 -9"><span class='ocrx_word' id='word_1_87' title='bbox 200 724 270 747; x_wconf 89' lang='lat' dir='ltr'>trus</span> <span class='ocrx_word' id='word_1_88' title='bbox 304 713 415 748; x_wconf 80' lang='lat' dir='ltr'>denuo</span> <span class='ocrx_word' id='word_1_89' title='bbox 455 713 693 747; x_wconf 82' lang='lat' dir='ltr'>vinculatetur.</span> <span class='ocrx_word' id='word_1_90' title='bbox 723 706 800 755; x_wconf 77' lang='lat'><strong>185.</strong></span> <span class='ocrx_word' id='word_1_91' title='bbox 825 719 854 744; x_wconf 87' lang='lat'>2-</span> <span class='ocrx_word' id='word_1_92' title='bbox 882 709 1112 756; x_wconf 83' lang='lat' dir='ltr'>Qapropter-</span> 
     </span>
    </p>
   </div>
   <div class='ocr_carea' id='block_1_6' title="bbox 196 758 1089 1700">
    <p class='ocr_par' dir='ltr' id='par_1_6' title="bbox 196 758 1089 1700">
     <span class='ocr_line' id='line_1_14' title="bbox 199 758 1086 803; baseline -0.008 -7"><span class='ocrx_word' id='word_1_93' title='bbox 199 763 313 799; x_wconf 80' lang='lat' dir='ltr'>statuit</span> <span class='ocrx_word' id='word_1_94' title='bbox 334 763 378 800; x_wconf 88' lang='lat' dir='ltr'>D.</span> <span class='ocrx_word' id='word_1_95' title='bbox 416 761 569 801; x_wconf 83' lang='lat' dir='ltr'>Thomas</span> <span class='ocrx_word' id='word_1_96' title='bbox 593 760 682 799; x_wconf 74' lang='lat' dir='ltr'>illius</span> <span class='ocrx_word' id='word_1_97' title='bbox 701 758 864 794; x_wconf 86' lang='lat' dir='ltr'>declinare</span> <span class='ocrx_word' id='word_1_98' title='bbox 886 758 1050 803; x_wconf 86' lang='lat' dir='ltr'>Ju&#39;dicium</span> <span class='ocrx_word' id='word_1_99' title='bbox 1078 767 1086 789; x_wconf 92' lang='grc'>·.</span> 
     </span>
     <span class='ocr_line' id='line_1_15' title="bbox 204 806 1086 861; baseline -0.009 -13"><span class='ocrx_word' id='word_1_100' title='bbox 204 811 280 861; x_wconf 71' lang='grc'>184.</span> <span class='ocrx_word' id='word_1_101' title='bbox 297 825 323 849; x_wconf 83' lang='lat'><strong>1.</strong></span> <span class='ocrx_word' id='word_1_102' title='bbox 350 814 530 857; x_wconf 85' lang='lat' dir='ltr'>Sparserant</span> <span class='ocrx_word' id='word_1_103' title='bbox 541 810 713 846; x_wconf 85' lang='lat' dir='ltr'>adversarii</span> <span class='ocrx_word' id='word_1_104' title='bbox 737 809 780 846; x_wconf 87' lang='lat' dir='ltr'>D.</span> <span class='ocrx_word' id='word_1_105' title='bbox 808 806 972 852; x_wconf 75' lang='lat' dir='ltr'>Thomae,</span> <span class='ocrx_word' id='word_1_106' title='bbox 998 807 1086 853; x_wconf 92' lang='lat' dir='ltr'>quod</span> 
     </span>
     <span class='ocr_line' id='line_1_16' title="bbox 198 859 1087 903; baseline -0.003 -9"><span class='ocrx_word' id='word_1_107' title='bbox 198 866 349 898; x_wconf 77' lang='lat' dir='ltr'>venirent</span> <span class='ocrx_word' id='word_1_108' title='bbox 370 873 446 896; x_wconf 89' lang='lat' dir='ltr'>cum</span> <span class='ocrx_word' id='word_1_109' title='bbox 470 862 593 899; x_wconf 86' lang='lat' dir='ltr'>summa</span> <span class='ocrx_word' id='word_1_110' title='bbox 615 859 794 903; x_wconf 83' lang='lat' dir='ltr'>potestate,</span> <span class='ocrx_word' id='word_1_111' title='bbox 832 859 951 903; x_wconf 85' lang='lat' dir='ltr'>agendi</span> <span class='ocrx_word' id='word_1_112' title='bbox 975 868 1087 892; x_wconf 85' lang='lat' dir='ltr'>contra</span> 
     </span>
     <span class='ocr_line' id='line_1_17' title="bbox 204 909 1087 955; baseline -0.007 -9"><span class='ocrx_word' id='word_1_113' title='bbox 204 913 251 946; x_wconf 88' lang='lat' dir='ltr'>D.</span> <span class='ocrx_word' id='word_1_114' title='bbox 278 911 469 949; x_wconf 85' lang='lat' dir='ltr'>Thomam.</span> <span class='ocrx_word' id='word_1_115' title='bbox 498 911 551 947; x_wconf 86' lang='lat' dir='ltr'>De</span> <span class='ocrx_word' id='word_1_116' title='bbox 574 921 643 954; x_wconf 92' lang='lat' dir='ltr'>quo</span> <span class='ocrx_word' id='word_1_117' title='bbox 665 909 766 954; x_wconf 83' lang='lat' dir='ltr'>gemit</span> <span class='ocrx_word' id='word_1_118' title='bbox 790 909 899 944; x_wconf 86' lang='lat' dir='ltr'>Gallia</span> <span class='ocrx_word' id='word_1_119' title='bbox 917 933 924 940; x_wconf 92' lang='lat'><strong>.</strong></span> <span class='ocrx_word' id='word_1_120' title='bbox 950 918 1028 955; x_wconf 81' lang='lat'><strong>235.</strong></span> <span class='ocrx_word' id='word_1_121' title='bbox 1056 917 1087 941; x_wconf 84' lang='lat'><strong>2.</strong></span> 
     </span>
     <span class='ocr_line' id='line_1_18' title="bbox 203 957 1088 1000; baseline -0.006 -4"><span class='ocrx_word' id='word_1_122' title='bbox 203 961 266 999; x_wconf 74' lang='lat' dir='ltr'>Sed</span> <span class='ocrx_word' id='word_1_123' title='bbox 291 960 446 1000; x_wconf 80' lang='lat' dir='ltr'>limitavit</span> <span class='ocrx_word' id='word_1_124' title='bbox 467 962 619 997; x_wconf 85' lang='lat' dir='ltr'>Summus</span> <span class='ocrx_word' id='word_1_125' title='bbox 643 958 795 997; x_wconf 76' lang='lat' dir='ltr'>Pontifex</span> <span class='ocrx_word' id='word_1_126' title='bbox 813 969 926 994; x_wconf 87' lang='lat' dir='ltr'>eorum</span> <span class='ocrx_word' id='word_1_127' title='bbox 949 957 1088 992; x_wconf 75' lang='lat' dir='ltr'>Potesta-</span> 
     </span>
     <span class='ocr_line' id='line_1_19' title="bbox 201 1009 1088 1055; baseline -0.007 -9"><span class='ocrx_word' id='word_1_128' title='bbox 201 1022 269 1049; x_wconf 77' lang='lat' dir='ltr'>tem</span> <span class='ocrx_word' id='word_1_129' title='bbox 279 1035 289 1051; x_wconf 89' lang='lat'>,</span> <span class='ocrx_word' id='word_1_130' title='bbox 319 1011 402 1048; x_wconf 78' lang='lat' dir='ltr'>adeo</span> <span class='ocrx_word' id='word_1_131' title='bbox 414 1021 449 1046; x_wconf 88' lang='lat' dir='ltr'>ut</span> <span class='ocrx_word' id='word_1_132' title='bbox 461 1021 573 1050; x_wconf 76' lang='lat' dir='ltr'>contra</span> <span class='ocrx_word' id='word_1_133' title='bbox 587 1011 631 1045; x_wconf 91' lang='lat' dir='ltr'>D.</span> <span class='ocrx_word' id='word_1_134' title='bbox 661 1009 832 1046; x_wconf 80' lang='lat' dir='ltr'>Thomam</span> <span class='ocrx_word' id='word_1_135' title='bbox 845 1019 939 1055; x_wconf 85' lang='lat' dir='ltr'>agere</span> <span class='ocrx_word' id='word_1_136' title='bbox 953 1019 1018 1042; x_wconf 89' lang='lat' dir='ltr'>non</span> <span class='ocrx_word' id='word_1_137' title='bbox 1032 1019 1088 1040; x_wconf 84' lang='lat' dir='ltr'>va·-</span> 
     </span>
     <span class='ocr_line' id='line_1_20' title="bbox 197 1057 1087 1106; baseline -0.008 -9"><span class='ocrx_word' id='word_1_138' title='bbox 197 1062 320 1098; x_wconf 82' lang='lat' dir='ltr'>lerent.</span> <span class='ocrx_word' id='word_1_139' title='bbox 352 1069 463 1106; x_wconf 54' lang='lat'><strong>1794·</strong></span> <span class='ocrx_word' id='word_1_140' title='bbox 500 1060 608 1094; x_wconf 77' lang='lat' dir='ltr'>Immo</span> <span class='ocrx_word' id='word_1_141' title='bbox 636 1071 703 1094; x_wconf 91' lang='lat' dir='ltr'>non</span> <span class='ocrx_word' id='word_1_142' title='bbox 733 1058 852 1095; x_wconf 69' lang='lat' dir='ltr'>licebat</span> <span class='ocrx_word' id='word_1_143' title='bbox 876 1058 942 1093; x_wconf 86' lang='lat' dir='ltr'>illis</span> <span class='ocrx_word' id='word_1_144' title='bbox 962 1057 1087 1103; x_wconf 83' lang='lat' dir='ltr'>ingredi</span> 
     </span>
     <span class='ocr_line' id='line_1_21' title="bbox 199 1106 1086 1155; baseline -0.006 -11"><span class='ocrx_word' id='word_1_145' title='bbox 199 1112 236 1148; x_wconf 86' lang='lat' dir='ltr'>in</span> <span class='ocrx_word' id='word_1_146' title='bbox 263 1111 447 1155; x_wconf 87' lang='lat' dir='ltr'>Angliam,</span> <span class='ocrx_word' id='word_1_147' title='bbox 479 1111 661 1154; x_wconf 76' lang='lat' dir='ltr'>priusquam</span> <span class='ocrx_word' id='word_1_148' title='bbox 697 1106 739 1147; x_wconf 47' lang='lat' dir='ltr'>Di</span> <span class='ocrx_word' id='word_1_149' title='bbox 768 1109 920 1148; x_wconf 84' lang='lat' dir='ltr'>Thomas</span> <span class='ocrx_word' id='word_1_150' title='bbox 946 1108 1086 1142; x_wconf 86' lang='lat' dir='ltr'>reconci-</span> 
     </span>
     <span class='ocr_line' id='line_1_22' title="bbox 198 1155 1089 1207; baseline -0.004 -14"><span class='ocrx_word' id='word_1_151' title='bbox 198 1161 295 1198; x_wconf 79' lang='lat' dir='ltr'>liatus</span> <span class='ocrx_word' id='word_1_152' title='bbox 309 1161 405 1198; x_wconf 78' lang='lat' dir='ltr'>esset.</span> <span class='ocrx_word' id='word_1_153' title='bbox 429 1171 504 1207; x_wconf 85' lang='lat'><strong>199.</strong></span> <span class='ocrx_word' id='word_1_154' title='bbox 525 1170 552 1195; x_wconf 91' lang='lat'><strong>1.</strong></span> <span class='ocrx_word' id='word_1_155' title='bbox 568 1160 717 1200; x_wconf 75' lang='lat' dir='ltr'>Veniunt</span> <span class='ocrx_word' id='word_1_156' title='bbox 732 1160 765 1194; x_wconf 86' lang='lat' dir='ltr'>in</span> <span class='ocrx_word' id='word_1_157' title='bbox 782 1156 957 1205; x_wconf 78' lang='lat' dir='ltr'>Angliam.</span> <span class='ocrx_word' id='word_1_158' title='bbox 989 1155 1089 1198; x_wconf 67' lang='lat'><strong>1801.</strong></span> 
     </span>
     <span class='ocr_line' id='line_1_23' title="bbox 201 1208 1087 1255; baseline -0.008 -9"><span class='ocrx_word' id='word_1_159' title='bbox 201 1210 357 1255; x_wconf 84' lang='lat' dir='ltr'>Episcopi</span> <span class='ocrx_word' id='word_1_160' title='bbox 371 1210 527 1245; x_wconf 86' lang='lat' dir='ltr'>testantur</span> <span class='ocrx_word' id='word_1_161' title='bbox 537 1210 648 1245; x_wconf 86' lang='lat' dir='ltr'>omnia</span> <span class='ocrx_word' id='word_1_162' title='bbox 660 1208 716 1243; x_wconf 85' lang='lat' dir='ltr'>fibi</span> <span class='ocrx_word' id='word_1_163' title='bbox 731 1210 854 1253; x_wconf 88' lang='lat' dir='ltr'>placere</span> <span class='ocrx_word' id='word_1_164' title='bbox 867 1221 936 1252; x_wconf 83' lang='lat' dir='ltr'>quae</span> <span class='ocrx_word' id='word_1_165' title='bbox 948 1208 1087 1244; x_wconf 82' lang='lat' dir='ltr'>statuent</span> 
     </span>
     <span class='ocr_line' id='line_1_24' title="bbox 199 1256 1089 1305; baseline -0.008 -10"><span class='ocrx_word' id='word_1_166' title='bbox 199 1261 339 1305; x_wconf 79' lang='lat' dir='ltr'>Legati,</span> <span class='ocrx_word' id='word_1_167' title='bbox 367 1259 548 1295; x_wconf 75' lang='lat' dir='ltr'>dummodo</span> <span class='ocrx_word' id='word_1_168' title='bbox 569 1261 692 1294; x_wconf 79' lang='lat' dir='ltr'>faciant</span> <span class='ocrx_word' id='word_1_169' title='bbox 713 1260 753 1295; x_wconf 90' lang='lat' dir='ltr'>de</span> <span class='ocrx_word' id='word_1_170' title='bbox 776 1261 820 1301; x_wconf 53' lang='lat' dir='ltr'>D,</span> <span class='ocrx_word' id='word_1_171' title='bbox 845 1259 982 1297; x_wconf 84' lang='lat' dir='ltr'>Thoma</span> <span class='ocrx_word' id='word_1_172' title='bbox 1002 1256 1089 1297; x_wconf 84' lang='lat' dir='ltr'>julli-</span> 
     </span>
     <span class='ocr_line' id='line_1_25' title="bbox 200 1305 1086 1353; baseline -0.006 -10"><span class='ocrx_word' id='word_1_173' title='bbox 200 1313 307 1345; x_wconf 88' lang='lat' dir='ltr'>tiam:</span> <span class='ocrx_word' id='word_1_174' title='bbox 333 1309 528 1353; x_wconf 85' lang='lat' dir='ltr'>respondent</span> <span class='ocrx_word' id='word_1_175' title='bbox 563 1309 704 1350; x_wconf 77' lang='lat' dir='ltr'>Legati,</span> <span class='ocrx_word' id='word_1_176' title='bbox 731 1306 936 1341; x_wconf 78' lang='lat' dir='ltr'>commiffim</span> <span class='ocrx_word' id='word_1_177' title='bbox 963 1305 1019 1340; x_wconf 84' lang='lat' dir='ltr'>fibi</span> <span class='ocrx_word' id='word_1_178' title='bbox 1045 1307 1086 1338; x_wconf 90' lang='lat' dir='ltr'>D.</span> 
     </span>
     <span class='ocr_line' id='line_1_26' title="bbox 197 1354 1086 1403; baseline -0.007 -10"><span class='ocrx_word' id='word_1_179' title='bbox 197 1358 343 1394; x_wconf 77' lang='lat' dir='ltr'>Thomae</span> <span class='ocrx_word' id='word_1_180' title='bbox 356 1355 679 1396; x_wconf 83' lang='lat' dir='ltr'>reconciliationem,</span> <span class='ocrx_word' id='word_1_181' title='bbox 707 1367 774 1403; x_wconf 72' lang='lat' dir='ltr'>non</span> <span class='ocrx_word' id='word_1_182' title='bbox 793 1354 951 1399; x_wconf 82' lang='lat' dir='ltr'>judicium</span> <span class='ocrx_word' id='word_1_183' title='bbox 964 1380 974 1393; x_wconf 60' lang='grc'>.,</span> <span class='ocrx_word' id='word_1_184' title='bbox 1006 1357 1086 1391; x_wconf 85' lang='lat' dir='ltr'>Om-</span> 
     </span>
     <span class='ocr_line' id='line_1_27' title="bbox 196 1405 1088 1451; baseline -0.006 -10"><span class='ocrx_word' id='word_1_185' title='bbox 196 1408 432 1450; x_wconf 85' lang='lat' dir='ltr'>nesappellant</span> <span class='ocrx_word' id='word_1_186' title='bbox 443 1405 484 1442; x_wconf 87' lang='lat' dir='ltr'>ad</span> <span class='ocrx_word' id='word_1_187' title='bbox 507 1405 647 1448; x_wconf 82' lang='lat' dir='ltr'>Papam:</span> <span class='ocrx_word' id='word_1_188' title='bbox 678 1416 837 1451; x_wconf 87' lang='lat' dir='ltr'>ponentes</span> <span class='ocrx_word' id='word_1_189' title='bbox 859 1405 1088 1449; x_wconf 81' lang='lat' dir='ltr'>appellationis</span> 
     </span>
     <span class='ocr_line' id='line_1_28' title="bbox 199 1453 1085 1502; baseline -0.005 -12"><span class='ocrx_word' id='word_1_190' title='bbox 199 1457 378 1492; x_wconf 85' lang='lat' dir='ltr'>terminum</span> <span class='ocrx_word' id='word_1_191' title='bbox 390 1457 472 1490; x_wconf 88' lang='lat' dir='ltr'>intra</span> <span class='ocrx_word' id='word_1_192' title='bbox 485 1466 629 1489; x_wconf 89' lang='lat' dir='ltr'>annum.</span> <span class='ocrx_word' id='word_1_193' title='bbox 662 1465 736 1502; x_wconf 80' lang='lat'><strong>190.</strong></span> <span class='ocrx_word' id='word_1_194' title='bbox 760 1466 786 1495; x_wconf 73' lang='grc' dir='ltr'>ι.</span> <span class='ocrx_word' id='word_1_195' title='bbox 815 1454 968 1488; x_wconf 85' lang='lat' dir='ltr'>Audiunt</span> <span class='ocrx_word' id='word_1_196' title='bbox 982 1453 1085 1497; x_wconf 85' lang='lat' dir='ltr'>Argu-</span> 
     </span>
     <span class='ocr_line' id='line_1_29' title="bbox 197 1503 1087 1548; baseline -0.008 -6"><span class='ocrx_word' id='word_1_197' title='bbox 197 1517 309 1542; x_wconf 84' lang='lat' dir='ltr'>menta</span> <span class='ocrx_word' id='word_1_198' title='bbox 331 1516 446 1540; x_wconf 88' lang='lat' dir='ltr'>contra</span> <span class='ocrx_word' id='word_1_199' title='bbox 486 1506 528 1539; x_wconf 92' lang='lat' dir='ltr'>D.</span> <span class='ocrx_word' id='word_1_200' title='bbox 556 1505 748 1540; x_wconf 84' lang='lat' dir='ltr'>Thomam:</span> <span class='ocrx_word' id='word_1_201' title='bbox 777 1506 810 1539; x_wconf 88' lang='lat'>&amp;</span> <span class='ocrx_word' id='word_1_202' title='bbox 848 1503 1087 1548; x_wconf 81' lang='lat' dir='ltr'>appellantibus</span> 
     </span>
     <span class='ocr_line' id='line_1_30' title="bbox 197 1555 1088 1598; baseline -0.004 -8"><span class='ocrx_word' id='word_1_203' title='bbox 197 1556 385 1591; x_wconf 86' lang='lat' dir='ltr'>concedunt</span> <span class='ocrx_word' id='word_1_204' title='bbox 399 1555 579 1598; x_wconf 82' lang='lat' dir='ltr'>Apostolos</span> <span class='ocrx_word' id='word_1_205' title='bbox 602 1556 862 1598; x_wconf 77' lang='lat' dir='ltr'>Appellatorios:</span> <span class='ocrx_word' id='word_1_206' title='bbox 889 1555 1088 1595; x_wconf 85' lang='lat' dir='ltr'>mittuntque</span> 
     </span>
     <span class='ocr_line' id='line_1_31' title="bbox 198 1602 1087 1650; baseline -0.006 -9"><span class='ocrx_word' id='word_1_207' title='bbox 198 1606 366 1642; x_wconf 85' lang='lat' dir='ltr'>Clericum</span> <span class='ocrx_word' id='word_1_208' title='bbox 379 1606 542 1650; x_wconf 81' lang='lat' dir='ltr'>quendam</span> <span class='ocrx_word' id='word_1_209' title='bbox 554 1606 593 1640; x_wconf 88' lang='lat' dir='ltr'>ad</span> <span class='ocrx_word' id='word_1_210' title='bbox 607 1604 745 1648; x_wconf 85' lang='lat' dir='ltr'>Papam,</span> <span class='ocrx_word' id='word_1_211' title='bbox 772 1617 836 1641; x_wconf 89' lang='lat' dir='ltr'>una</span> <span class='ocrx_word' id='word_1_212' title='bbox 860 1617 933 1639; x_wconf 88' lang='lat' dir='ltr'>cum</span> <span class='ocrx_word' id='word_1_213' title='bbox 960 1602 1087 1640; x_wconf 84' lang='lat' dir='ltr'>duobus</span> 
     </span>
     <span class='ocr_line' id='line_1_32' title="bbox 199 1653 1086 1700; baseline -0.002 -10"><span class='ocrx_word' id='word_1_214' title='bbox 199 1656 343 1692; x_wconf 90' lang='lat' dir='ltr'>Nunciis</span> <span class='ocrx_word' id='word_1_215' title='bbox 356 1657 478 1700; x_wconf 87' lang='lat' dir='ltr'>Regis.</span> <span class='ocrx_word' id='word_1_216' title='bbox 507 1655 572 1692; x_wconf 84' lang='lat'><strong>180.</strong></span> <span class='ocrx_word' id='word_1_217' title='bbox 590 1669 622 1693; x_wconf 90' lang='lat'><strong>2.</strong></span> <span class='ocrx_word' id='word_1_218' title='bbox 650 1654 834 1689; x_wconf 78' lang='lat' dir='ltr'>Prohibent</span> <span class='ocrx_word' id='word_1_219' title='bbox 857 1654 896 1693; x_wconf 66' lang='lat' dir='ltr'>nt}</span> <span class='ocrx_word' id='word_1_220' title='bbox 921 1655 965 1689; x_wconf 89' lang='lat' dir='ltr'>D.</span> <span class='ocrx_word' id='word_1_221' title='bbox 992 1653 1086 1688; x_wconf 83' lang='lat' dir='ltr'>Tho-</span> 
     </span>
    </p>
   </div>
   <div class='ocr_carea' id='block_1_7' title="bbox 197 1706 1140 1750">
    <p class='ocr_par' dir='ltr' id='par_1_7' title="bbox 197 1706 1140 1750">
     <span class='ocr_line' id='line_1_33' title="bbox 197 1706 1140 1750; baseline -0.003 -10"><span class='ocrx_word' id='word_1_222' title='bbox 197 1717 287 1745; x_wconf 85' lang='lat' dir='ltr'>mas,</span> <span class='ocrx_word' id='word_1_223' title='bbox 317 1708 479 1750; x_wconf 85' lang='lat' dir='ltr'>pendente</span> <span class='ocrx_word' id='word_1_224' title='bbox 491 1706 709 1750; x_wconf 82' lang='lat' dir='ltr'>appellatione</span> <span class='ocrx_word' id='word_1_225' title='bbox 723 1706 992 1740; x_wconf 84' lang='lat' dir='ltr'>excommunicet</span> <span class='ocrx_word' id='word_1_226' title='bbox 1009 1729 1018 1745; x_wconf 91' lang='lat'>,</span> <span class='ocrx_word' id='word_1_227' title='bbox 1032 1715 1085 1737; x_wconf 89' lang='lat' dir='ltr'>aut</span> <span class='ocrx_word' id='word_1_228' title='bbox 1138 1735 1140 1737; x_wconf 87' lang='grc'><em>,</em></span> 
     </span>
    </p>
   </div>
   <div class='ocr_carea' id='block_1_8' title="bbox 163 1753 1089 2149">
    <p class='ocr_par' dir='ltr' id='par_1_8' title="bbox 163 1753 1089 2149">
     <span class='ocr_line' id='line_1_34' title="bbox 196 1753 1087 1804; baseline -0.006 -13"><span class='ocrx_word' id='word_1_229' title='bbox 196 1755 370 1791; x_wconf 82' lang='lat' dir='ltr'>interdicat</span> <span class='ocrx_word' id='word_1_230' title='bbox 391 1782 400 1790; x_wconf 93' lang='lat'><strong>.</strong></span> <span class='ocrx_word' id='word_1_231' title='bbox 445 1767 519 1804; x_wconf 86' lang='lat'><strong>193.</strong></span> <span class='ocrx_word' id='word_1_232' title='bbox 547 1769 574 1793; x_wconf 91' lang='lat'><strong>1.</strong></span> <span class='ocrx_word' id='word_1_233' title='bbox 606 1757 702 1791; x_wconf 88' lang='lat' dir='ltr'>Falso</span> <span class='ocrx_word' id='word_1_234' title='bbox 728 1758 882 1790; x_wconf 85' lang='lat' dir='ltr'>accusant</span> <span class='ocrx_word' id='word_1_235' title='bbox 919 1756 962 1789; x_wconf 94' lang='lat' dir='ltr'>D.</span> <span class='ocrx_word' id='word_1_236' title='bbox 993 1753 1087 1788; x_wconf 85' lang='lat' dir='ltr'>Tho-</span> 
     </span>
     <span class='ocr_line' id='line_1_35' title="bbox 198 1803 1089 1851; baseline -0.004 -11"><span class='ocrx_word' id='word_1_237' title='bbox 198 1817 287 1840; x_wconf 87' lang='lat' dir='ltr'>mam</span> <span class='ocrx_word' id='word_1_238' title='bbox 302 1807 385 1849; x_wconf 87' lang='lat' dir='ltr'>apud</span> <span class='ocrx_word' id='word_1_239' title='bbox 400 1807 539 1849; x_wconf 84' lang='lat' dir='ltr'>Papam.</span> <span class='ocrx_word' id='word_1_240' title='bbox 557 1815 630 1851; x_wconf 85' lang='lat'>192-</span> <span class='ocrx_word' id='word_1_241' title='bbox 647 1816 673 1841; x_wconf 87' lang='lat'><strong>1.</strong></span> <span class='ocrx_word' id='word_1_242' title='bbox 698 1805 828 1839; x_wconf 85' lang='lat' dir='ltr'>Audito</span> <span class='ocrx_word' id='word_1_243' title='bbox 840 1805 916 1838; x_wconf 75' lang='lat' dir='ltr'>vero</span> <span class='ocrx_word' id='word_1_244' title='bbox 930 1805 973 1837; x_wconf 92' lang='lat' dir='ltr'>D.</span> <span class='ocrx_word' id='word_1_245' title='bbox 995 1803 1089 1837; x_wconf 90' lang='lat' dir='ltr'>Tho-</span> 
     </span>
     <span class='ocr_line' id='line_1_36' title="bbox 198 1854 1087 1900; baseline -0.006 -8"><span class='ocrx_word' id='word_1_246' title='bbox 198 1867 277 1892; x_wconf 78' lang='lat' dir='ltr'>ma:</span> <span class='ocrx_word' id='word_1_247' title='bbox 301 1857 546 1900; x_wconf 76' lang='lat' dir='ltr'>compatiuntur</span> <span class='ocrx_word' id='word_1_248' title='bbox 567 1856 616 1893; x_wconf 82' lang='lat' dir='ltr'>ei,</span> <span class='ocrx_word' id='word_1_249' title='bbox 643 1867 713 1890; x_wconf 87' lang='lat' dir='ltr'>non</span> <span class='ocrx_word' id='word_1_250' title='bbox 723 1856 881 1898; x_wconf 81' lang='lat' dir='ltr'>culpant,</span> <span class='ocrx_word' id='word_1_251' title='bbox 906 1854 957 1888; x_wconf 83' lang='lat' dir='ltr'>sed</span> <span class='ocrx_word' id='word_1_252' title='bbox 979 1854 1087 1888; x_wconf 80' lang='lat' dir='ltr'>zelum</span> 
     </span>
     <span class='ocr_line' id='line_1_37' title="bbox 200 1902 1086 1950; baseline -0.005 -9"><span class='ocrx_word' id='word_1_253' title='bbox 200 1902 384 1950; x_wconf 73' lang='lat' dir='ltr'>approbant</span> <span class='ocrx_word' id='word_1_254' title='bbox 398 1932 405 1939; x_wconf 91' lang='lat'><strong>.</strong></span> <span class='ocrx_word' id='word_1_255' title='bbox 433 1905 505 1939; x_wconf 84' lang='lat' dir='ltr'>ibid.</span> <span class='ocrx_word' id='word_1_256' title='bbox 533 1905 667 1938; x_wconf 75' lang='lat' dir='ltr'>Interim</span> <span class='ocrx_word' id='word_1_257' title='bbox 686 1905 796 1948; x_wconf 81' lang='lat' dir='ltr'>jubent</span> <span class='ocrx_word' id='word_1_258' title='bbox 819 1905 1086 1939; x_wconf 80' lang='lat' dir='ltr'>excommunica-</span> 
     </span>
     <span class='ocr_line' id='line_1_38' title="bbox 196 1952 1086 2002; baseline -0.004 -12"><span class='ocrx_word' id='word_1_259' title='bbox 196 1967 249 1991; x_wconf 76' lang='lat' dir='ltr'>tos</span> <span class='ocrx_word' id='word_1_260' title='bbox 261 1956 383 1991; x_wconf 88' lang='lat' dir='ltr'>absolvi</span> <span class='ocrx_word' id='word_1_261' title='bbox 407 1980 418 1995; x_wconf 94' lang='lat'>,</span> <span class='ocrx_word' id='word_1_262' title='bbox 450 1955 589 2000; x_wconf 76' lang='lat' dir='ltr'>praestito</span> <span class='ocrx_word' id='word_1_263' title='bbox 611 1952 815 1998; x_wconf 77' lang='lat' dir='ltr'>juramento.</span> <span class='ocrx_word' id='word_1_264' title='bbox 845 1965 922 2002; x_wconf 80' lang='lat'><strong>235.</strong></span> <span class='ocrx_word' id='word_1_265' title='bbox 945 1966 975 1991; x_wconf 89' lang='lat'>2·</span> <span class='ocrx_word' id='word_1_266' title='bbox 1005 1955 1086 1986; x_wconf 81' lang='lat' dir='ltr'>Wil-</span> 
     </span>
     <span class='ocr_line' id='line_1_39' title="bbox 196 2002 1085 2048; baseline -0.002 -9"><span class='ocrx_word' id='word_1_267' title='bbox 196 2004 325 2039; x_wconf 82' lang='lat' dir='ltr'>helmus</span> <span class='ocrx_word' id='word_1_268' title='bbox 345 2005 502 2039; x_wconf 75' lang='lat' dir='ltr'>obtineta</span> <span class='ocrx_word' id='word_1_269' title='bbox 516 2005 603 2048; x_wconf 87' lang='lat' dir='ltr'>Papa</span> <span class='ocrx_word' id='word_1_270' title='bbox 616 2005 841 2048; x_wconf 74' lang='lat' dir='ltr'>Rescriptum,</span> <span class='ocrx_word' id='word_1_271' title='bbox 868 2005 907 2037; x_wconf 79' lang='lat' dir='ltr'>ne</span> <span class='ocrx_word' id='word_1_272' title='bbox 925 2004 968 2038; x_wconf 80' lang='lat' dir='ltr'><strong>D.</strong></span> <span class='ocrx_word' id='word_1_273' title='bbox 994 2002 1085 2038; x_wconf 89' lang='lat' dir='ltr'>Tho-</span> 
     </span>
     <span class='ocr_line' id='line_1_40' title="bbox 163 2054 1089 2100; baseline -0.002 -10"><span class='ocrx_word' id='word_1_274' title='bbox 163 2087 167 2090; x_wconf 88' lang='lat'><strong>.</strong></span> <span class='ocrx_word' id='word_1_275' title='bbox 194 2067 265 2093; x_wconf 80' lang='lat' dir='ltr'>mas</span> <span class='ocrx_word' id='word_1_276' title='bbox 294 2055 387 2098; x_wconf 83' lang='lat' dir='ltr'>poffit</span> <span class='ocrx_word' id='word_1_277' title='bbox 415 2056 540 2100; x_wconf 80' lang='lat' dir='ltr'>Regem</span> <span class='ocrx_word' id='word_1_278' title='bbox 569 2055 660 2089; x_wconf 82' lang='lat' dir='ltr'>ferire</span> <span class='ocrx_word' id='word_1_279' title='bbox 682 2055 903 2090; x_wconf 69' lang='lat' dir='ltr'>Anatliemate</span> <span class='ocrx_word' id='word_1_280' title='bbox 926 2079 940 2095; x_wconf 84' lang='lat'>‚</span> <span class='ocrx_word' id='word_1_281' title='bbox 972 2054 1089 2092; x_wconf 70' lang='lat' dir='ltr'>&amp;Re-</span> 
     </span>
     <span class='ocr_line' id='line_1_41' title="bbox 199 2103 1087 2149; baseline -0.003 -11"><span class='ocrx_word' id='word_1_282' title='bbox 199 2116 303 2149; x_wconf 85' lang='lat' dir='ltr'>gnum</span> <span class='ocrx_word' id='word_1_283' title='bbox 329 2104 385 2138; x_wconf 92' lang='lat' dir='ltr'>sub</span> <span class='ocrx_word' id='word_1_284' title='bbox 410 2105 590 2139; x_wconf 70' lang='lat' dir='ltr'>Interdisto</span> <span class='ocrx_word' id='word_1_285' title='bbox 628 2116 762 2147; x_wconf 85' lang='lat' dir='ltr'>ponere:</span> <span class='ocrx_word' id='word_1_286' title='bbox 795 2104 1004 2149; x_wconf 78' lang='lat' dir='ltr'>significans,</span> <span class='ocrx_word' id='word_1_287' title='bbox 1032 2103 1087 2137; x_wconf 80' lang='lat' dir='ltr'>nisi</span> 
     </span>
    </p>
   </div>
   <div class='ocr_carea' id='block_1_9' title="bbox 197 2152 1089 2198">
    <p class='ocr_par' dir='ltr' id='par_1_9' title="bbox 197 2146 1139 2198">
     <span class='ocr_line' id='line_1_42' title="bbox 197 2152 1089 2198; baseline 0.001 -11"><span class='ocrx_word' id='word_1_288' title='bbox 197 2152 265 2188; x_wconf 89' lang='lat' dir='ltr'>hoc</span> <span class='ocrx_word' id='word_1_289' title='bbox 278 2154 366 2189; x_wconf 88' lang='lat' dir='ltr'>fieret</span> <span class='ocrx_word' id='word_1_290' title='bbox 388 2166 509 2189; x_wconf 89' lang='lat' dir='ltr'>certum</span> <span class='ocrx_word' id='word_1_291' title='bbox 533 2157 595 2188; x_wconf 80' lang='lat' dir='ltr'>effe</span> <span class='ocrx_word' id='word_1_292' title='bbox 618 2156 648 2189; x_wconf 91' lang='lat' dir='ltr'>se</span> <span class='ocrx_word' id='word_1_293' title='bbox 675 2165 750 2190; x_wconf 88' lang='lat' dir='ltr'>cum</span> <span class='ocrx_word' id='word_1_294' title='bbox 777 2156 928 2194; x_wconf 90' lang='lat' dir='ltr'>Ortone,</span> <span class='ocrx_word' id='word_1_295' title='bbox 954 2155 971 2187; x_wconf 74' lang='lat' dir='ltr'>a</span> <span class='ocrx_word' id='word_1_296' title='bbox 997 2154 1089 2198; x_wconf 84' lang='lat' dir='ltr'>Rege</span> 
     </span>
    </p>
   </div>
   <div class='ocr_carea' id='block_1_10' title="bbox 198 2204 1088 2347">
    <p class='ocr_par' dir='ltr' id='par_1_10' title="bbox 198 2204 1088 2347">
     <span class='ocr_line' id='line_1_43' title="bbox 201 2204 1086 2249; baseline 0.001 -12"><span class='ocrx_word' id='word_1_297' title='bbox 201 2204 450 2239; x_wconf 83' lang='lat' dir='ltr'>incarcerandos</span> <span class='ocrx_word' id='word_1_298' title='bbox 461 2230 471 2245; x_wconf 92' lang='lat'>‚</span> <span class='ocrx_word' id='word_1_299' title='bbox 498 2206 533 2238; x_wconf 87' lang='lat' dir='ltr'>in</span> <span class='ocrx_word' id='word_1_300' title='bbox 548 2205 767 2249; x_wconf 83' lang='lat' dir='ltr'>ignominiam</span> <span class='ocrx_word' id='word_1_301' title='bbox 781 2205 869 2240; x_wconf 88' lang='lat' dir='ltr'>Sedis</span> <span class='ocrx_word' id='word_1_302' title='bbox 883 2204 1086 2248; x_wconf 75' lang='lat' dir='ltr'>Apostolicae.</span> 
     </span>
     <span class='ocr_line' id='line_1_44' title="bbox 198 2253 1087 2304; baseline -0.004 -13"><span class='ocrx_word' id='word_1_303' title='bbox 198 2264 322 2300; x_wconf 82' lang='lat'><strong>240-1.</strong></span> <span class='ocrx_word' id='word_1_304' title='bbox 354 2254 541 2290; x_wconf 81' lang='lat' dir='ltr'>Audientes.</span> <span class='ocrx_word' id='word_1_305' title='bbox 551 2266 627 2289; x_wconf 89' lang='lat' dir='ltr'>vero</span> <span class='ocrx_word' id='word_1_306' title='bbox 650 2254 736 2303; x_wconf 84' lang='lat' dir='ltr'>hanc</span> <span class='ocrx_word' id='word_1_307' title='bbox 759 2257 802 2290; x_wconf 89' lang='lat' dir='ltr'><strong>D.</strong></span> <span class='ocrx_word' id='word_1_308' title='bbox 830 2253 975 2304; x_wconf 80' lang='lat' dir='ltr'>Thomae</span> <span class='ocrx_word' id='word_1_309' title='bbox 1001 2265 1087 2297; x_wconf 88' lang='lat' dir='ltr'>pote·</span> 
     </span>
     <span class='ocr_line' id='line_1_45' title="bbox 203 2304 1088 2347; baseline -0.002 -10"><span class='ocrx_word' id='word_1_310' title='bbox 203 2304 319 2338; x_wconf 82' lang='lat' dir='ltr'>statem</span> <span class='ocrx_word' id='word_1_311' title='bbox 344 2306 406 2339; x_wconf 81' lang='lat' dir='ltr'>effe</span> <span class='ocrx_word' id='word_1_312' title='bbox 423 2305 689 2340; x_wconf 82' lang='lat' dir='ltr'>reconfirmaram</span> <span class='ocrx_word' id='word_1_313' title='bbox 726 2330 737 2347; x_wconf 94' lang='lat'>,</span> <span class='ocrx_word' id='word_1_314' title='bbox 763 2305 916 2339; x_wconf 86' lang='lat' dir='ltr'>festinant</span> <span class='ocrx_word' id='word_1_315' title='bbox 941 2304 1028 2339; x_wconf 79' lang='lat' dir='ltr'>exire</span> <span class='ocrx_word' id='word_1_316' title='bbox 1050 2316 1088 2336; x_wconf 80' lang='lat' dir='ltr'>ex</span> 
     </span>
    </p>
   </div>
   <div class='ocr_carea' id='block_1_11' title="bbox 198 2351 1100 2400">
    <p class='ocr_par' dir='ltr' id='par_1_11' title="bbox 198 2351 1100 2400">
     <span class='ocr_line' id='line_1_46' title="bbox 198 2351 1100 2400; baseline -0.003 -13"><span class='ocrx_word' id='word_1_317' title='bbox 198 2354 326 2398; x_wconf 82' lang='lat' dir='ltr'>Anglia</span> <span class='ocrx_word' id='word_1_318' title='bbox 338 2379 347 2394; x_wconf 94' lang='lat'>,</span> <span class='ocrx_word' id='word_1_319' title='bbox 374 2366 553 2390; x_wconf 87' lang='lat' dir='ltr'>metuentes</span> <span class='ocrx_word' id='word_1_320' title='bbox 566 2355 668 2400; x_wconf 86' lang='lat' dir='ltr'>Regis</span> <span class='ocrx_word' id='word_1_321' title='bbox 681 2366 814 2391; x_wconf 85' lang='lat' dir='ltr'>manum</span> <span class='ocrx_word' id='word_1_322' title='bbox 827 2379 837 2388; x_wconf 83' lang='grc'><strong>.</strong></span> <span class='ocrx_word' id='word_1_323' title='bbox 862 2354 934 2387; x_wconf 70' lang='lat' dir='ltr'>ibid.</span> <span class='ocrx_word' id='word_1_324' title='bbox 950 2366 980 2391; x_wconf 89' lang='lat'>2-</span> <span class='ocrx_word' id='word_1_325' title='bbox 994 2351 1100 2392; x_wconf 63' lang='lat' dir='ltr'>Nihil,</span> 
     </span>
    </p>
   </div>
   <div class='ocr_carea' id='block_1_12' title="bbox 192 2401 1089 2646">
    <p class='ocr_par' dir='ltr' id='par_1_12' title="bbox 192 2401 1089 2646">
     <span class='ocr_line' id='line_1_47' title="bbox 192 2401 1087 2448; baseline -0.003 -10"><span class='ocrx_word' id='word_1_326' title='bbox 192 2401 311 2438; x_wconf 79' lang='lat' dir='ltr'>¹autem</span> <span class='ocrx_word' id='word_1_327' title='bbox 323 2405 544 2444; x_wconf 77' lang='lat' dir='ltr'>effeceruntin</span> <span class='ocrx_word' id='word_1_328' title='bbox 560 2405 699 2448; x_wconf 86' lang='lat' dir='ltr'>Anglia.</span> <span class='ocrx_word' id='word_1_329' title='bbox 727 2403 807 2441; x_wconf 77' lang='lat'><strong>208.</strong></span> <span class='ocrx_word' id='word_1_330' title='bbox 829 2417 858 2442; x_wconf 89' lang='lat'>1·</span> <span class='ocrx_word' id='word_1_331' title='bbox 881 2414 988 2438; x_wconf 85' lang='lat' dir='ltr'>tamen</span> <span class='ocrx_word' id='word_1_332' title='bbox 1007 2415 1087 2437; x_wconf 88' lang='lat' dir='ltr'>tran-</span> 
     </span>
     <span class='ocr_line' id='line_1_48' title="bbox 194 2454 1089 2498; baseline 0 -11"><span class='ocrx_word' id='word_1_333' title='bbox 194 2455 325 2487; x_wconf 84' lang='lat' dir='ltr'>seuntes</span> <span class='ocrx_word' id='word_1_334' title='bbox 337 2465 391 2497; x_wconf 86' lang='lat' dir='ltr'>per</span> <span class='ocrx_word' id='word_1_335' title='bbox 412 2455 556 2488; x_wconf 82' lang='lat' dir='ltr'>Galliam</span> <span class='ocrx_word' id='word_1_336' title='bbox 581 2455 745 2488; x_wconf 78' lang='lat' dir='ltr'>redierunt</span> <span class='ocrx_word' id='word_1_337' title='bbox 768 2455 803 2488; x_wconf 90' lang='lat' dir='ltr'>in</span> <span class='ocrx_word' id='word_1_338' title='bbox 825 2455 961 2496; x_wconf 84' lang='lat' dir='ltr'>gratiam</span> <span class='ocrx_word' id='word_1_339' title='bbox 985 2454 1089 2498; x_wconf 89' lang='lat' dir='ltr'>Regis</span> 
     </span>
     <span class='ocr_line' id='line_1_49' title="bbox 194 2502 1084 2547; baseline 0.001 -11"><span class='ocrx_word' id='word_1_340' title='bbox 194 2503 364 2542; x_wconf 78' lang='lat' dir='ltr'>Franciae,</span> <span class='ocrx_word' id='word_1_341' title='bbox 389 2515 485 2547; x_wconf 87' lang='lat' dir='ltr'>quam</span> <span class='ocrx_word' id='word_1_342' title='bbox 496 2505 690 2544; x_wconf 78' lang='lat' dir='ltr'>amiserant,</span> <span class='ocrx_word' id='word_1_343' title='bbox 715 2505 793 2538; x_wconf 88' lang='lat' dir='ltr'>dum</span> <span class='ocrx_word' id='word_1_344' title='bbox 809 2502 1009 2547; x_wconf 81' lang='lat' dir='ltr'>putabantur</span> <span class='ocrx_word' id='word_1_345' title='bbox 1035 2515 1084 2537; x_wconf 90' lang='lat' dir='ltr'>ve-</span> 
     </span>
     <span class='ocr_line' id='line_1_50' title="bbox 196 2551 1081 2599; baseline 0.001 -15"><span class='ocrx_word' id='word_1_346' title='bbox 196 2551 300 2592; x_wconf 66' lang='lat' dir='ltr'>nisse,</span> <span class='ocrx_word' id='word_1_347' title='bbox 324 2561 358 2586; x_wconf 91' lang='lat' dir='ltr'>ut</span> <span class='ocrx_word' id='word_1_348' title='bbox 372 2563 628 2596; x_wconf 84' lang='lat' dir='ltr'>agerentcontra</span> <span class='ocrx_word' id='word_1_349' title='bbox 654 2554 695 2585; x_wconf 88' lang='lat' dir='ltr'><strong>D.</strong></span> <span class='ocrx_word' id='word_1_350' title='bbox 721 2553 910 2587; x_wconf 81' lang='lat' dir='ltr'>Thomam.</span> <span class='ocrx_word' id='word_1_351' title='bbox 943 2563 1026 2599; x_wconf 88' lang='lat'><strong>241..</strong></span> <span class='ocrx_word' id='word_1_352' title='bbox 1054 2564 1081 2587; x_wconf 90' lang='lat'><strong>1.</strong></span> 
     </span>
     <span class='ocr_line' id='line_1_51' title="bbox 198 2602 1085 2646; baseline 0.003 -12"><span class='ocrx_word' id='word_1_353' title='bbox 198 2602 367 2646; x_wconf 82' lang='lat' dir='ltr'>Atqneita</span> <span class='ocrx_word' id='word_1_354' title='bbox 382 2628 392 2643; x_wconf 90' lang='lat'>,</span> <span class='ocrx_word' id='word_1_355' title='bbox 422 2614 499 2645; x_wconf 85' lang='lat' dir='ltr'>pace</span> <span class='ocrx_word' id='word_1_356' title='bbox 523 2603 640 2637; x_wconf 70' lang='lat' dir='ltr'>infesta</span> <span class='ocrx_word' id='word_1_357' title='bbox 661 2626 674 2643; x_wconf 84' lang='lat'>,</span> <span class='ocrx_word' id='word_1_358' title='bbox 698 2602 739 2636; x_wconf 88' lang='lat' dir='ltr'>ad</span> <span class='ocrx_word' id='word_1_359' title='bbox 766 2603 954 2637; x_wconf 81' lang='lat' dir='ltr'>Romanam</span> <span class='ocrx_word' id='word_1_360' title='bbox 977 2604 1085 2637; x_wconf 83' lang='lat' dir='ltr'>reversi</span> 
     </span>
    </p>
   </div>
   <div class='ocr_carea' id='block_1_13' title="bbox 991 2664 1087 2701">
    <p class='ocr_par' dir='ltr' id='par_1_13' title="bbox 991 2664 1087 2701">
     <span class='ocr_line' id='line_1_52' title="bbox 991 2664 1087 2701; baseline -0.052 -11"><span class='ocrx_word' id='word_1_361' title='bbox 991 2664 1043 2701; x_wconf 75' lang='lat'><strong>32.</strong></span> <span class='ocrx_word' id='word_1_362' title='bbox 1056 2665 1087 2688; x_wconf 79' lang='lat'><strong>2.</strong></span> 
     </span>
    </p>
   </div>
   <div class='ocr_carea' id='block_1_14' title="bbox 146 2652 1106 2747">
    <p class='ocr_par' dir='ltr' id='par_1_14' title="bbox 146 2652 1106 2747">
     <span class='ocr_line' id='line_1_53' title="bbox 194 2652 486 2737; baseline 0 -52"><span class='ocrx_word' id='word_1_363' title='bbox 194 2653 270 2686; x_wconf 88' lang='lat' dir='ltr'>sunt</span> <span class='ocrx_word' id='word_1_364' title='bbox 287 2652 464 2737; x_wconf 39' lang='lat' dir='ltr'>Eccleffitn</span> <span class='ocrx_word' id='word_1_365' title='bbox 479 2678 486 2685; x_wconf 90' lang='lat'><strong>.</strong></span> 
     </span>
     <span class='ocr_line' id='line_1_54' title="bbox 146 2699 1106 2747; baseline -0.002 -10"><span class='ocrx_word' id='word_1_366' title='bbox 146 2700 293 2747; x_wconf 79' lang='lat' dir='ltr'>Legatos</span> <span class='ocrx_word' id='word_1_367' title='bbox 307 2704 400 2736; x_wconf 89' lang='lat' dir='ltr'>secun</span> <span class='ocrx_word' id='word_1_368' title='bbox 426 2699 464 2737; x_wconf 75' lang='lat' dir='ltr'>os</span> <span class='ocrx_word' id='word_1_369' title='bbox 475 2700 575 2736; x_wconf 82' lang='lat' dir='ltr'>mittit</span> <span class='ocrx_word' id='word_1_370' title='bbox 589 2701 760 2737; x_wconf 87' lang='lat' dir='ltr'>Romanus</span> <span class='ocrx_word' id='word_1_371' title='bbox 782 2701 985 2737; x_wconf 86' lang='lat' dir='ltr'>Pontifexin</span> <span class='ocrx_word' id='word_1_372' title='bbox 1011 2705 1106 2742; x_wconf 70' lang='lat' dir='ltr'>An-⁴</span> 
     </span>
    </p>
   </div>
   <div class='ocr_carea' id='block_1_15' title="bbox 144 2752 1085 2898">
    <p class='ocr_par' dir='ltr' id='par_1_15' title="bbox 144 2752 1085 2898">
     <span class='ocr_line' id='line_1_55' title="bbox 195 2752 1082 2797; baseline 0.001 -12"><span class='ocrx_word' id='word_1_373' title='bbox 195 2753 319 2797; x_wconf 83' lang='lat' dir='ltr'>gliam,</span> <span class='ocrx_word' id='word_1_374' title='bbox 349 2753 531 2787; x_wconf 86' lang='lat' dir='ltr'>Vivianum</span> <span class='ocrx_word' id='word_1_375' title='bbox 554 2754 588 2787; x_wconf 75' lang='grc' dir='ltr'>ὅε</span> <span class='ocrx_word' id='word_1_376' title='bbox 611 2752 828 2791; x_wconf 87' lang='lat' dir='ltr'>Gratianum,</span> <span class='ocrx_word' id='word_1_377' title='bbox 857 2753 1052 2787; x_wconf 83' lang='lat' dir='ltr'>Cardinales-</span> <span class='ocrx_word' id='word_1_378' title='bbox 1074 2779 1082 2786; x_wconf 88' lang='lat'><strong>.</strong></span> 
     </span>
     <span class='ocr_line' id='line_1_56' title="bbox 144 2798 1085 2850; baseline 0.003 -16"><span class='ocrx_word' id='word_1_379' title='bbox 144 2798 147 2802; x_wconf 67' lang='grc'>’</span> <span class='ocrx_word' id='word_1_380' title='bbox 197 2813 279 2850; x_wconf 84' lang='lat'><strong>243.</strong></span> <span class='ocrx_word' id='word_1_381' title='bbox 297 2813 324 2837; x_wconf 82' lang='grc' dir='ltr'>ι.</span> <span class='ocrx_word' id='word_1_382' title='bbox 352 2803 467 2846; x_wconf 81' lang='lat' dir='ltr'>Jurant</span> <span class='ocrx_word' id='word_1_383' title='bbox 485 2804 514 2836; x_wconf 91' lang='lat' dir='ltr'>se</span> <span class='ocrx_word' id='word_1_384' title='bbox 529 2801 610 2836; x_wconf 84' lang='lat' dir='ltr'>nihil</span> <span class='ocrx_word' id='word_1_385' title='bbox 624 2804 769 2843; x_wconf 69' lang='lat' dir='ltr'>astutos,</span> <span class='ocrx_word' id='word_1_386' title='bbox 797 2814 856 2837; x_wconf 89' lang='lat' dir='ltr'>nec</span> <span class='ocrx_word' id='word_1_387' title='bbox 871 2814 965 2848; x_wconf 85' lang='lat' dir='ltr'>agere</span> <span class='ocrx_word' id='word_1_388' title='bbox 977 2804 1063 2845; x_wconf 80' lang='lat' dir='ltr'>poffe</span> <span class='ocrx_word' id='word_1_389' title='bbox 1075 2828 1085 2844; x_wconf 87' lang='lat'>,</span> 
     </span>
     <span class='ocr_line' id='line_1_57' title="bbox 197 2851 1085 2898; baseline 0.001 -12"><span class='ocrx_word' id='word_1_390' title='bbox 197 2853 233 2886; x_wconf 92' lang='lat' dir='ltr'>in</span> <span class='ocrx_word' id='word_1_391' title='bbox 249 2852 522 2894; x_wconf 80' lang='lat' dir='ltr'>praejudiciumD.</span> <span class='ocrx_word' id='word_1_392' title='bbox 552 2853 712 2886; x_wconf 82' lang='lat' dir='ltr'>Thomae.</span> <span class='ocrx_word' id='word_1_393' title='bbox 737 2863 813 2898; x_wconf 84' lang='lat'><strong>245.</strong></span> <span class='ocrx_word' id='word_1_394' title='bbox 831 2863 858 2886; x_wconf 73' lang='grc' dir='ltr'>ι.</span> <span class='ocrx_word' id='word_1_395' title='bbox 885 2851 980 2887; x_wconf 75' lang='lat' dir='ltr'>Adeo</span> <span class='ocrx_word' id='word_1_396' title='bbox 991 2852 1085 2887; x_wconf 87' lang='lat' dir='ltr'>debe-</span> 
     </span>
    </p>
   </div>
   <div class='ocr_carea' id='block_1_16' title="bbox 195 2899 1137 2998">
    <p class='ocr_par' dir='ltr' id='par_1_16' title="bbox 195 2899 1137 2998">
     <span class='ocr_line' id='line_1_58' title="bbox 195 2899 1109 2950; baseline 0.004 -14"><span class='ocrx_word' id='word_1_397' title='bbox 195 2901 471 2936; x_wconf 70' lang='lat' dir='ltr'>bantabstinerea</span> <span class='ocrx_word' id='word_1_398' title='bbox 496 2902 688 2937; x_wconf 78' lang='lat' dir='ltr'>muneribus</span> <span class='ocrx_word' id='word_1_399' title='bbox 708 2902 927 2950; x_wconf 69' lang='lat' dir='ltr'>accipiendis,</span> <span class='ocrx_word' id='word_1_400' title='bbox 955 2914 990 2937; x_wconf 90' lang='lat' dir='ltr'>ut</span> <span class='ocrx_word' id='word_1_401' title='bbox 1015 2914 1084 2945; x_wconf 85' lang='lat' dir='ltr'>pro·</span> <span class='ocrx_word' id='word_1_402' title='bbox 1105 2899 1109 2940; x_wconf 62' lang='lat' dir='ltr'>s</span> 
     </span>
     <span class='ocr_line' id='line_1_59' title="bbox 196 2951 1137 2998; baseline 0.001 -14"><span class='ocrx_word' id='word_1_403' title='bbox 196 2951 275 2994; x_wconf 90' lang='lat' dir='ltr'>priis</span> <span class='ocrx_word' id='word_1_404' title='bbox 288 2952 469 2995; x_wconf 89' lang='lat' dir='ltr'>sumptibus</span> <span class='ocrx_word' id='word_1_405' title='bbox 481 2953 705 2997; x_wconf 77' lang='lat' dir='ltr'>obligarentur</span> <span class='ocrx_word' id='word_1_406' title='bbox 726 2954 925 2997; x_wconf 85' lang='lat' dir='ltr'>legationem</span> <span class='ocrx_word' id='word_1_407' title='bbox 951 2953 1084 2998; x_wconf 86' lang='lat' dir='ltr'>perfice·-</span> <span class='ocrx_word' id='word_1_408' title='bbox 1136 2968 1137 2971; x_wconf 44' lang='lat'>¹</span> 
     </span>
    </p>
   </div>
   <div class='ocr_carea' id='block_1_17' title="bbox 194 3001 1084 3196">
    <p class='ocr_par' dir='ltr' id='par_1_17' title="bbox 194 3001 1084 3196">
     <span class='ocr_line' id='line_1_60' title="bbox 196 3001 1084 3050; baseline 0.005 -15"><span class='ocrx_word' id='word_1_409' title='bbox 196 3012 248 3035; x_wconf 84' lang='lat' dir='ltr'>re.</span> <span class='ocrx_word' id='word_1_410' title='bbox 277 3001 354 3049; x_wconf 61' lang='lat' dir='ltr'>ibid.-</span> <span class='ocrx_word' id='word_1_411' title='bbox 382 3002 567 3047; x_wconf 71' lang='lat' dir='ltr'>Utriusque</span> <span class='ocrx_word' id='word_1_412' title='bbox 579 3003 697 3047; x_wconf 81' lang='lat' dir='ltr'>Legati</span> <span class='ocrx_word' id='word_1_413' title='bbox 712 3003 815 3038; x_wconf 79' lang='lat' dir='ltr'>Laus.</span> <span class='ocrx_word' id='word_1_414' title='bbox 845 3013 921 3050; x_wconf 85' lang='lat'>277-</span> <span class='ocrx_word' id='word_1_415' title='bbox 944 3013 974 3037; x_wconf 86' lang='lat'><strong>2.</strong></span> <span class='ocrx_word' id='word_1_416' title='bbox 1006 3001 1084 3050; x_wconf 84' lang='lat'>278·</span> 
     </span>
     <span class='ocr_line' id='line_1_61' title="bbox 197 3050 1082 3093; baseline 0 -8"><span class='ocrx_word' id='word_1_417' title='bbox 197 3061 224 3085; x_wconf 89' lang='lat'><strong>1.</strong></span> <span class='ocrx_word' id='word_1_418' title='bbox 251 3050 413 3085; x_wconf 84' lang='lat' dir='ltr'>Vivianus</span> <span class='ocrx_word' id='word_1_419' title='bbox 428 3054 512 3086; x_wconf 82' lang='lat' dir='ltr'>favet</span> <span class='ocrx_word' id='word_1_420' title='bbox 538 3053 578 3085; x_wconf 90' lang='lat' dir='ltr'><strong>D.</strong></span> <span class='ocrx_word' id='word_1_421' title='bbox 606 3054 775 3093; x_wconf 80' lang='lat' dir='ltr'>Thomae,</span> <span class='ocrx_word' id='word_1_422' title='bbox 803 3054 1027 3087; x_wconf 88' lang='lat' dir='ltr'>communicat</span> <span class='ocrx_word' id='word_1_423' title='bbox 1054 3054 1082 3086; x_wconf 89' lang='lat' dir='ltr'>ei</span> 
     </span>
     <span class='ocr_line' id='line_1_62' title="bbox 194 3102 1084 3150; baseline 0 -14"><span class='ocrx_word' id='word_1_424' title='bbox 194 3102 313 3136; x_wconf 86' lang='lat' dir='ltr'>secreta</span> <span class='ocrx_word' id='word_1_425' title='bbox 332 3127 345 3142; x_wconf 90' lang='lat'>,</span> <span class='ocrx_word' id='word_1_426' title='bbox 367 3113 525 3147; x_wconf 82' lang='lat' dir='ltr'>rogatque</span> <span class='ocrx_word' id='word_1_427' title='bbox 548 3102 633 3136; x_wconf 88' lang='lat' dir='ltr'>illius</span> <span class='ocrx_word' id='word_1_428' title='bbox 653 3114 794 3140; x_wconf 84' lang='lat' dir='ltr'>mentem</span> <span class='ocrx_word' id='word_1_429' title='bbox 808 3129 815 3136; x_wconf 87' lang='lat'><strong>.</strong></span> <span class='ocrx_word' id='word_1_430' title='bbox 843 3114 920 3150; x_wconf 77' lang='lat'><strong>245.</strong></span> <span class='ocrx_word' id='word_1_431' title='bbox 949 3113 976 3137; x_wconf 88' lang='lat'><strong>1.</strong></span> <span class='ocrx_word' id='word_1_432' title='bbox 1005 3104 1084 3137; x_wconf 76' lang='lat' dir='ltr'>Gra-</span> 
     </span>
     <span class='ocr_line' id='line_1_63' title="bbox 196 3152 1083 3196; baseline 0.001 -11"><span class='ocrx_word' id='word_1_433' title='bbox 196 3153 307 3186; x_wconf 86' lang='lat' dir='ltr'>tianus</span> <span class='ocrx_word' id='word_1_434' title='bbox 318 3163 384 3185; x_wconf 87' lang='lat' dir='ltr'>erat</span> <span class='ocrx_word' id='word_1_435' title='bbox 399 3152 550 3189; x_wconf 86' lang='lat' dir='ltr'>omnium</span> <span class='ocrx_word' id='word_1_436' title='bbox 566 3153 915 3196; x_wconf 86' lang='lat' dir='ltr'>incorruptibiliffimus</span> <span class='ocrx_word' id='word_1_437' title='bbox 926 3178 936 3194; x_wconf 87' lang='lat'>,</span> <span class='ocrx_word' id='word_1_438' title='bbox 948 3153 1003 3196; x_wconf 90' lang='lat' dir='ltr'>qui</span> <span class='ocrx_word' id='word_1_439' title='bbox 1018 3164 1083 3187; x_wconf 89' lang='lat' dir='ltr'>rem</span> 
     </span>
    </p>
   </div>
   <div class='ocr_carea' id='block_1_18' title="bbox 196 3200 1111 3251">
    <p class='ocr_par' dir='ltr' id='par_1_18' title="bbox 196 3200 1111 3251">
     <span class='ocr_line' id='line_1_64' title="bbox 196 3200 1111 3251; baseline 0.001 -16"><span class='ocrx_word' id='word_1_440' title='bbox 196 3200 289 3235; x_wconf 88' lang='lat' dir='ltr'>cordi</span> <span class='ocrx_word' id='word_1_441' title='bbox 315 3200 455 3236; x_wconf 84' lang='lat' dir='ltr'>habebat</span> <span class='ocrx_word' id='word_1_442' title='bbox 480 3202 734 3244; x_wconf 69' lang='lat' dir='ltr'>synceriffimus.</span> <span class='ocrx_word' id='word_1_443' title='bbox 766 3214 841 3251; x_wconf 77' lang='lat'><strong>333.</strong></span> <span class='ocrx_word' id='word_1_444' title='bbox 858 3216 887 3239; x_wconf 70' lang='grc' dir='ltr'>ι.</span> <span class='ocrx_word' id='word_1_445' title='bbox 912 3204 985 3236; x_wconf 88' lang='lat' dir='ltr'>Rex</span> <span class='ocrx_word' id='word_1_446' title='bbox 1007 3214 1082 3237; x_wconf 86' lang='lat' dir='ltr'>eum</span> <span class='ocrx_word' id='word_1_447' title='bbox 1110 3205 1111 3208; x_wconf 76' lang='grc'>’</span> 
     </span>
    </p>
   </div>
   <div class='ocr_carea' id='block_1_19' title="bbox 192 3252 1085 3546">
    <p class='ocr_par' dir='ltr' id='par_1_19' title="bbox 192 3252 1085 3546">
     <span class='ocr_line' id='line_1_65' title="bbox 194 3252 1083 3297; baseline 0 -11"><span class='ocrx_word' id='word_1_448' title='bbox 194 3252 352 3286; x_wconf 87' lang='lat' dir='ltr'>timebat.</span> <span class='ocrx_word' id='word_1_449' title='bbox 381 3263 508 3297; x_wconf 83' lang='lat'>277·2··</span> <span class='ocrx_word' id='word_1_450' title='bbox 533 3252 683 3286; x_wconf 86' lang='lat' dir='ltr'>Veniunt</span> <span class='ocrx_word' id='word_1_451' title='bbox 700 3254 732 3287; x_wconf 92' lang='lat' dir='ltr'>in</span> <span class='ocrx_word' id='word_1_452' title='bbox 744 3253 943 3288; x_wconf 87' lang='lat' dir='ltr'>modestia&amp;</span> <span class='ocrx_word' id='word_1_453' title='bbox 967 3264 1046 3295; x_wconf 91' lang='lat' dir='ltr'>pace</span> <span class='ocrx_word' id='word_1_454' title='bbox 1072 3277 1083 3293; x_wconf 90' lang='lat'>,</span> 
     </span>
     <span class='ocr_line' id='line_1_66' title="bbox 195 3301 1081 3346; baseline -0.002 -9"><span class='ocrx_word' id='word_1_455' title='bbox 195 3302 360 3337; x_wconf 73' lang='lat' dir='ltr'>inducturi</span> <span class='ocrx_word' id='word_1_456' title='bbox 400 3303 523 3346; x_wconf 83' lang='lat' dir='ltr'>Regem</span> <span class='ocrx_word' id='word_1_457' title='bbox 550 3302 590 3336; x_wconf 88' lang='lat' dir='ltr'>ad</span> <span class='ocrx_word' id='word_1_458' title='bbox 612 3302 726 3345; x_wconf 82' lang='lat' dir='ltr'>justam</span> <span class='ocrx_word' id='word_1_459' title='bbox 748 3315 821 3339; x_wconf 88' lang='lat' dir='ltr'>cum</span> <span class='ocrx_word' id='word_1_460' title='bbox 862 3304 908 3337; x_wconf 92' lang='lat' dir='ltr'>D.</span> <span class='ocrx_word' id='word_1_461' title='bbox 945 3301 1081 3336; x_wconf 88' lang='lat' dir='ltr'>Thoma</span> 
     </span>
     <span class='ocr_line' id='line_1_67' title="bbox 193 3351 1081 3400; baseline -0.001 -13"><span class='ocrx_word' id='word_1_462' title='bbox 193 3351 406 3387; x_wconf 83' lang='lat' dir='ltr'>concordiam</span> <span class='ocrx_word' id='word_1_463' title='bbox 431 3376 437 3383; x_wconf 86' lang='lat'><strong>.</strong></span> <span class='ocrx_word' id='word_1_464' title='bbox 467 3362 543 3400; x_wconf 82' lang='lat'><strong>243.</strong></span> <span class='ocrx_word' id='word_1_465' title='bbox 566 3363 592 3389; x_wconf 91' lang='lat'><strong>1.</strong></span> <span class='ocrx_word' id='word_1_466' title='bbox 623 3352 764 3395; x_wconf 84' lang='lat' dir='ltr'>Aliquos</span> <span class='ocrx_word' id='word_1_467' title='bbox 789 3352 1081 3389; x_wconf 86' lang='lat' dir='ltr'>excommunicant</span> 
     </span>
     <span class='ocr_line' id='line_1_68' title="bbox 193 3400 1085 3447; baseline -0.002 -10"><span class='ocrx_word' id='word_1_468' title='bbox 193 3404 233 3439; x_wconf 88' lang='lat' dir='ltr'>de</span> <span class='ocrx_word' id='word_1_469' title='bbox 248 3403 393 3446; x_wconf 90' lang='lat' dir='ltr'>personis</span> <span class='ocrx_word' id='word_1_470' title='bbox 409 3402 509 3445; x_wconf 85' lang='lat' dir='ltr'>Regis</span> <span class='ocrx_word' id='word_1_471' title='bbox 526 3426 535 3441; x_wconf 91' lang='lat'>‚</span> <span class='ocrx_word' id='word_1_472' title='bbox 563 3400 646 3436; x_wconf 80' lang='lat' dir='ltr'>&amp;de</span> <span class='ocrx_word' id='word_1_473' title='bbox 670 3403 891 3440; x_wconf 76' lang='lat' dir='ltr'>Servientibus</span> <span class='ocrx_word' id='word_1_474' title='bbox 909 3403 996 3447; x_wconf 80' lang='lat' dir='ltr'>ejus,</span> <span class='ocrx_word' id='word_1_475' title='bbox 1023 3401 1085 3436; x_wconf 89' lang='lat' dir='ltr'>Re-</span> 
     </span>
     <span class='ocr_line' id='line_1_69' title="bbox 192 3452 635 3501; baseline -0.005 -14"><span class='ocrx_word' id='word_1_476' title='bbox 192 3465 233 3501; x_wconf 86' lang='lat' dir='ltr'>ge</span> <span class='ocrx_word' id='word_1_477' title='bbox 249 3453 356 3487; x_wconf 89' lang='lat' dir='ltr'>invito</span> <span class='ocrx_word' id='word_1_478' title='bbox 371 3452 613 3496; x_wconf 86' lang='lat' dir='ltr'>&amp;indignante</span> <span class='ocrx_word' id='word_1_479' title='bbox 627 3478 635 3485; x_wconf 92' lang='lat'><strong>.</strong></span> 
     </span>
     <span class='ocr_line' id='line_1_70' title="bbox 244 3502 733 3546; baseline 0 -9"><span class='ocrx_word' id='word_1_480' title='bbox 244 3502 355 3545; x_wconf 66' lang='lat' dir='ltr'>Christ.</span> <span class='ocrx_word' id='word_1_481' title='bbox 369 3506 447 3545; x_wconf 82' lang='lat' dir='ltr'>Lupi</span> <span class='ocrx_word' id='word_1_482' title='bbox 469 3507 568 3546; x_wconf 68' lang='lat' dir='ltr'>Opera</span> <span class='ocrx_word' id='word_1_483' title='bbox 587 3506 667 3537; x_wconf 83' lang='lat' dir='ltr'>Tom.</span> <span class='ocrx_word' id='word_1_484' title='bbox 693 3505 733 3538; x_wconf 88' lang='lat' dir='ltr'>X.</span> 
     </span>
    </p>
   </div>
   <div class='ocr_carea' id='block_1_20' title="bbox 1092 1820 1112 3496">
    <p class='ocr_par' dir='ltr' id='par_1_20' title="bbox 1092 1820 1112 3496">
     <span class='ocr_line' id='line_1_71' title="bbox 1092 1820 1112 3496; baseline 0 0"><span class='ocrx_word' id='word_1_485' title='bbox 1092 1820 1112 3496; x_wconf 95' lang='lat' dir='ltr'> </span> 
     </span>
    </p>
   </div>
   <div class='ocr_carea' id='block_1_21' title="bbox 957 3462 1115 3511">
    <p class='ocr_par' dir='ltr' id='par_1_21' title="bbox 957 3462 1115 3511">
     <span class='ocr_line' id='line_1_72' title="bbox 957 3462 1115 3511; baseline 0.006 -22"><span class='ocrx_word' id='word_1_486' title='bbox 957 3463 1082 3501; x_wconf 57' lang='lat'>255¹·</span> <span class='ocrx_word' id='word_1_487' title='bbox 1109 3462 1115 3511; x_wconf 57' lang='lat'>3·</span> 
     </span>
    </p>
   </div>
   <div class='ocr_carea' id='block_1_22' title="bbox 1191 255 2094 1891">
    <p class='ocr_par' dir='ltr' id='par_1_22' title="bbox 1191 255 2094 1891">
     <span class='ocr_line' id='line_1_73' title="bbox 1191 255 2077 301; baseline 0.012 -12"><span class='ocrx_word' id='word_1_488' title='bbox 1191 268 1254 301; x_wconf 82' lang='lat' dir='ltr'>que</span> <span class='ocrx_word' id='word_1_489' title='bbox 1271 259 1310 290; x_wconf 87' lang='lat' dir='ltr'>ad</span> <span class='ocrx_word' id='word_1_490' title='bbox 1335 257 1468 290; x_wconf 89' lang='lat' dir='ltr'>illorum</span> <span class='ocrx_word' id='word_1_491' title='bbox 1490 255 1692 299; x_wconf 69' lang='lat' dir='ltr'>hospitium,</span> <span class='ocrx_word' id='word_1_492' title='bbox 1716 262 1844 297; x_wconf 87' lang='lat' dir='ltr'>donans</span> <span class='ocrx_word' id='word_1_493' title='bbox 1865 266 1911 298; x_wconf 88' lang='lat' dir='ltr'>eis</span> <span class='ocrx_word' id='word_1_494' title='bbox 1936 264 2077 300; x_wconf 86' lang='lat' dir='ltr'>Cervum</span> 
     </span>
     <span class='ocr_line' id='line_1_74' title="bbox 1195 306 2074 352; baseline 0.007 -12"><span class='ocrx_word' id='word_1_495' title='bbox 1195 319 1292 352; x_wconf 87' lang='lat' dir='ltr'>quem</span> <span class='ocrx_word' id='word_1_496' title='bbox 1319 307 1405 340; x_wconf 85' lang='lat' dir='ltr'>filius</span> <span class='ocrx_word' id='word_1_497' title='bbox 1428 306 1531 350; x_wconf 87' lang='lat' dir='ltr'>Regis</span> <span class='ocrx_word' id='word_1_498' title='bbox 1552 318 1680 350; x_wconf 84' lang='lat' dir='ltr'>ceperat</span> <span class='ocrx_word' id='word_1_499' title='bbox 1702 332 1709 338; x_wconf 93' lang='lat'><strong>.</strong></span> <span class='ocrx_word' id='word_1_500' title='bbox 1736 311 1805 347; x_wconf 68' lang='lat' dir='ltr'>ibid.</span> <span class='ocrx_word' id='word_1_501' title='bbox 1832 313 1981 348; x_wconf 79' lang='lat' dir='ltr'>Crastina</span> <span class='ocrx_word' id='word_1_502' title='bbox 2019 316 2074 349; x_wconf 84' lang='lat' dir='ltr'>die</span> 
     </span>
     <span class='ocr_line' id='line_1_75' title="bbox 1196 356 2075 400; baseline 0.006 -9"><span class='ocrx_word' id='word_1_503' title='bbox 1196 359 1280 392; x_wconf 89' lang='lat' dir='ltr'>circa</span> <span class='ocrx_word' id='word_1_504' title='bbox 1292 356 1406 390; x_wconf 90' lang='lat' dir='ltr'>horam</span> <span class='ocrx_word' id='word_1_505' title='bbox 1430 368 1565 399; x_wconf 79' lang='lat' dir='ltr'>primam</span> <span class='ocrx_word' id='word_1_506' title='bbox 1581 381 1591 396; x_wconf 93' lang='lat'>,</span> <span class='ocrx_word' id='word_1_507' title='bbox 1620 357 1692 390; x_wconf 87' lang='lat' dir='ltr'>Rex</span> <span class='ocrx_word' id='word_1_508' title='bbox 1702 368 1758 393; x_wconf 83' lang='lat' dir='ltr'>eos</span> <span class='ocrx_word' id='word_1_509' title='bbox 1776 363 2075 400; x_wconf 77' lang='lat' dir='ltr'>acceditcumaliis:</span> 
     </span>
     <span class='ocr_line' id='line_1_76' title="bbox 1196 406 2074 450; baseline 0.003 -10"><span class='ocrx_word' id='word_1_510' title='bbox 1196 408 1277 450; x_wconf 89' lang='lat' dir='ltr'>petit</span> <span class='ocrx_word' id='word_1_511' title='bbox 1301 408 1608 446; x_wconf 78' lang='lat' dir='ltr'>excommunicatos</span> <span class='ocrx_word' id='word_1_512' title='bbox 1631 406 1753 441; x_wconf 85' lang='lat' dir='ltr'>absolvi</span> <span class='ocrx_word' id='word_1_513' title='bbox 1774 407 1840 441; x_wconf 86' lang='lat' dir='ltr'>fine</span> <span class='ocrx_word' id='word_1_514' title='bbox 1861 410 2040 450; x_wconf 60' lang='lat' dir='ltr'>juramento</span> <span class='ocrx_word' id='word_1_515' title='bbox 2067 440 2074 447; x_wconf 83' lang='lat'>,</span> 
     </span>
     <span class='ocr_line' id='line_1_77' title="bbox 1196 457 2073 506; baseline 0.008 -16"><span class='ocrx_word' id='word_1_516' title='bbox 1196 458 1365 495; x_wconf 88' lang='lat' dir='ltr'>Recusant</span> <span class='ocrx_word' id='word_1_517' title='bbox 1384 457 1544 490; x_wconf 75' lang='lat' dir='ltr'>omnino.</span> <span class='ocrx_word' id='word_1_518' title='bbox 1579 458 1676 490; x_wconf 81' lang='lat' dir='ltr'>Tunc</span> <span class='ocrx_word' id='word_1_519' title='bbox 1691 457 1787 490; x_wconf 79' lang='lat' dir='ltr'>Rex.-</span> <span class='ocrx_word' id='word_1_520' title='bbox 1814 460 1874 491; x_wconf 73' lang='lat' dir='ltr'>Per</span> <span class='ocrx_word' id='word_1_521' title='bbox 1885 467 1974 506; x_wconf 59' lang='lat' dir='ltr'>ocqlos</span> <span class='ocrx_word' id='word_1_522' title='bbox 1993 467 2047 497; x_wconf 73' lang='lat' dir='ltr'>Dei</span> <span class='ocrx_word' id='word_1_523' title='bbox 2060 489 2073 505; x_wconf 88' lang='lat'>,</span> 
     </span>
     <span class='ocr_line' id='line_1_78' title="bbox 1197 501 2076 551; baseline 0.002 -12"><span class='ocrx_word' id='word_1_524' title='bbox 1197 520 1246 551; x_wconf 84' lang='lat' dir='ltr'>ego</span> <span class='ocrx_word' id='word_1_525' title='bbox 1249 507 1369 549; x_wconf 78' lang='lat' dir='ltr'>faciam</span> <span class='ocrx_word' id='word_1_526' title='bbox 1389 509 1493 540; x_wconf 74' lang='lat' dir='ltr'>aliud.</span> <span class='ocrx_word' id='word_1_527' title='bbox 1523 505 1577 539; x_wconf 81' lang='lat' dir='ltr'>Ad</span> <span class='ocrx_word' id='word_1_528' title='bbox 1601 507 1664 540; x_wconf 85' lang='lat' dir='ltr'>hoc</span> <span class='ocrx_word' id='word_1_529' title='bbox 1679 501 2076 551; x_wconf 65' lang='lat' dir='ltr'>respond,er‘Gtatianusr2</span> 
     </span>
     <span class='ocr_line' id='line_1_79' title="bbox 1197 558 2080 598; baseline 0.003 -7"><span class='ocrx_word' id='word_1_530' title='bbox 1197 562 1323 591; x_wconf 77' lang='lat' dir='ltr'>Domine</span> <span class='ocrx_word' id='word_1_531' title='bbox 1343 582 1355 597; x_wconf 91' lang='lat'>,</span> <span class='ocrx_word' id='word_1_532' title='bbox 1379 558 1438 590; x_wconf 66' lang='lat' dir='ltr'>noli·</span> <span class='ocrx_word' id='word_1_533' title='bbox 1455 562 1593 598; x_wconf 24' lang='lat' dir='ltr'>&#39;minar1&#39;3</span> <span class='ocrx_word' id='word_1_534' title='bbox 1622 568 1673 589; x_wconf 85' lang='lat' dir='ltr'>nos</span> <span class='ocrx_word' id='word_1_535' title='bbox 1692 562 1772 590; x_wconf 73' lang='lat' dir='ltr'>enim</span> <span class='ocrx_word' id='word_1_536' title='bbox 1798 559 2015 592; x_wconf 69' lang='lat' dir='ltr'>nullas-minas</span> <span class='ocrx_word' id='word_1_537' title='bbox 2041 568 2080 594; x_wconf 81' lang='lat' dir='ltr'>ti-</span> 
     </span>
     <span class='ocr_line' id='line_1_80' title="bbox 1198 606 2082 656; baseline 0.001 -16"><span class='ocrx_word' id='word_1_538' title='bbox 1198 620 1310 640; x_wconf 85' lang='lat' dir='ltr'>memus</span> <span class='ocrx_word' id='word_1_539' title='bbox 1346 620 1353 639; x_wconf 92' lang='lat'>:</span> <span class='ocrx_word' id='word_1_540' title='bbox 1391 613 1463 650; x_wconf 79' lang='lat' dir='ltr'>quia</span> <span class='ocrx_word' id='word_1_541' title='bbox 1486 608 1523 639; x_wconf 85' lang='lat' dir='ltr'>de</span> <span class='ocrx_word' id='word_1_542' title='bbox 1546 608 1602 638; x_wconf 78' lang='lat' dir='ltr'>tali</span> <span class='ocrx_word' id='word_1_543' title='bbox 1622 611 1717 639; x_wconf 83' lang='lat' dir='ltr'>Curia</span> <span class='ocrx_word' id='word_1_544' title='bbox 1736 606 1842 649; x_wconf 85' lang='lat' dir='ltr'>sumus</span> <span class='ocrx_word' id='word_1_545' title='bbox 1879 633 1890 648; x_wconf 85' lang='lat'>‚</span> <span class='ocrx_word' id='word_1_546' title='bbox 1930 610 2082 656; x_wconf 68' lang='lat' dir='ltr'>QUAE</span> 
     </span>
     <span class='ocr_line' id='line_1_81' title="bbox 1201 655 2085 696; baseline 0.003 -4"><span class='ocrx_word' id='word_1_547' title='bbox 1201 655 1489 692; x_wconf 80' lang='lat' dir='ltr'><strong>CONSUEVIT</strong></span> <span class='ocrx_word' id='word_1_548' title='bbox 1526 656 1776 690; x_wconf 83' lang='lat' dir='ltr'>IMPERARE</span> <span class='ocrx_word' id='word_1_549' title='bbox 1812 657 2085 696; x_wconf 75' lang='lat' dir='ltr'>IMPERATO-</span> 
     </span>
     <span class='ocr_line' id='line_1_82' title="bbox 1202 703 2084 753; baseline 0.003 -12"><span class='ocrx_word' id='word_1_550' title='bbox 1202 707 1346 746; x_wconf 76' lang='lat' dir='ltr'>Rtssth</span> <span class='ocrx_word' id='word_1_551' title='bbox 1375 706 1440 740; x_wconf 73' lang='lat' dir='ltr'>ET</span> <span class='ocrx_word' id='word_1_552' title='bbox 1469 707 1695 747; x_wconf 74' lang='lat' dir='ltr'>REGlBUs.</span> <span class='ocrx_word' id='word_1_553' title='bbox 1727 709 1804 753; x_wconf 84' lang='lat'><strong>246-</strong></span> <span class='ocrx_word' id='word_1_554' title='bbox 1818 719 1848 743; x_wconf 87' lang='lat'><strong>2.</strong></span> <span class='ocrx_word' id='word_1_555' title='bbox 1876 703 2084 753; x_wconf 75' lang='lat' dir='ltr'>Post&#39;plures</span> 
     </span>
     <span class='ocr_line' id='line_1_83' title="bbox 1202 757 2086 801; baseline 0.003 -10"><span class='ocrx_word' id='word_1_556' title='bbox 1202 757 1387 795; x_wconf 86' lang='lat' dir='ltr'>instantias,</span> <span class='ocrx_word' id='word_1_557' title='bbox 1414 768 1489 790; x_wconf 91' lang='lat' dir='ltr'>cum</span> <span class='ocrx_word' id='word_1_558' title='bbox 1512 758 1693 791; x_wconf 83' lang='lat' dir='ltr'>recusarent</span> <span class='ocrx_word' id='word_1_559' title='bbox 1715 758 1832 801; x_wconf 82' lang='lat' dir='ltr'>Legati</span> <span class='ocrx_word' id='word_1_560' title='bbox 1859 761 2086 795; x_wconf 86' lang='lat' dir='ltr'>excommuni-</span> 
     </span>
     <span class='ocr_line' id='line_1_84' title="bbox 1201 806 2085 854; baseline 0.003 -14"><span class='ocrx_word' id='word_1_561' title='bbox 1201 818 1292 841; x_wconf 86' lang='lat' dir='ltr'>catos</span> <span class='ocrx_word' id='word_1_562' title='bbox 1315 806 1511 847; x_wconf 71' lang='lat' dir='ltr'>absolvere,</span> <span class='ocrx_word' id='word_1_563' title='bbox 1540 807 1604 840; x_wconf 91' lang='lat' dir='ltr'>fine</span> <span class='ocrx_word' id='word_1_564' title='bbox 1627 808 1809 851; x_wconf 80' lang='lat' dir='ltr'>juramento</span> <span class='ocrx_word' id='word_1_565' title='bbox 1828 832 1838 847; x_wconf 93' lang='lat'>,</span> <span class='ocrx_word' id='word_1_566' title='bbox 1876 820 1975 854; x_wconf 87' lang='lat' dir='ltr'>negat</span> <span class='ocrx_word' id='word_1_567' title='bbox 2010 811 2085 844; x_wconf 80' lang='lat' dir='ltr'>Rex</span> 
     </span>
     <span class='ocr_line' id='line_1_85' title="bbox 1203 856 2085 895; baseline 0.008 -8"><span class='ocrx_word' id='word_1_568' title='bbox 1203 857 1247 891; x_wconf 95' lang='lat' dir='ltr'>D.</span> <span class='ocrx_word' id='word_1_569' title='bbox 1279 856 1450 890; x_wconf 88' lang='lat' dir='ltr'>Thomam</span> <span class='ocrx_word' id='word_1_570' title='bbox 1491 858 1654 890; x_wconf 83' lang='lat' dir='ltr'>restituere</span> <span class='ocrx_word' id='word_1_571' title='bbox 1676 858 1748 890; x_wconf 72' lang='lat' dir='ltr'>ibid.</span> <span class='ocrx_word' id='word_1_572' title='bbox 1766 857 1913 894; x_wconf 75' lang='lat' dir='ltr'>,Addens</span> <span class='ocrx_word' id='word_1_573' title='bbox 1938 872 1945 892; x_wconf 94' lang='lat'>:</span> <span class='ocrx_word' id='word_1_574' title='bbox 1979 863 2085 895; x_wconf 68' lang='lat' dir='ltr'>Facite</span> 
     </span>
     <span class='ocr_line' id='line_1_86' title="bbox 1203 908 2087 953; baseline 0.008 -15"><span class='ocrx_word' id='word_1_575' title='bbox 1203 908 1284 950; x_wconf 80' lang='lat' dir='ltr'>qaod</span> <span class='ocrx_word' id='word_1_576' title='bbox 1303 909 1396 941; x_wconf 79' lang='lat' dir='ltr'>vultis</span> <span class='ocrx_word' id='word_1_577' title='bbox 1409 931 1419 946; x_wconf 93' lang='lat'>,</span> <span class='ocrx_word' id='word_1_578' title='bbox 1445 919 1494 950; x_wconf 86' lang='lat' dir='ltr'>ego</span> <span class='ocrx_word' id='word_1_579' title='bbox 1517 919 1608 948; x_wconf 81' lang='lat' dir='ltr'>neque</span> <span class='ocrx_word' id='word_1_580' title='bbox 1628 919 1681 946; x_wconf 67' lang='lat' dir='ltr'>vos</span> <span class='ocrx_word' id='word_1_581' title='bbox 1699 933 1710 953; x_wconf 79' lang='lat'>,</span> <span class='ocrx_word' id='word_1_582' title='bbox 1737 919 1831 950; x_wconf 83' lang='lat' dir='ltr'>neque</span> <span class='ocrx_word' id='word_1_583' title='bbox 1856 914 2087 945; x_wconf 59' lang='lat' dir='ltr'>excommunic&amp;-</span> 
     </span>
     <span class='ocr_line' id='line_1_87' title="bbox 1202 957 2084 999; baseline 0.005 -10"><span class='ocrx_word' id='word_1_584' title='bbox 1202 965 1297 991; x_wconf 81' lang='lat' dir='ltr'>tiones</span> <span class='ocrx_word' id='word_1_585' title='bbox 1323 957 1437 996; x_wconf 79' lang='lat' dir='ltr'>vestras</span> <span class='ocrx_word' id='word_1_586' title='bbox 1456 959 1714 998; x_wconf 36' lang='lat' dir='ltr'>&gt;appretior-,ssva</span> <span class='ocrx_word' id='word_1_587' title='bbox 1731 958 1853 999; x_wconf 63' lang='lat' dir='ltr'>dubito,</span> <span class='ocrx_word' id='word_1_588' title='bbox 1881 966 2084 995; x_wconf 60' lang='lat' dir='ltr'>unumavum.</span> 
     </span>
     <span class='ocr_line' id='line_1_88' title="bbox 1203 1007 2086 1053; baseline 0.009 -16"><span class='ocrx_word' id='word_1_589' title='bbox 1203 1018 1327 1053; x_wconf 87' lang='lat'><strong>247.1.</strong></span> <span class='ocrx_word' id='word_1_590' title='bbox 1356 1008 1466 1051; x_wconf 88' lang='lat' dir='ltr'>Atque</span> <span class='ocrx_word' id='word_1_591' title='bbox 1503 1007 1569 1043; x_wconf 84' lang='lat' dir='ltr'>haec</span> <span class='ocrx_word' id='word_1_592' title='bbox 1595 1008 1824 1049; x_wconf 50' lang='lat' dir='ltr'>maritimum.</span> <span class='ocrx_word' id='word_1_593' title='bbox 1853 1008 2086 1052; x_wconf 86' lang='lat' dir='ltr'>Corripiebant</span> 
     </span>
     <span class='ocr_line' id='line_1_89' title="bbox 1201 1056 2086 1103; baseline 0.006 -13"><span class='ocrx_word' id='word_1_594' title='bbox 1201 1068 1276 1090; x_wconf 88' lang='lat' dir='ltr'>eum</span> <span class='ocrx_word' id='word_1_595' title='bbox 1300 1056 1345 1090; x_wconf 87' lang='lat' dir='ltr'>sui</span> <span class='ocrx_word' id='word_1_596' title='bbox 1366 1058 1517 1100; x_wconf 85' lang='lat' dir='ltr'>Episcopi</span> <span class='ocrx_word' id='word_1_597' title='bbox 1537 1058 1701 1098; x_wconf 72' lang='lat' dir='ltr'>dicentes,</span> <span class='ocrx_word' id='word_1_598' title='bbox 1730 1059 1835 1103; x_wconf 60' lang='lat' dir='ltr'>quod:-</span> <span class='ocrx_word' id='word_1_599' title='bbox 1850 1059 2086 1099; x_wconf 67' lang='lat' dir='ltr'>malelocutus</span> 
     </span>
     <span class='ocr_line' id='line_1_90' title="bbox 1202 1106 2087 1148; baseline 0.007 -8"><span class='ocrx_word' id='word_1_600' title='bbox 1202 1108 1323 1141; x_wconf 83' lang='lat' dir='ltr'>fuerat.</span> <span class='ocrx_word' id='word_1_601' title='bbox 1350 1106 1421 1140; x_wconf 65' lang='lat' dir='ltr'>ibid.</span> <span class='ocrx_word' id='word_1_602' title='bbox 1453 1107 1552 1141; x_wconf 91' lang='lat' dir='ltr'>Redit</span> <span class='ocrx_word' id='word_1_603' title='bbox 1566 1109 1604 1142; x_wconf 88' lang='lat' dir='ltr'>ad</span> <span class='ocrx_word' id='word_1_604' title='bbox 1619 1118 1697 1148; x_wconf 75' lang='lat' dir='ltr'>cor.v</span> <span class='ocrx_word' id='word_1_605' title='bbox 1722 1109 1792 1142; x_wconf 68' lang='lat' dir='ltr'>thid.</span> <span class='ocrx_word' id='word_1_606' title='bbox 1812 1123 1841 1146; x_wconf 87' lang='lat'><strong>2.</strong></span> <span class='ocrx_word' id='word_1_607' title='bbox 1861 1111 2087 1146; x_wconf 61' lang='lat' dir='ltr'>Etc‘o&#39;nvoca-</span> 
     </span>
     <span class='ocr_line' id='line_1_91' title="bbox 1201 1156 2086 1204; baseline 0.002 -14"><span class='ocrx_word' id='word_1_608' title='bbox 1201 1157 1243 1192; x_wconf 92' lang='lat' dir='ltr'>tis</span> <span class='ocrx_word' id='word_1_609' title='bbox 1253 1156 1407 1202; x_wconf 70' lang='lat' dir='ltr'>omuibus</span> <span class='ocrx_word' id='word_1_610' title='bbox 1419 1183 1430 1198; x_wconf 84' lang='lat'>,</span> <span class='ocrx_word' id='word_1_611' title='bbox 1456 1166 1568 1199; x_wconf 79' lang='lat' dir='ltr'>oportet</span> <span class='ocrx_word' id='word_1_612' title='bbox 1581 1183 1590 1199; x_wconf 87' lang='lat'>,</span> <span class='ocrx_word' id='word_1_613' title='bbox 1607 1159 1749 1204; x_wconf 71' lang='lat' dir='ltr'>inquit,</span> <span class='ocrx_word' id='word_1_614' title='bbox 1776 1169 1819 1198; x_wconf 76' lang='lat' dir='ltr'>me</span> <span class='ocrx_word' id='word_1_615' title='bbox 1833 1159 2086 1201; x_wconf 70' lang='lat' dir='ltr'>facere-multum</span> 
     </span>
     <span class='ocr_line' id='line_1_92' title="bbox 1196 1212 2086 1252; baseline 0.007 -15"><span class='ocrx_word' id='word_1_616' title='bbox 1196 1215 1252 1249; x_wconf 80' lang='lat' dir='ltr'>prq</span> <span class='ocrx_word' id='word_1_617' title='bbox 1270 1217 1356 1248; x_wconf 81' lang='lat' dir='ltr'>prece</span> <span class='ocrx_word' id='word_1_618' title='bbox 1379 1212 1499 1240; x_wconf 62' lang='lat' dir='ltr'>Domini·</span> <span class='ocrx_word' id='word_1_619' title='bbox 1522 1212 1617 1251; x_wconf 79' lang='lat' dir='ltr'>Papae</span> <span class='ocrx_word' id='word_1_620' title='bbox 1642 1235 1654 1251; x_wconf 91' lang='lat'>,</span> <span class='ocrx_word' id='word_1_621' title='bbox 1685 1217 1740 1252; x_wconf 58' lang='lat' dir='ltr'>,qut</span> <span class='ocrx_word' id='word_1_622' title='bbox 1758 1214 1910 1249; x_wconf 55' lang='lat' dir='ltr'>Dominus«</span> <span class='ocrx_word' id='word_1_623' title='bbox 1934 1213 1967 1246; x_wconf 66' lang='lat'>(9.</span> <span class='ocrx_word' id='word_1_624' title='bbox 1982 1214 2086 1246; x_wconf 50' lang='lat' dir='ltr'>(Patet</span> 
     </span>
     <span class='ocr_line' id='line_1_93' title="bbox 1196 1253 2086 1302; baseline 0.004 -14"><span class='ocrx_word' id='word_1_625' title='bbox 1196 1268 1280 1290; x_wconf 79' lang='lat' dir='ltr'>meus</span> <span class='ocrx_word' id='word_1_626' title='bbox 1299 1257 1351 1296; x_wconf 81' lang='lat' dir='ltr'>est.</span> <span class='ocrx_word' id='word_1_627' title='bbox 1383 1261 1429 1289; x_wconf 83' lang='lat' dir='ltr'>Et</span> <span class='ocrx_word' id='word_1_628' title='bbox 1448 1260 1514 1292; x_wconf 67' lang='lat' dir='ltr'>ideo</span> <span class='ocrx_word' id='word_1_629' title='bbox 1525 1261 1617 1292; x_wconf 83' lang='lat' dir='ltr'>reddo</span> <span class='ocrx_word' id='word_1_630' title='bbox 1637 1265 1666 1295; x_wconf 69' lang='lat' dir='ltr'>ei,</span> <span class='ocrx_word' id='word_1_631' title='bbox 1684 1263 1696 1302; x_wconf 96' lang='lat'><strong>(</strong></span> <span class='ocrx_word' id='word_1_632' title='bbox 1712 1253 1760 1293; x_wconf 66' lang='lat' dir='ltr'>D.»</span> <span class='ocrx_word' id='word_1_633' title='bbox 1780 1260 1931 1298; x_wconf 75' lang='lat' dir='ltr'>..Thomae</span> <span class='ocrx_word' id='word_1_634' title='bbox 1946 1263 1971 1302; x_wconf 56' lang='grc' dir='ltr'><em>γ</em></span> <span class='ocrx_word' id='word_1_635' title='bbox 1986 1260 2086 1295; x_wconf 62' lang='lat' dir='ltr'>Arche-</span> 
     </span>
     <span class='ocr_line' id='line_1_94' title="bbox 1201 1305 2082 1348; baseline 0.007 -12"><span class='ocrx_word' id='word_1_636' title='bbox 1201 1306 1413 1347; x_wconf 72' lang='lat' dir='ltr'>Eptfiopqtum</span> <span class='ocrx_word' id='word_1_637' title='bbox 1430 1305 1515 1346; x_wconf 84' lang='lat' dir='ltr'>suum</span> <span class='ocrx_word' id='word_1_638' title='bbox 1530 1330 1541 1344; x_wconf 92' lang='lat'>,</span> <span class='ocrx_word' id='word_1_639' title='bbox 1569 1310 1603 1339; x_wconf 68' lang='grc' dir='ltr'>ό·</span> <span class='ocrx_word' id='word_1_640' title='bbox 1627 1312 1736 1342; x_wconf 73' lang='lat' dir='ltr'>Pacem</span> <span class='ocrx_word' id='word_1_641' title='bbox 1751 1315 1853 1342; x_wconf 61' lang='lat' dir='ltr'>meam</span> <span class='ocrx_word' id='word_1_642' title='bbox 1863 1331 1879 1348; x_wconf 72' lang='lat'>„</span> <span class='ocrx_word' id='word_1_643' title='bbox 1896 1313 1934 1343; x_wconf 62' lang='grc' dir='ltr'>,ετ</span> <span class='ocrx_word' id='word_1_644' title='bbox 1946 1310 2082 1347; x_wconf 63' lang='lat' dir='ltr'>omnibus</span> 
     </span>
     <span class='ocr_line' id='line_1_95' title="bbox 1200 1354 2088 1404; baseline 0.006 -18"><span class='ocrx_word' id='word_1_645' title='bbox 1200 1359 1253 1396; x_wconf 80' lang='lat' dir='ltr'>qui</span> <span class='ocrx_word' id='word_1_646' title='bbox 1269 1361 1371 1394; x_wconf 62' lang='lat' dir='ltr'>prora</span> <span class='ocrx_word' id='word_1_647' title='bbox 1391 1364 1480 1387; x_wconf 76' lang='lat' dir='ltr'>extra</span> <span class='ocrx_word' id='word_1_648' title='bbox 1501 1362 1613 1387; x_wconf 82' lang='lat' dir='ltr'>terram</span> <span class='ocrx_word' id='word_1_649' title='bbox 1627 1354 1700 1397; x_wconf 80' lang='lat' dir='ltr'>sum</span> <span class='ocrx_word' id='word_1_650' title='bbox 1714 1380 1733 1391; x_wconf 72' lang='grc'>.,</span> <span class='ocrx_word' id='word_1_651' title='bbox 1749 1356 1824 1392; x_wconf 70' lang='lat' dir='ltr'>ibid.</span> <span class='ocrx_word' id='word_1_652' title='bbox 1852 1358 2088 1404; x_wconf 51' lang='lat' dir='ltr'>Omnessgavi-</span> 
     </span>
     <span class='ocr_line' id='line_1_96' title="bbox 1201 1402 2089 1447; baseline 0.008 -11"><span class='ocrx_word' id='word_1_653' title='bbox 1201 1404 1223 1436; x_wconf 84' lang='lat' dir='ltr'>fi</span> <span class='ocrx_word' id='word_1_654' title='bbox 1249 1405 1340 1437; x_wconf 81' lang='lat' dir='ltr'>sunt.</span> <span class='ocrx_word' id='word_1_655' title='bbox 1369 1402 1434 1443; x_wconf 79' lang='lat' dir='ltr'>Sed</span> <span class='ocrx_word' id='word_1_656' title='bbox 1452 1415 1527 1438; x_wconf 88' lang='lat' dir='ltr'>cum</span> <span class='ocrx_word' id='word_1_657' title='bbox 1547 1404 1617 1436; x_wconf 85' lang='lat' dir='ltr'>Pax</span> <span class='ocrx_word' id='word_1_658' title='bbox 1639 1406 1723 1439; x_wconf 85' lang='lat' dir='ltr'>foret</span> <span class='ocrx_word' id='word_1_659' title='bbox 1736 1406 1928 1447; x_wconf 62' lang='lat' dir='ltr'>scribenda„</span> <span class='ocrx_word' id='word_1_660' title='bbox 1953 1408 2026 1443; x_wconf 66' lang='lat' dir='ltr'>Rex</span> <span class='ocrx_word' id='word_1_661' title='bbox 2041 1410 2089 1443; x_wconf 93' lang='lat' dir='ltr'>in-</span> 
     </span>
     <span class='ocr_line' id='line_1_97' title="bbox 1201 1451 2092 1502; baseline 0.007 -17"><span class='ocrx_word' id='word_1_662' title='bbox 1201 1451 1308 1485; x_wconf 84' lang='lat' dir='ltr'>terseri</span> <span class='ocrx_word' id='word_1_663' title='bbox 1333 1453 1439 1486; x_wconf 89' lang='lat' dir='ltr'>voluit</span> <span class='ocrx_word' id='word_1_664' title='bbox 1463 1453 1641 1487; x_wconf 86' lang='lat' dir='ltr'>clausulam</span> <span class='ocrx_word' id='word_1_665' title='bbox 1664 1478 1674 1494; x_wconf 93' lang='lat'>,</span> <span class='ocrx_word' id='word_1_666' title='bbox 1711 1456 1806 1488; x_wconf 79' lang='lat' dir='ltr'>salva</span> <span class='ocrx_word' id='word_1_667' title='bbox 1823 1458 2092 1502; x_wconf 51' lang='lat' dir='ltr'>dignitatanegtu</span> 
     </span>
     <span class='ocr_line' id='line_1_98' title="bbox 1195 1499 2090 1548; baseline 0.011 -15"><span class='ocrx_word' id='word_1_668' title='bbox 1195 1499 1262 1545; x_wconf 83' lang='lat' dir='ltr'>sui.</span> <span class='ocrx_word' id='word_1_669' title='bbox 1289 1502 1399 1548; x_wconf 73' lang='lat' dir='ltr'>Quam</span> <span class='ocrx_word' id='word_1_670' title='bbox 1425 1503 1518 1540; x_wconf 84' lang='lat' dir='ltr'>nullo</span> <span class='ocrx_word' id='word_1_671' title='bbox 1543 1504 1646 1537; x_wconf 84' lang='lat' dir='ltr'>modo</span> <span class='ocrx_word' id='word_1_672' title='bbox 1675 1504 1742 1538; x_wconf 91' lang='lat' dir='ltr'>vult</span> <span class='ocrx_word' id='word_1_673' title='bbox 1768 1507 1940 1541; x_wconf 87' lang='lat' dir='ltr'>admittere</span> <span class='ocrx_word' id='word_1_674' title='bbox 1954 1508 2090 1544; x_wconf 77' lang='lat' dir='ltr'>‚Gratia-</span> 
     </span>
     <span class='ocr_line' id='line_1_99' title="bbox 1201 1552 2090 1593; baseline 0.009 -9"><span class='ocrx_word' id='word_1_675' title='bbox 1201 1563 1260 1586; x_wconf 86' lang='lat' dir='ltr'>nus</span> <span class='ocrx_word' id='word_1_676' title='bbox 1286 1577 1294 1584; x_wconf 90' lang='lat'><strong>.</strong></span> <span class='ocrx_word' id='word_1_677' title='bbox 1343 1552 1413 1585; x_wconf 65' lang='lat' dir='ltr'>ibid.</span> <span class='ocrx_word' id='word_1_678' title='bbox 1441 1553 1656 1589; x_wconf 90' lang='lat' dir='ltr'>Conveniunt</span> <span class='ocrx_word' id='word_1_679' title='bbox 1702 1556 1818 1589; x_wconf 85' lang='lat' dir='ltr'>iterum</span> <span class='ocrx_word' id='word_1_680' title='bbox 1841 1557 1906 1590; x_wconf 83' lang='lat' dir='ltr'>-die</span> <span class='ocrx_word' id='word_1_681' title='bbox 1937 1558 2056 1593; x_wconf 80' lang='lat' dir='ltr'>statuto</span> <span class='ocrx_word' id='word_1_682' title='bbox 2082 1584 2090 1592; x_wconf 95' lang='lat'><strong>.</strong></span> 
     </span>
     <span class='ocr_line' id='line_1_100' title="bbox 1202 1601 2086 1645; baseline 0.007 -10"><span class='ocrx_word' id='word_1_683' title='bbox 1202 1601 1353 1645; x_wconf 88' lang='lat' dir='ltr'>Cumque</span> <span class='ocrx_word' id='word_1_684' title='bbox 1379 1602 1451 1636; x_wconf 85' lang='lat' dir='ltr'>Rex</span> <span class='ocrx_word' id='word_1_685' title='bbox 1475 1602 1746 1643; x_wconf 24' lang='lat' dir='ltr'>nolletArecedere</span> <span class='ocrx_word' id='word_1_686' title='bbox 1767 1604 1880 1639; x_wconf 83' lang='lat' dir='ltr'>abista</span> <span class='ocrx_word' id='word_1_687' title='bbox 1908 1608 2052 1643; x_wconf 80' lang='lat' dir='ltr'>clausu-la</span> <span class='ocrx_word' id='word_1_688' title='bbox 2078 1620 2086 1641; x_wconf 91' lang='lat'><strong>:</strong></span> 
     </span>
     <span class='ocr_line' id='line_1_101' title="bbox 1199 1653 2092 1702; baseline 0.007 -17"><span class='ocrx_word' id='word_1_689' title='bbox 1199 1653 1434 1696; x_wconf 79' lang='lat' dir='ltr'>responderunt</span> <span class='ocrx_word' id='word_1_690' title='bbox 1456 1654 1596 1696; x_wconf 76' lang='lat' dir='ltr'>Legati:</span> <span class='ocrx_word' id='word_1_691' title='bbox 1624 1657 1687 1691; x_wconf 72' lang='lat' dir='ltr'>stet</span> <span class='ocrx_word' id='word_1_692' title='bbox 1700 1666 1766 1698; x_wconf 80' lang='lat' dir='ltr'>ergo</span> <span class='ocrx_word' id='word_1_693' title='bbox 1779 1656 1908 1689; x_wconf 36' lang='lat' dir='ltr'>verbum*</span> <span class='ocrx_word' id='word_1_694' title='bbox 1927 1661 2015 1702; x_wconf 78' lang='lat' dir='ltr'>Regis</span> <span class='ocrx_word' id='word_1_695' title='bbox 2033 1668 2092 1701; x_wconf 83' lang='lat' dir='ltr'>pa-</span> 
     </span>
     <span class='ocr_line' id='line_1_102' title="bbox 1201 1702 2093 1749; baseline 0.008 -15"><span class='ocrx_word' id='word_1_696' title='bbox 1201 1708 1273 1734; x_wconf 69' lang='lat' dir='ltr'>riter</span> <span class='ocrx_word' id='word_1_697' title='bbox 1290 1704 1321 1735; x_wconf 58' lang='lat' dir='ltr'>(w</span> <span class='ocrx_word' id='word_1_698' title='bbox 1341 1702 1462 1735; x_wconf 80' lang='lat' dir='ltr'>verbum</span> <span class='ocrx_word' id='word_1_699' title='bbox 1485 1707 1631 1742; x_wconf 81' lang='lat' dir='ltr'>Domini,</span> <span class='ocrx_word' id='word_1_700' title='bbox 1657 1704 1691 1736; x_wconf 86' lang='lat'>&amp;</span> <span class='ocrx_word' id='word_1_701' title='bbox 1713 1716 1917 1746; x_wconf 86' lang='lat' dir='ltr'>apponatur,</span> <span class='ocrx_word' id='word_1_702' title='bbox 1939 1711 2032 1749; x_wconf 81' lang='lat' dir='ltr'>salva</span> <span class='ocrx_word' id='word_1_703' title='bbox 2054 1710 2093 1741; x_wconf 81' lang='lat' dir='ltr'>li-</span> 
     </span>
     <span class='ocr_line' id='line_1_103' title="bbox 1201 1751 2092 1792; baseline 0.01 -9"><span class='ocrx_word' id='word_1_704' title='bbox 1201 1751 1315 1785; x_wconf 65' lang='lat' dir='ltr'>&amp;enare</span> <span class='ocrx_word' id='word_1_705' title='bbox 1336 1751 1467 1788; x_wconf 82' lang='lat' dir='ltr'>Ecclefiae</span> <span class='ocrx_word' id='word_1_706' title='bbox 1492 1777 1499 1783; x_wconf 89' lang='lat'><strong>.</strong></span> <span class='ocrx_word' id='word_1_707' title='bbox 1538 1752 1611 1784; x_wconf 79' lang='lat' dir='ltr'>Rex</span> <span class='ocrx_word' id='word_1_708' title='bbox 1637 1753 1855 1792; x_wconf 80' lang='lat' dir='ltr'>quidemhoc</span> <span class='ocrx_word' id='word_1_709' title='bbox 1879 1755 1986 1790; x_wconf 81' lang='lat' dir='ltr'>dicere</span> <span class='ocrx_word' id='word_1_710' title='bbox 2022 1770 2092 1792; x_wconf 83' lang='lat' dir='ltr'>non</span> 
     </span>
     <span class='ocr_line' id='line_1_104' title="bbox 1199 1800 2093 1852; baseline 0.007 -17"><span class='ocrx_word' id='word_1_711' title='bbox 1199 1800 1378 1842; x_wconf 85' lang='lat' dir='ltr'>erubescit,</span> <span class='ocrx_word' id='word_1_712' title='bbox 1405 1801 1458 1837; x_wconf 84' lang='lat' dir='ltr'>sed</span> <span class='ocrx_word' id='word_1_713' title='bbox 1483 1800 1577 1837; x_wconf 81' lang='lat' dir='ltr'>scribi</span> <span class='ocrx_word' id='word_1_714' title='bbox 1600 1813 1671 1839; x_wconf 81' lang='lat' dir='ltr'>nou</span> <span class='ocrx_word' id='word_1_715' title='bbox 1699 1803 1767 1838; x_wconf 89' lang='lat' dir='ltr'>vult</span> <span class='ocrx_word' id='word_1_716' title='bbox 1793 1828 1800 1836; x_wconf 93' lang='lat'><strong>.</strong></span> <span class='ocrx_word' id='word_1_717' title='bbox 1828 1804 1949 1852; x_wconf 81' lang='lat'><strong>258.·2.</strong></span> <span class='ocrx_word' id='word_1_718' title='bbox 1977 1807 2093 1842; x_wconf 85' lang='lat' dir='ltr'>Disce-</span> 
     </span>
     <span class='ocr_line' id='line_1_105' title="bbox 1203 1851 2094 1891; baseline 0.007 -6"><span class='ocrx_word' id='word_1_719' title='bbox 1203 1851 1304 1886; x_wconf 80' lang='lat' dir='ltr'>dunt.</span> <span class='ocrx_word' id='word_1_720' title='bbox 1380 1878 1382 1880; x_wconf 81' lang='lat'><strong>.</strong></span> <span class='ocrx_word' id='word_1_721' title='bbox 1925 1874 1976 1891; x_wconf 52' lang='grc' dir='ltr'>κ·</span> <span class='ocrx_word' id='word_1_722' title='bbox 2019 1859 2094 1891; x_wconf 68' lang='lat' dir='ltr'>ibid.</span> 
     </span>
    </p>
   </div>
   <div class='ocr_carea' id='block_1_23' title="bbox 1144 1902 2093 2002">
    <p class='ocr_par' dir='ltr' id='par_1_23' title="bbox 1144 1902 2093 2002">
     <span class='ocr_line' id='line_1_106' title="bbox 1152 1902 2093 1951; baseline 0.009 -17"><span class='ocrx_word' id='word_1_723' title='bbox 1152 1902 1296 1951; x_wconf 68' lang='lat' dir='ltr'>Legatos</span> <span class='ocrx_word' id='word_1_724' title='bbox 1317 1903 1431 1937; x_wconf 85' lang='lat' dir='ltr'>tertios</span> <span class='ocrx_word' id='word_1_725' title='bbox 1454 1904 1555 1938; x_wconf 89' lang='lat' dir='ltr'>mittit</span> <span class='ocrx_word' id='word_1_726' title='bbox 1570 1904 1741 1939; x_wconf 86' lang='lat' dir='ltr'>Romanus</span> <span class='ocrx_word' id='word_1_727' title='bbox 1763 1905 1944 1948; x_wconf 84' lang='lat' dir='ltr'>Pontifex,</span> <span class='ocrx_word' id='word_1_728' title='bbox 1970 1908 2093 1942; x_wconf 85' lang='lat' dir='ltr'>Simeo-</span> 
     </span>
     <span class='ocr_line' id='line_1_107' title="bbox 1144 1953 2089 2002; baseline 0.01 -17"><span class='ocrx_word' id='word_1_729' title='bbox 1144 1989 1149 1993; x_wconf 51' lang='grc'>,</span> <span class='ocrx_word' id='word_1_730' title='bbox 1178 1963 1277 1987; x_wconf 37' lang='lat' dir='ltr'>‘nem</span> <span class='ocrx_word' id='word_1_731' title='bbox 1298 1953 1339 1989; x_wconf 87' lang='lat' dir='ltr'>de</span> <span class='ocrx_word' id='word_1_732' title='bbox 1364 1954 1483 1988; x_wconf 87' lang='lat' dir='ltr'>Monte</span> <span class='ocrx_word' id='word_1_733' title='bbox 1507 1955 1570 1989; x_wconf 92' lang='lat' dir='ltr'>Dei</span> <span class='ocrx_word' id='word_1_734' title='bbox 1593 1979 1604 1995; x_wconf 94' lang='lat'>,</span> <span class='ocrx_word' id='word_1_735' title='bbox 1632 1956 1664 1988; x_wconf 72' lang='grc' dir='ltr'>δε</span> <span class='ocrx_word' id='word_1_736' title='bbox 1686 1957 1949 1993; x_wconf 79' lang='lat' dir='ltr'>Bernardumde</span> <span class='ocrx_word' id='word_1_737' title='bbox 1974 1953 2089 2002; x_wconf 73' lang='lat' dir='ltr'>Gory-</span> 
     </span>
    </p>
   </div>
   <div class='ocr_carea' id='block_1_24' title="bbox 1195 1998 2093 2304">
    <p class='ocr_par' dir='ltr' id='par_1_24' title="bbox 1195 1998 2093 2304">
     <span class='ocr_line' id='line_1_108' title="bbox 1195 1998 2086 2057; baseline 0.008 -22"><span class='ocrx_word' id='word_1_738' title='bbox 1195 2003 1233 2047; x_wconf 77' lang='grc' dir='ltr'>ιΙο</span> <span class='ocrx_word' id='word_1_739' title='bbox 1248 2027 1255 2035; x_wconf 88' lang='grc'><strong>.</strong></span> <span class='ocrx_word' id='word_1_740' title='bbox 1284 1998 1361 2050; x_wconf 54' lang='lat'><strong>29⁵6.</strong></span> <span class='ocrx_word' id='word_1_741' title='bbox 1377 2012 1403 2038; x_wconf 85' lang='lat'><strong>1.</strong></span> <span class='ocrx_word' id='word_1_742' title='bbox 1431 2005 1519 2038; x_wconf 86' lang='lat' dir='ltr'>Intra</span> <span class='ocrx_word' id='word_1_743' title='bbox 1542 2005 1626 2039; x_wconf 85' lang='lat' dir='ltr'>duos</span> <span class='ocrx_word' id='word_1_744' title='bbox 1651 2007 1776 2040; x_wconf 84' lang='lat' dir='ltr'>menses</span> <span class='ocrx_word' id='word_1_745' title='bbox 1803 2006 2086 2057; x_wconf 36' lang='lat' dir='ltr'>debentsessiste-</span> 
     </span>
     <span class='ocr_line' id='line_1_109' title="bbox 1199 2054 2087 2101; baseline 0.006 -13"><span class='ocrx_word' id='word_1_746' title='bbox 1199 2064 1233 2088; x_wconf 80' lang='lat' dir='ltr'>re</span> <span class='ocrx_word' id='word_1_747' title='bbox 1261 2054 1371 2098; x_wconf 77' lang='lat' dir='ltr'>Regi,</span> <span class='ocrx_word' id='word_1_748' title='bbox 1390 2065 1470 2096; x_wconf 69' lang='lat' dir='ltr'>veuru</span> <span class='ocrx_word' id='word_1_749' title='bbox 1495 2055 1677 2096; x_wconf 81' lang='lat' dir='ltr'>monituri,</span> <span class='ocrx_word' id='word_1_750' title='bbox 1706 2055 1865 2099; x_wconf 81' lang='lat' dir='ltr'>hortaturi</span> <span class='ocrx_word' id='word_1_751' title='bbox 1881 2077 1890 2097; x_wconf 82' lang='lat'>,</span> <span class='ocrx_word' id='word_1_752' title='bbox 1906 2059 2087 2101; x_wconf 23' lang='lat' dir='ltr'>adrepet-„re-</span> 
     </span>
     <span class='ocr_line' id='line_1_110' title="bbox 1198 2104 2089 2153; baseline 0.007 -16"><span class='ocrx_word' id='word_1_753' title='bbox 1198 2104 1733 2147; x_wconf 52' lang='lat' dir='ltr'>&amp;uri-litteras,sua-Sanititatis,</span> <span class='ocrx_word' id='word_1_754' title='bbox 1764 2109 2011 2144; x_wconf 72' lang='lat' dir='ltr'>comminantes</span> <span class='ocrx_word' id='word_1_755' title='bbox 2023 2110 2089 2153; x_wconf 87' lang='lat' dir='ltr'>gla-</span> 
     </span>
     <span class='ocr_line' id='line_1_111' title="bbox 1199 2154 2093 2202; baseline 0.004 -14"><span class='ocrx_word' id='word_1_756' title='bbox 1199 2154 1290 2188; x_wconf 82' lang='lat' dir='ltr'>dium</span> <span class='ocrx_word' id='word_1_757' title='bbox 1321 2154 1350 2191; x_wconf 79' lang='lat' dir='ltr'>S.</span> <span class='ocrx_word' id='word_1_758' title='bbox 1379 2154 1465 2189; x_wconf 87' lang='lat' dir='ltr'>Petri</span> <span class='ocrx_word' id='word_1_759' title='bbox 1500 2181 1511 2197; x_wconf 95' lang='lat'>,</span> <span class='ocrx_word' id='word_1_760' title='bbox 1538 2156 1801 2202; x_wconf 75' lang='lat' dir='ltr'>distringendum</span> <span class='ocrx_word' id='word_1_761' title='bbox 1831 2167 1890 2201; x_wconf 77' lang='lat' dir='ltr'>per</span> <span class='ocrx_word' id='word_1_762' title='bbox 1913 2159 1954 2193; x_wconf 85' lang='lat' dir='ltr'><strong>D.</strong></span> <span class='ocrx_word' id='word_1_763' title='bbox 1994 2158 2093 2196; x_wconf 67' lang='lat' dir='ltr'>Tho·</span> 
     </span>
     <span class='ocr_line' id='line_1_112' title="bbox 1199 2204 2091 2253; baseline 0.007 -16"><span class='ocrx_word' id='word_1_764' title='bbox 1199 2215 1305 2238; x_wconf 81' lang='lat' dir='ltr'>mam·</span> <span class='ocrx_word' id='word_1_765' title='bbox 1332 2204 1404 2238; x_wconf 73' lang='lat' dir='ltr'>ibid.</span> <span class='ocrx_word' id='word_1_766' title='bbox 1433 2205 1743 2251; x_wconf 61' lang='lat' dir='ltr'>Primo‘porrigunr</span> <span class='ocrx_word' id='word_1_767' title='bbox 1766 2209 1852 2253; x_wconf 84' lang='lat' dir='ltr'>Regi</span> <span class='ocrx_word' id='word_1_768' title='bbox 1867 2210 2091 2243; x_wconf 73' lang='lat' dir='ltr'>commonito-</span> 
     </span>
     <span class='ocr_line' id='line_1_113' title="bbox 1198 2253 2088 2304; baseline 0.004 -17"><span class='ocrx_word' id='word_1_769' title='bbox 1198 2254 1262 2288; x_wconf 80' lang='lat' dir='ltr'>rias</span> <span class='ocrx_word' id='word_1_770' title='bbox 1294 2253 1393 2304; x_wconf 58' lang='lat' dir='ltr'>Papa,</span> <span class='ocrx_word' id='word_1_771' title='bbox 1451 2264 1532 2300; x_wconf 78' lang='lat'>300-</span> <span class='ocrx_word' id='word_1_772' title='bbox 1554 2268 1589 2293; x_wconf 68' lang='lat'>2:</span> <span class='ocrx_word' id='word_1_773' title='bbox 1624 2256 1757 2291; x_wconf 86' lang='lat' dir='ltr'>Deinde</span> <span class='ocrx_word' id='word_1_774' title='bbox 1783 2260 2052 2294; x_wconf 79' lang='lat' dir='ltr'>comminatorias</span> <span class='ocrx_word' id='word_1_775' title='bbox 2079 2284 2088 2291; x_wconf 93' lang='lat'><strong>.</strong></span> 
     </span>
    </p>
   </div>
   <div class='ocr_carea' id='block_1_25' title="bbox 1164 2302 2088 2349">
    <p class='ocr_par' dir='ltr' id='par_1_25' title="bbox 1164 2302 2088 2349">
     <span class='ocr_line' id='line_1_114' title="bbox 1164 2302 2088 2349; baseline 0.005 -12"><span class='ocrx_word' id='word_1_776' title='bbox 1164 2321 1166 2324; x_wconf 96' lang='lat'>·</span> <span class='ocrx_word' id='word_1_777' title='bbox 1203 2312 1324 2349; x_wconf 84' lang='lat'>301·1·</span> <span class='ocrx_word' id='word_1_778' title='bbox 1352 2302 1740 2344; x_wconf 64' lang='lat' dir='ltr'>Rex-mutatorsnutar</span> <span class='ocrx_word' id='word_1_779' title='bbox 1761 2308 1929 2349; x_wconf 69' lang='lat' dir='ltr'>responsa.</span> <span class='ocrx_word' id='word_1_780' title='bbox 1955 2308 1993 2342; x_wconf 92' lang='lat' dir='ltr'>In</span> <span class='ocrx_word' id='word_1_781' title='bbox 2021 2310 2088 2343; x_wconf 84' lang='lat' dir='ltr'>fine</span> 
     </span>
    </p>
   </div>
   <div class='ocr_carea' id='block_1_26' title="bbox 1198 2351 1875 2450">
    <p class='ocr_par' dir='ltr' id='par_1_26' title="bbox 1198 2351 1875 2450">
     <span class='ocr_line' id='line_1_115' title="bbox 1200 2351 1875 2393; baseline 0.009 -10"><span class='ocrx_word' id='word_1_782' title='bbox 1200 2351 1333 2393; x_wconf 52' lang='lat' dir='ltr'>resisum</span> <span class='ocrx_word' id='word_1_783' title='bbox 1358 2364 1426 2386; x_wconf 84' lang='lat' dir='ltr'>non</span> <span class='ocrx_word' id='word_1_784' title='bbox 1453 2355 1525 2387; x_wconf 89' lang='lat' dir='ltr'>vult</span> <span class='ocrx_word' id='word_1_785' title='bbox 1562 2354 1734 2390; x_wconf 87' lang='lat' dir='ltr'>admittere</span> <span class='ocrx_word' id='word_1_786' title='bbox 1755 2355 1875 2389; x_wconf 84' lang='lat' dir='ltr'>Pacem</span> 
     </span>
     <span class='ocr_line' id='line_1_116' title="bbox 1198 2400 1738 2450; baseline 0 -15"><span class='ocrx_word' id='word_1_787' title='bbox 1198 2400 1357 2443; x_wconf 69' lang='lat' dir='ltr'>Thomas</span> <span class='ocrx_word' id='word_1_788' title='bbox 1372 2402 1456 2445; x_wconf 80' lang='lat' dir='ltr'>juret</span> <span class='ocrx_word' id='word_1_789' title='bbox 1469 2403 1721 2450; x_wconf 74' lang='lat' dir='ltr'>consuetudines</span> <span class='ocrx_word' id='word_1_790' title='bbox 1731 2427 1738 2435; x_wconf 96' lang='lat'><strong>.</strong></span> 
     </span>
    </p>
   </div>
   <div class='ocr_carea' id='block_1_27' title="bbox 1912 2359 2089 2441">
    <p class='ocr_par' dir='ltr' id='par_1_27' title="bbox 1912 2359 2089 2441">
     <span class='ocr_line' id='line_1_117' title="bbox 1912 2359 2089 2398; baseline 0 -7"><span class='ocrx_word' id='word_1_791' title='bbox 1912 2382 1923 2398; x_wconf 89' lang='lat'>,</span> <span class='ocrx_word' id='word_1_792' title='bbox 1961 2359 2089 2393; x_wconf 67' lang='lat' dir='ltr'>nifizl).</span> 
     </span>
     <span class='ocr_line' id='line_1_118' title="bbox 1990 2409 2086 2441; baseline 0.042 -4"><span class='ocrx_word' id='word_1_793' title='bbox 1990 2409 2086 2441; x_wconf 50' lang='lat' dir='ltr'>divid</span> 
     </span>
    </p>
   </div>
   <div class='ocr_carea' id='block_1_28' title="bbox 1149 2449 2086 2501">
    <p class='ocr_par' dir='ltr' id='par_1_28' title="bbox 1149 2449 2086 2501">
     <span class='ocr_line' id='line_1_119' title="bbox 1149 2449 2086 2501; baseline 0.006 -17"><span class='ocrx_word' id='word_1_794' title='bbox 1149 2449 1293 2495; x_wconf 81' lang='lat' dir='ltr'>Legatos</span> <span class='ocrx_word' id='word_1_795' title='bbox 1311 2452 1762 2494; x_wconf 63' lang='lat' dir='ltr'>quartosmittitssomanus</span> <span class='ocrx_word' id='word_1_796' title='bbox 1788 2454 1946 2491; x_wconf 78' lang='lat' dir='ltr'>Pontifex</span> <span class='ocrx_word' id='word_1_797' title='bbox 1968 2479 1978 2495; x_wconf 89' lang='lat'>‚</span> <span class='ocrx_word' id='word_1_798' title='bbox 2008 2457 2086 2501; x_wconf 73' lang='lat' dir='ltr'>Ro-</span> 
     </span>
    </p>
   </div>
   <div class='ocr_carea' id='block_1_29' title="bbox 1195 2500 2088 3094">
    <p class='ocr_par' dir='ltr' id='par_1_29' title="bbox 1195 2500 2088 3094">
     <span class='ocr_line' id='line_1_120' title="bbox 1198 2500 2084 2550; baseline 0.008 -15"><span class='ocrx_word' id='word_1_799' title='bbox 1198 2502 1329 2536; x_wconf 90' lang='lat' dir='ltr'>trodum</span> <span class='ocrx_word' id='word_1_800' title='bbox 1360 2500 1668 2545; x_wconf 84' lang='lat' dir='ltr'>Rothomagensem</span> <span class='ocrx_word' id='word_1_801' title='bbox 1705 2503 2044 2550; x_wconf 84' lang='lat' dir='ltr'>Archi-Episcopum</span> <span class='ocrx_word' id='word_1_802' title='bbox 2072 2532 2084 2548; x_wconf 90' lang='lat'>‚</span> 
     </span>
     <span class='ocr_line' id='line_1_121' title="bbox 1198 2551 2085 2605; baseline 0.007 -21"><span class='ocrx_word' id='word_1_803' title='bbox 1198 2552 1230 2587; x_wconf 73' lang='grc' dir='ltr'>ἀ</span> <span class='ocrx_word' id='word_1_804' title='bbox 1252 2551 1452 2585; x_wconf 80' lang='lat' dir='ltr'>Bernardum</span> <span class='ocrx_word' id='word_1_805' title='bbox 1488 2551 1725 2590; x_wconf 76' lang='lat' dir='ltr'>Nivernensem</span> <span class='ocrx_word' id='word_1_806' title='bbox 1753 2554 1948 2597; x_wconf 82' lang='lat' dir='ltr'>Episcopum</span> <span class='ocrx_word' id='word_1_807' title='bbox 1968 2582 1975 2589; x_wconf 93' lang='lat'><strong>.</strong></span> <span class='ocrx_word' id='word_1_808' title='bbox 1991 2574 1992 2577; x_wconf 40' lang='lat'>¹</span> <span class='ocrx_word' id='word_1_809' title='bbox 2006 2568 2085 2605; x_wconf 77' lang='lat'>32¹⁴</span> 
     </span>
     <span class='ocr_line' id='line_1_122' title="bbox 1203 2602 2085 2650; baseline 0.01 -17"><span class='ocrx_word' id='word_1_810' title='bbox 1203 2614 1229 2637; x_wconf 89' lang='lat'><strong>1.</strong></span> <span class='ocrx_word' id='word_1_811' title='bbox 1257 2610 1376 2647; x_wconf 82' lang='lat'>322·1·</span> <span class='ocrx_word' id='word_1_812' title='bbox 1430 2610 1508 2649; x_wconf 77' lang='lat'><strong>323.</strong></span> <span class='ocrx_word' id='word_1_813' title='bbox 1539 2612 1566 2637; x_wconf 91' lang='lat'><strong>1.</strong></span> <span class='ocrx_word' id='word_1_814' title='bbox 1604 2602 1785 2638; x_wconf 82' lang='lat' dir='ltr'>Mittunt-ur</span> <span class='ocrx_word' id='word_1_815' title='bbox 1808 2617 1925 2648; x_wconf 41' lang='lat' dir='ltr'>pacem*</span> <span class='ocrx_word' id='word_1_816' title='bbox 1948 2618 2085 2650; x_wconf 84' lang='lat' dir='ltr'>compo·</span> 
     </span>
     <span class='ocr_line' id='line_1_123' title="bbox 1198 2651 2088 2698; baseline 0.009 -15"><span class='ocrx_word' id='word_1_817' title='bbox 1198 2651 1308 2690; x_wconf 80' lang='lat' dir='ltr'>situri,</span> <span class='ocrx_word' id='word_1_818' title='bbox 1334 2661 1371 2683; x_wconf 90' lang='lat' dir='ltr'>ea</span> <span class='ocrx_word' id='word_1_819' title='bbox 1393 2651 1589 2686; x_wconf 88' lang='lat' dir='ltr'>conditione</span> <span class='ocrx_word' id='word_1_820' title='bbox 1605 2675 1614 2690; x_wconf 88' lang='lat'>,</span> <span class='ocrx_word' id='word_1_821' title='bbox 1642 2663 1675 2687; x_wconf 90' lang='lat' dir='ltr'>ut</span> <span class='ocrx_word' id='word_1_822' title='bbox 1692 2654 1764 2687; x_wconf 90' lang='lat' dir='ltr'>Rex</span> <span class='ocrx_word' id='word_1_823' title='bbox 1790 2655 1937 2690; x_wconf 78' lang='lat' dir='ltr'>restituat</span> <span class='ocrx_word' id='word_1_824' title='bbox 1961 2658 2088 2698; x_wconf 83' lang='lat' dir='ltr'>omnia,</span> 
     </span>
     <span class='ocr_line' id='line_1_124' title="bbox 1197 2699 2087 2744; baseline 0.008 -10"><span class='ocrx_word' id='word_1_825' title='bbox 1197 2701 1231 2734; x_wconf 73' lang='grc' dir='ltr'>ὃ(</span> <span class='ocrx_word' id='word_1_826' title='bbox 1246 2699 1302 2734; x_wconf 85' lang='lat' dir='ltr'>det</span> <span class='ocrx_word' id='word_1_827' title='bbox 1327 2701 1488 2735; x_wconf 86' lang='lat' dir='ltr'>Osculum</span> <span class='ocrx_word' id='word_1_828' title='bbox 1513 2702 1554 2735; x_wconf 90' lang='lat' dir='ltr'>D.</span> <span class='ocrx_word' id='word_1_829' title='bbox 1579 2701 1725 2736; x_wconf 73' lang='lat' dir='ltr'>Thomae</span> <span class='ocrx_word' id='word_1_830' title='bbox 1747 2728 1758 2744; x_wconf 92' lang='lat'>,</span> <span class='ocrx_word' id='word_1_831' title='bbox 1785 2706 1845 2739; x_wconf 77' lang='lat' dir='ltr'>nisi</span> <span class='ocrx_word' id='word_1_832' title='bbox 1864 2705 1939 2740; x_wconf 86' lang='lat' dir='ltr'>huic</span> <span class='ocrx_word' id='word_1_833' title='bbox 1963 2708 2087 2741; x_wconf 87' lang='lat' dir='ltr'>suffice-</span> 
     </span>
     <span class='ocr_line' id='line_1_125' title="bbox 1195 2749 2088 2800; baseline 0.007 -16"><span class='ocrx_word' id='word_1_834' title='bbox 1195 2759 1242 2784; x_wconf 87' lang='lat' dir='ltr'>ret</span> <span class='ocrx_word' id='word_1_835' title='bbox 1265 2749 1425 2785; x_wconf 89' lang='lat' dir='ltr'>Osculum</span> <span class='ocrx_word' id='word_1_836' title='bbox 1446 2751 1507 2785; x_wconf 85' lang='lat' dir='ltr'>filii</span> <span class='ocrx_word' id='word_1_837' title='bbox 1530 2752 1651 2796; x_wconf 79' lang='lat' dir='ltr'>Regis.</span> <span class='ocrx_word' id='word_1_838' title='bbox 1682 2764 1759 2800; x_wconf 76' lang='lat'>323·</span> <span class='ocrx_word' id='word_1_839' title='bbox 1783 2765 1814 2789; x_wconf 91' lang='lat'><strong>2.</strong></span> <span class='ocrx_word' id='word_1_840' title='bbox 1841 2756 1922 2789; x_wconf 85' lang='lat' dir='ltr'>ltern</span> <span class='ocrx_word' id='word_1_841' title='bbox 1945 2767 1980 2790; x_wconf 90' lang='lat' dir='ltr'>ut</span> <span class='ocrx_word' id='word_1_842' title='bbox 2006 2768 2088 2790; x_wconf 90' lang='lat' dir='ltr'>con-</span> 
     </span>
     <span class='ocr_line' id='line_1_126' title="bbox 1198 2799 2083 2850; baseline 0.008 -16"><span class='ocrx_word' id='word_1_843' title='bbox 1198 2799 1369 2843; x_wconf 72' lang='lat' dir='ltr'>suendines</span> <span class='ocrx_word' id='word_1_844' title='bbox 1389 2801 1543 2841; x_wconf 73' lang='lat' dir='ltr'>damnet.</span> <span class='ocrx_word' id='word_1_845' title='bbox 1574 2812 1699 2850; x_wconf 64' lang='lat'>323⁴-</span> <span class='ocrx_word' id='word_1_846' title='bbox 1723 2805 1755 2837; x_wconf 89' lang='lat' dir='ltr'>Si</span> <span class='ocrx_word' id='word_1_847' title='bbox 1776 2815 1909 2845; x_wconf 85' lang='lat' dir='ltr'>renuat,</span> <span class='ocrx_word' id='word_1_848' title='bbox 1935 2817 1971 2840; x_wconf 90' lang='lat' dir='ltr'>ut</span> <span class='ocrx_word' id='word_1_849' title='bbox 2000 2807 2083 2841; x_wconf 89' lang='lat' dir='ltr'>Ter·</span> 
     </span>
     <span class='ocr_line' id='line_1_127' title="bbox 1197 2850 2088 2899; baseline 0.008 -16"><span class='ocrx_word' id='word_1_850' title='bbox 1197 2861 1231 2883; x_wconf 87' lang='lat' dir='ltr'>ra</span> <span class='ocrx_word' id='word_1_851' title='bbox 1254 2850 1323 2894; x_wconf 80' lang='lat' dir='ltr'>ejus</span> <span class='ocrx_word' id='word_1_852' title='bbox 1343 2861 1483 2893; x_wconf 85' lang='lat' dir='ltr'>ponatur</span> <span class='ocrx_word' id='word_1_853' title='bbox 1506 2850 1563 2885; x_wconf 84' lang='lat' dir='ltr'>sub</span> <span class='ocrx_word' id='word_1_854' title='bbox 1585 2852 1763 2888; x_wconf 71' lang='lat' dir='ltr'>lnrerdicto</span> <span class='ocrx_word' id='word_1_855' title='bbox 1783 2880 1793 2895; x_wconf 97' lang='lat'>,</span> <span class='ocrx_word' id='word_1_856' title='bbox 1828 2856 1920 2890; x_wconf 88' lang='lat' dir='ltr'>omni</span> <span class='ocrx_word' id='word_1_857' title='bbox 1950 2858 2088 2899; x_wconf 87' lang='lat' dir='ltr'>appella-</span> 
     </span>
     <span class='ocr_line' id='line_1_128' title="bbox 1197 2900 2086 2949; baseline 0.006 -15"><span class='ocrx_word' id='word_1_858' title='bbox 1197 2900 1434 2936; x_wconf 82' lang='lat' dir='ltr'>tioneremota</span> <span class='ocrx_word' id='word_1_859' title='bbox 1456 2926 1466 2935; x_wconf 90' lang='lat'><strong>.</strong></span> <span class='ocrx_word' id='word_1_860' title='bbox 1492 2910 1571 2949; x_wconf 84' lang='lat'><strong>323.</strong></span> <span class='ocrx_word' id='word_1_861' title='bbox 1601 2912 1624 2936; x_wconf 78' lang='grc' dir='ltr'>ι.</span> <span class='ocrx_word' id='word_1_862' title='bbox 1650 2913 1682 2936; x_wconf 89' lang='lat'><strong>2.</strong></span> <span class='ocrx_word' id='word_1_863' title='bbox 1711 2904 1753 2937; x_wconf 85' lang='lat' dir='ltr'>Et</span> <span class='ocrx_word' id='word_1_864' title='bbox 1777 2904 1799 2936; x_wconf 80' lang='lat' dir='ltr'>fi</span> <span class='ocrx_word' id='word_1_865' title='bbox 1826 2917 1884 2938; x_wconf 90' lang='lat' dir='ltr'>nec</span> <span class='ocrx_word' id='word_1_866' title='bbox 1922 2906 1964 2940; x_wconf 86' lang='lat' dir='ltr'>fic</span> <span class='ocrx_word' id='word_1_867' title='bbox 1985 2907 2086 2949; x_wconf 86' lang='lat' dir='ltr'>refipi-</span> 
     </span>
     <span class='ocr_line' id='line_1_129' title="bbox 1198 2951 2082 2998; baseline 0.007 -15"><span class='ocrx_word' id='word_1_868' title='bbox 1198 2951 1263 2984; x_wconf 92' lang='lat' dir='ltr'>scat</span> <span class='ocrx_word' id='word_1_869' title='bbox 1302 2974 1314 2991; x_wconf 89' lang='lat'>‚</span> <span class='ocrx_word' id='word_1_870' title='bbox 1339 2952 1427 2994; x_wconf 90' lang='lat' dir='ltr'>quod</span> <span class='ocrx_word' id='word_1_871' title='bbox 1462 2962 1650 2995; x_wconf 81' lang='lat' dir='ltr'>praeparetur</span> <span class='ocrx_word' id='word_1_872' title='bbox 1669 2953 1717 2986; x_wconf 87' lang='lat' dir='ltr'>illi</span> <span class='ocrx_word' id='word_1_873' title='bbox 1744 2954 1928 2988; x_wconf 86' lang='lat' dir='ltr'>Anathema</span> <span class='ocrx_word' id='word_1_874' title='bbox 1952 2981 1962 2995; x_wconf 90' lang='lat'>‚</span> <span class='ocrx_word' id='word_1_875' title='bbox 1990 2957 2082 2998; x_wconf 85' lang='lat' dir='ltr'>quali</span> 
     </span>
     <span class='ocr_line' id='line_1_130' title="bbox 1197 3001 2084 3050; baseline 0.007 -17"><span class='ocrx_word' id='word_1_876' title='bbox 1197 3001 1358 3043; x_wconf 73' lang='lat' dir='ltr'>perculsus</span> <span class='ocrx_word' id='word_1_877' title='bbox 1379 3002 1422 3035; x_wconf 83' lang='lat' dir='ltr'>est</span> <span class='ocrx_word' id='word_1_878' title='bbox 1447 3002 1634 3036; x_wconf 87' lang='lat' dir='ltr'>Fredericus</span> <span class='ocrx_word' id='word_1_879' title='bbox 1658 3002 1857 3046; x_wconf 85' lang='lat' dir='ltr'>Imperator.</span> <span class='ocrx_word' id='word_1_880' title='bbox 1882 3001 1961 3050; x_wconf 79' lang='lat'><strong>287.</strong></span> <span class='ocrx_word' id='word_1_881' title='bbox 1990 3017 2019 3041; x_wconf 78' lang='lat'>1--</span> <span class='ocrx_word' id='word_1_882' title='bbox 2049 3007 2084 3039; x_wconf 88' lang='lat'>&amp;</span> 
     </span>
     <span class='ocr_line' id='line_1_131' title="bbox 1198 3050 1914 3094; baseline 0.004 -11"><span class='ocrx_word' id='word_1_883' title='bbox 1198 3061 1270 3084; x_wconf 88' lang='lat' dir='ltr'>tum</span> <span class='ocrx_word' id='word_1_884' title='bbox 1295 3051 1403 3085; x_wconf 85' lang='lat' dir='ltr'>secuta</span> <span class='ocrx_word' id='word_1_885' title='bbox 1420 3051 1466 3085; x_wconf 87' lang='lat' dir='ltr'>est</span> <span class='ocrx_word' id='word_1_886' title='bbox 1489 3051 1543 3083; x_wconf 89' lang='lat' dir='ltr'>illa</span> <span class='ocrx_word' id='word_1_887' title='bbox 1568 3050 1812 3094; x_wconf 87' lang='lat' dir='ltr'>qualiscumque-</span> <span class='ocrx_word' id='word_1_888' title='bbox 1826 3054 1914 3088; x_wconf 85' lang='lat' dir='ltr'>Pax.</span> 
     </span>
    </p>
   </div>
   <div class='ocr_carea' id='block_1_30' title="bbox 1128 3100 2084 3148">
    <p class='ocr_par' dir='ltr' id='par_1_30' title="bbox 1128 3100 2084 3148">
     <span class='ocr_line' id='line_1_132' title="bbox 1128 3100 2084 3148; baseline 0.006 -16"><span class='ocrx_word' id='word_1_889' title='bbox 1128 3114 1132 3131; x_wconf 62' lang='lat' dir='ltr'>a</span> <span class='ocrx_word' id='word_1_890' title='bbox 1148 3100 1292 3145; x_wconf 84' lang='lat' dir='ltr'>Legatos</span> <span class='ocrx_word' id='word_1_891' title='bbox 1314 3102 1448 3143; x_wconf 88' lang='lat' dir='ltr'>quintos</span> <span class='ocrx_word' id='word_1_892' title='bbox 1473 3100 1572 3134; x_wconf 81' lang='lat' dir='ltr'>mittit</span> <span class='ocrx_word' id='word_1_893' title='bbox 1603 3100 1773 3136; x_wconf 86' lang='lat' dir='ltr'>Romanus</span> <span class='ocrx_word' id='word_1_894' title='bbox 1797 3102 1953 3137; x_wconf 87' lang='lat' dir='ltr'>Pontifex</span> <span class='ocrx_word' id='word_1_895' title='bbox 1975 3124 1986 3142; x_wconf 80' lang='lat'><strong>.</strong></span> <span class='ocrx_word' id='word_1_896' title='bbox 2013 3105 2084 3148; x_wconf 88' lang='lat' dir='ltr'>post</span> 
     </span>
    </p>
   </div>
   <div class='ocr_carea' id='block_1_31' title="bbox 1195 3148 2086 3400">
    <p class='ocr_par' dir='ltr' id='par_1_31' title="bbox 1195 3148 2086 3400">
     <span class='ocr_line' id='line_1_133' title="bbox 1197 3148 2086 3189; baseline 0.004 -5"><span class='ocrx_word' id='word_1_897' title='bbox 1197 3160 1333 3184; x_wconf 87' lang='lat' dir='ltr'>mortem</span> <span class='ocrx_word' id='word_1_898' title='bbox 1358 3152 1398 3185; x_wconf 93' lang='lat' dir='ltr'><strong>D.</strong></span> <span class='ocrx_word' id='word_1_899' title='bbox 1430 3148 1574 3183; x_wconf 82' lang='lat' dir='ltr'>Thomae</span> <span class='ocrx_word' id='word_1_900' title='bbox 1611 3164 1617 3183; x_wconf 94' lang='lat'>:</span> <span class='ocrx_word' id='word_1_901' title='bbox 1659 3152 1833 3186; x_wconf 85' lang='lat' dir='ltr'>Albertum</span> <span class='ocrx_word' id='word_1_902' title='bbox 1864 3155 1896 3189; x_wconf 77' lang='grc' dir='ltr'>δε</span> <span class='ocrx_word' id='word_1_903' title='bbox 1927 3154 2086 3188; x_wconf 86' lang='lat' dir='ltr'>Theode-</span> 
     </span>
     <span class='ocr_line' id='line_1_134' title="bbox 1195 3199 2083 3248; baseline 0.005 -14"><span class='ocrx_word' id='word_1_904' title='bbox 1195 3199 1322 3234; x_wconf 82' lang='lat' dir='ltr'>bertum</span> <span class='ocrx_word' id='word_1_905' title='bbox 1353 3199 1543 3234; x_wconf 88' lang='lat' dir='ltr'>Cardinales</span> <span class='ocrx_word' id='word_1_906' title='bbox 1565 3224 1575 3240; x_wconf 92' lang='lat'>,</span> <span class='ocrx_word' id='word_1_907' title='bbox 1612 3199 1815 3236; x_wconf 88' lang='lat' dir='ltr'>absoluturos</span> <span class='ocrx_word' id='word_1_908' title='bbox 1841 3204 1988 3248; x_wconf 82' lang='lat' dir='ltr'>Regem,</span> <span class='ocrx_word' id='word_1_909' title='bbox 2018 3205 2083 3238; x_wconf 89' lang='lat' dir='ltr'>im-</span> 
     </span>
     <span class='ocr_line' id='line_1_135' title="bbox 1196 3249 2084 3298; baseline 0.005 -14"><span class='ocrx_word' id='word_1_910' title='bbox 1196 3260 1354 3294; x_wconf 87' lang='lat' dir='ltr'>ponentes</span> <span class='ocrx_word' id='word_1_911' title='bbox 1376 3250 1406 3283; x_wconf 92' lang='lat' dir='ltr'>ei</span> <span class='ocrx_word' id='word_1_912' title='bbox 1419 3249 1646 3292; x_wconf 77' lang='lat' dir='ltr'>poenitentiam</span> <span class='ocrx_word' id='word_1_913' title='bbox 1670 3253 1839 3293; x_wconf 81' lang='lat' dir='ltr'>salutarem</span> <span class='ocrx_word' id='word_1_914' title='bbox 1862 3276 1871 3293; x_wconf 92' lang='lat'>,</span> <span class='ocrx_word' id='word_1_915' title='bbox 1908 3254 1985 3298; x_wconf 91' lang='lat' dir='ltr'>quia</span> <span class='ocrx_word' id='word_1_916' title='bbox 2013 3266 2084 3297; x_wconf 74' lang='lat' dir='ltr'>pto-</span> 
     </span>
     <span class='ocr_line' id='line_1_136' title="bbox 1195 3299 2080 3349; baseline 0.005 -15"><span class='ocrx_word' id='word_1_917' title='bbox 1195 3311 1265 3343; x_wconf 87' lang='lat' dir='ltr'>pter</span> <span class='ocrx_word' id='word_1_918' title='bbox 1283 3300 1386 3341; x_wconf 86' lang='lat' dir='ltr'>ipsum</span> <span class='ocrx_word' id='word_1_919' title='bbox 1406 3299 1529 3334; x_wconf 88' lang='lat' dir='ltr'>occisus</span> <span class='ocrx_word' id='word_1_920' title='bbox 1551 3301 1595 3334; x_wconf 84' lang='lat' dir='ltr'>est</span> <span class='ocrx_word' id='word_1_921' title='bbox 1616 3303 1749 3336; x_wconf 50' lang='lat' dir='ltr'>Sanctus</span> <span class='ocrx_word' id='word_1_922' title='bbox 1777 3302 1909 3346; x_wconf 64' lang='lat' dir='ltr'>Marayr</span> <span class='ocrx_word' id='word_1_923' title='bbox 1939 3327 1947 3335; x_wconf 93' lang='lat'><strong>.</strong></span> <span class='ocrx_word' id='word_1_924' title='bbox 1977 3304 2080 3349; x_wconf 80' lang='lat' dir='ltr'>Qod</span> 
     </span>
     <span class='ocr_line' id='line_1_137' title="bbox 1197 3348 2082 3400; baseline 0.003 -16"><span class='ocrx_word' id='word_1_925' title='bbox 1197 3351 1228 3384; x_wconf 76' lang='grc' dir='ltr'>ἀ</span> <span class='ocrx_word' id='word_1_926' title='bbox 1250 3351 1367 3391; x_wconf 62' lang='lat' dir='ltr'>fastum</span> <span class='ocrx_word' id='word_1_927' title='bbox 1390 3348 1459 3384; x_wconf 90' lang='lat' dir='ltr'>est.</span> <span class='ocrx_word' id='word_1_928' title='bbox 1959 3353 2036 3400; x_wconf 83' lang='lat'><strong>367.</strong></span> <span class='ocrx_word' id='word_1_929' title='bbox 2050 3365 2082 3389; x_wconf 84' lang='lat'><strong>2.</strong></span> 
     </span>
    </p>
   </div>
   <div class='ocr_carea' id='block_1_32' title="bbox 1145 3399 2083 3497">
    <p class='ocr_par' dir='ltr' id='par_1_32' title="bbox 1145 3399 2083 3497">
     <span class='ocr_line' id='line_1_138' title="bbox 1145 3399 2083 3445; baseline 0.007 -11"><span class='ocrx_word' id='word_1_930' title='bbox 1145 3401 1296 3436; x_wconf 82' lang='lat' dir='ltr'>Lenitate</span> <span class='ocrx_word' id='word_1_931' title='bbox 1319 3399 1532 3434; x_wconf 86' lang='lat' dir='ltr'>Sacerdotum</span> <span class='ocrx_word' id='word_1_932' title='bbox 1559 3400 1663 3444; x_wconf 85' lang='lat' dir='ltr'>magis</span> <span class='ocrx_word' id='word_1_933' title='bbox 1690 3402 1861 3439; x_wconf 59' lang='lat' dir='ltr'>flectuntur</span> <span class='ocrx_word' id='word_1_934' title='bbox 1880 3403 2048 3445; x_wconf 86' lang='lat' dir='ltr'>Principes</span> <span class='ocrx_word' id='word_1_935' title='bbox 2071 3425 2083 3441; x_wconf 74' lang='lat' dir='ltr'>a</span> 
     </span>
     <span class='ocr_line' id='line_1_139' title="bbox 1197 3448 1728 3497; baseline 0.006 -13"><span class='ocrx_word' id='word_1_936' title='bbox 1197 3460 1292 3497; x_wconf 80' lang='lat' dir='ltr'>quarn</span> <span class='ocrx_word' id='word_1_937' title='bbox 1314 3448 1448 3488; x_wconf 84' lang='lat' dir='ltr'>illorum</span> <span class='ocrx_word' id='word_1_938' title='bbox 1472 3450 1728 3495; x_wconf 83' lang='lat' dir='ltr'>impetuofitate.</span> 
     </span>
    </p>
   </div>
   <div class='ocr_carea' id='block_1_33' title="bbox 1982 3463 2083 3499">
    <p class='ocr_par' dir='ltr' id='par_1_33' title="bbox 1982 3463 2083 3499">
     <span class='ocr_line' id='line_1_140' title="bbox 1982 3463 2083 3499; baseline 0 -12"><span class='ocrx_word' id='word_1_939' title='bbox 1982 3463 2083 3499; x_wconf 80' lang='lat'>7¹·2·</span> 
     </span>
    </p>
   </div>
   <div class='ocr_carea' id='block_1_34' title="bbox 1564 3499 2030 3548">
    <p class='ocr_par' dir='ltr' id='par_1_34' title="bbox 1564 3499 2030 3548">
     <span class='ocr_line' id='line_1_141' title="bbox 1564 3499 2030 3548; baseline 0.011 -15"><span class='ocrx_word' id='word_1_940' title='bbox 1564 3499 1593 3534; x_wconf 89' lang='lat' dir='ltr'>L</span> <span class='ocrx_word' id='word_1_941' title='bbox 1615 3499 1627 3534; x_wconf 89' lang='lat'>1</span> <span class='ocrx_word' id='word_1_942' title='bbox 1679 3511 1702 3538; x_wconf 89' lang='lat'><em>2</em></span> <span class='ocrx_word' id='word_1_943' title='bbox 1923 3503 2030 3548; x_wconf 64' lang='lat' dir='ltr'>Lexog</span> 
     </span>
    </p>
   </div>
  </div>
 </body>
</html>
