2358 3776
399 123 493 168 312

985 100 1543 158 EPISTOLAE

325 207 404 232 nam
418 198 431 230 ?
456 195 485 229 Is
495 190 581 228 certe
592 190 736 236 precepit
748 214 760 232 ,
785 198 823 225 ut
845 190 990 226 Praelatis
1014 190 1207 231 obediatur,
1232 201 1270 226 ut
1326 193 1439 235 procul
1450 193 1555 229 dnbio
1566 193 1835 238 immortalisest,
1855 196 2004 239 &Rem
2015 201 2081 239 ,ξω
2091 203 2266 249 justorum,-

324 248 385 282 filii
399 255 545 290 parentes
555 242 718 278 honorent
732 266 744 283 ‚
769 252 949 286 eorumque
963 242 1159 277 necesiitates
1181 243 1268 277 exci-

323 299 416 341 piant
439 293 671 339 promptiffima
693 292 870 327 charitate.
897 292 1010 337 Qarn
1031 293 1173 333 profesto*
1196 304 1264 327 non

325 347 445 381 habere
460 344 687 384 convincitur,
711 342 766 385 qui
780 343 908 375 fratrem
932 351 967 373 in
987 339 1199 378 tribulatione
1214 355 1264 386 po·

319 397 415 431 situm
427 406 487 439 pro
506 395 661 430 facultate
685 392 740 426 fibi
762 390 837 424 data
860 399 928 422 non
941 390 1149 426 consolatur.
1178 393 1264 428 Affe-

1326 242 1448 279 diistum
1458 244 1504 278 est
1518 245 1553 278 in
1565 245 1730 290 aliquibus
1740 247 1871 282 interire
1881 271 1892 287 ‚
1915 260 1994 284 cum
2004 249 2140 290 bulum
2152 257 2266 292 audie„-

1321 321 1323 326 .
1341 293 1394 328 itis
1411 295 1576 329 dicentem
1592 308 1599 327 ε
1627 298 1772 338 spiritum
1790 300 1878 332 nolite
1897 305 2067 343 extinguere
2085 324 2099 342 a
2134 307 2264 349 Prophe-

1326 350 1387 377 nas
1410 347 1497 379 nolite
1518 344 1676 388 spernere.
1706 347 1890 382 Ebutinam
1902 351 2075 385 efficaciter
2087 354 2260 398 audissetis,

1325 393 1435 437 quod,
1460 407 1495 429 ut
1513 394 1638 439 sapiens
1659 397 1836 438 meminit,
1862 404 1936 432 Non
1958 402 2112 435 auditores
2136 405 2222 441 verba
2246 430 2262 448 ,

321 448 410 481 &um
422 455 560 487 namque
571 443 690 479 mentis
701 438 893 474 validiffime
903 440 1072 474 convincit
1099 442 1265 478 exhibitio
1321 443 1379 486 sed
1392 445 1524 486 fusiores
1539 447 1611 487 justi
1628 445 1702 489 sunt
1720 449 1808 490 apud
1831 451 1927 482 Deum
1949 474 1956 483 .
1993 452 2112 495 Neque
2134 449 2262 492 haeefin

319 493 444 540 operis.
476 496 590 529 Valeat
602 494 724 534 semper
744 491 903 524 Sanctitas
922 491 1024 523 vestra
1038 514 1051 530 ,
1076 491 1155 526 &in
1177 493 1230 528 his
1255 519 1265 535 ,

321 556 393 590 quae
419 544 564 584 monui,
589 541 723 577 verbum
751 541 816 575 Dei
843 540 952 583 potius
968 540 1145 583 consulat,
1169 544 1264 588 quam

314 605 455 631 vicinos.

446 690 859 731 EPISTOLA
962 689 1142 726 XXXV.

386 795 527 839 Joannes
554 793 794 832 Saresberiensis
820 790 1005 828 Wilhelmo
1033 793 1200 837 suppriori

609 848 611 850 '
684 843 890 879 Cantuariae.

461 949 517 982 Suo
541 950 662 982 Britoni
683 944 759 990 suus
778 948 923 990 Joannes
942 943 1074 987 salutem
1088 969 1095 977 .

389 1047 422 1082 X
449 1047 524 1089 his,
552 1059 624 1092 quae
645 1046 862 1083 Universitati
879 1045 989 1080 vestrae
1008 1046 1124 1089 scripta
1146 1047 1221 1080 sunt
1245 1071 1256 1087 ,

411 1099 569 1144 colligere
587 1099 706 1142 poteris
729 1123 740 1140 ,
779 1095 859 1142 quid
880 1106 914 1131 te
933 1107 1083 1140 oporteat
1116 1096 1224 1131 facete
1247 1120 1257 1128 .

302 1144 378 1182 Nec
390 1147 436 1183 est
446 1151 503 1194 qui
518 1148 708 1194 nugatorias
718 1173 729 1189 ‚
756 1158 792 1182 ut
804 1146 961 1182 haetenus
973 1170 985 1187 ‚
1013 1146 1189 1190 praetendas
1202 1157 1257 1181 ex-

301 1198 486 1234 cusationes
500 1213 508 1233 :
534 1200 611 1244 quia
624 1209 753 1243 tempus
763 1198 809 1233 est
821 1223 832 1240 ‚
858 1207 894 1231 ut
906 1197 1051 1232 Ecclesia
1077 1196 1179 1230 vestra
1201 1207 1254 1240 pa-

302 1248 426 1291 tiatur,
450 1260 507 1284 aut
518 1248 735 1292 compatiatur
745 1274 753 1281 .
785 1249 818 1282 Si
840 1249 931 1282 enim
954 1247 1249 1281 communicaverit

301 1300 560 1334 neceffitntibus,
582 1298 705 1338 Patris,
734 1299 767 1331 <St
795 1300 829 1330 in
840 1296 1124 1330 consolationibus
1134 1321 1144 1337 ‚
1171 1307 1251 1337 quas

299 1347 527 1384 indubitanter
540 1350 616 1383 Deo
629 1347 773 1391 propitio
784 1348 947 1389 speramus
961 1370 972 1386 ‚
999 1346 1033 1379 in
1047 1344 1134 1379 brevi
1156 1345 1247 1380 reflo-

298 1398 417 1433 rescet.
448 1400 491 1433 Et
504 1398 636 1442 quidem
662 1398 680 1430 a
690 1397 934 1433 commannis
945 1406 1072 1438 tempus
1090 1396 1249 1430 exstitisse

297 1457 370 1481 non
382 1447 540 1487 arbitror,
560 1449 627 1489 quo
639 1457 706 1479 ram
719 1446 816 1479 facile
828 1445 930 1487 posset
940 1445 983 1477 ad
997 1446 1173 1486 reparanda
1180 1456 1250 1479 om·
1262 1438 1267 1480 l

298 1497 356 1532 nia
367 1498 504 1539 antiqua
515 1495 687 1539 privilegia
697 1494 849 1537 respirare
863 1516 875 1532 ,
898 1494 919 1525 st
931 1492 1023 1526 Patri
1036 1495 1071 1526 in
1096 1491 1148 1526 his
1161 1494 1267 1528 solli-l

297 1547 367 1582 cito
380 1545 514 1581 viriliter
524 1546 558 1580 δε
569 1545 745 1579 efficaciter
757 1543 853 1577 vellet
873 1542 1010 1576 affistere
1020 1565 1032 1582 ,
1058 1542 1092 1576 δε
1111 1543 1267 1582 necessa-2

299 1598 358 1633 riis
370 1597 562 1642 participare
578 1594 758 1638 sumptibus
771 1619 779 1626 .
808 1591 870 1628 Sed
892 1592 1003 1627 nescio
1015 1603 1082 1636 quo
1097 1594 1190 1636 pacto
1202 1586 1267 1666 rbi

301 1659 404 1692 gnare
419 1647 521 1683 vultis
531 1647 597 1681 fine
607 1646 746 1680 onere&
758 1642 981 1678 sollicitudine
994 1667 1005 1684 ‚
1031 1643 1108 1677 cum
1122 1652 1247 1678 certum
1263 1675 1266 1692 a

295 1698 336 1732 fit
347 1721 358 1738 ,
383 1704 457 1733 Non
467 1696 524 1739 m'fi
522 1695 659 1739 supremo
670 1707 782 1738 magna
792 1694 889 1726 labore
894 1698 962 1736 peti
971 1718 979 1726 .
1005 1693 1044 1728 ln
1069 1692 1122 1727 his
1138 1704 1249 1729 autem
1263 1700 1266 1732 1

297 1749 432 1782 eatenus
445 1748 508 1790 jam
521 1746 658 1789 profecit
670 1755 724 1788 per
734 1743 799 1777 Dei
813 1743 952 1788 gratiam
963 1742 1119 1777 industria
1133 1754 1248 1788 paupe-

295 1797 339 1832 ris
349 1798 382 1832 δε
394 1797 561 1841 proscripti
574 1819 585 1834 ‚
610 1805 647 1829 ut
659 1796 692 1828 in
705 1794 757 1829 his
768 1793 950 1827 emerendis
959 1792 1028 1826 duo
1051 1791 1155 1827 millia
1167 1804 1247 1828 mar-

293 1858 407 1884 carum
431 1846 677 1880 Antecefforem
702 1846 794 1878 suurn
809 1867 819 1884 ‚
847 1844 869 1876 fi
891 1842 966 1878 data
991 1842 1069 1877 estet
1079 1843 1208 1877 occasio
1232 1867 1244 1885 ,

292 1898 513 1942 expensurum
525 1894 622 1930 fuisse
633 1904 701 1928 non
712 1892 862 1928 dubitem
875 1918 883 1925 .
911 1892 1047 1927 Dicitur
1070 1892 1163 1936 quod
1174 1905 1248 1929 can-

293 1947 425 1984 delabra
446 1945 613 1981 alienastis
638 1945 672 1979 in
687 1945 764 1979 usus
774 1943 902 1989 varios,
929 1940 1061 1977 fortasse
1085 1954 1156 1977 non
1182 1944 1247 1977 fine

294 1997 503 2034 conscientia
519 1995 677 2041 sacrilegii
690 2007 698 2027 ε
726 1995 760 2029 &
771 1993 855 2029 adeo
863 2002 992 2027 tenaces
1003 1990 1078 2026 estis
1089 1990 1124 2026 in
1136 1991 1246 2027 Eccle·

293 2050 345 2086 fia:
361 2047 605 2084 necessitatibus
616 2071 628 2088 ‚
653 2046 687 2081 &
700 2042 883 2080 honoribus
905 2040 1122 2077 reformandis
1134 2067 1144 2075 .
1169 2041 1247 2077 Cir-

293 2094 333 2142 ἑᾳ
344 2098 410 2134 haec
423 2099 562 2134 sollicita
575 2099 688 2132 fratres
698 2106 795 2136 tuos,
824 2095 858 2129 &
881 2094 904 2128 fi
929 2094 979 2127 illi
998 2093 1248 2128 contemnendo

294 2143 480 2193 desipiunt,
507 2159 543 2184 tu
558 2145 823 2182 Ecclesiae&tibi
850 2142 1019 2189 providere
1042 2143 1247 2178 memineris.

295 2200 332 2235 Si
343 2201 525 2244 Episcopus
536 2198 781 2239 Londonienfis
795 2197 856 2230 iter
868 2193 1038 2239 arripuerit
1046 2194 1089 2228 ad
1101 2194 1248 2234 Curiam,

296 2260 435 2293 procura
451 2275 461 2291 ,
484 2249 639 2290 sicuttibi
653 2248 836 2292 injundtum
847 2244 892 2279 est
903 2269 915 2285 ,
941 2255 977 2278 ut
988 2243 1056 2277 duo
1078 2242 1242 2276 Monachi

296 2299 496 2335 sufficienter
519 2300 722 2334 instruantur
734 2321 745 2337 ,
771 2297 804 2330 ei
827 2318 839 2335 ,
863 2293 941 2327 cum
963 2291 1070 2326 vocati
1093 2292 1214 2326 fuerint
1239 2316 1251 2333 ‚

296 2350 480 2385 occursuri.

396 2443 810 2484 EPISTOLA
875 2440 1132 2481 *XXXVI-

497 2547 588 2584 Idem
616 2546 807 2581 Conventui
834 2544 1038 2580 Cantuarioe.

299 2651 493 2691 Dilec‘llffimis
515 2648 675 2681 Fratribus
691 2670 701 2686 ‚
728 2648 762 2680 Θ·
781 2650 890 2679 Amicis
912 2645 1083 2686 cbariffimls
1096 2669 1106 2686 ,
1131 2649 1185 2687 qui
1210 2648 1243 2678 in

286 2714 289 2717 *
350 2703 379 2736 5.
402 2697 614 2739 cantuariensi
620 2695 747 2737 Ecclesia
755 2702 922 2740 congregati
938 2695 1034 2739 sunt,
1059 2697 1094 2730 (5
1101 2701 1192 2738 piam

397 2749 524 2794 sapiunt
543 2751 692 2782 unTtatem
712 2770 722 2786 ,
748 2746 979 2789 proscriptorum
1003 2752 1145 2779 minimus

446 2804 478 2845 J
481 2810 590 2833 oannes
602 2799 639 2831 de
648 2797 820 2830 San-:beria
829 2819 839 2836 ‚
865 2795 981 2839 semper
993 2807 1092 2830 coram

522 2848 607 2891 facie
621 2846 680 2891 sua
692 2846 827 2889 feliciter
847 2846 1019 2882 ambulare.

306 3056 359 3089 nis
370 3053 539 3096 &injuriis
549 3050 691 3094 compati
701 3071 712 3089 ‚
736 3049 772 3084 ἀ
782 3058 942 3093 quantum
956 3047 1144 3082 Christiano
1157 3048 1248 3089 licet,

307 3104 332 3137 sl
344 3102 427 3138 forte
438 3127 449 3143 ,
476 3101 563 3145 quod
579 3101 655 3134 absit
667 3125 678 3140 ,
704 3099 892 3138 immineat,
920 3098 1101 3132 examinari
1113 3098 1246 3132 defeetu-

308 3153 440 3198 Lugere
451 3150 606 3195 siquidem
619 3162 729 3194 parum
750 3149 795 3184 est
805 3174 816 3190 ,
841 3146 929 3192 quod
942 3148 1042 3182 etiam
1056 3148 1089 3181 in
1102 3147 1247 3182 hostium

306 3205 427 3239 occasu
438 3202 539 3246 justos
559 3200 610 3244 pie
635 3200 741 3235 fecisse
762 3199 934 3234 recolimus
948 3221 960 3238 ,
984 3209 1059 3232 eum
1082 3198 1247 3232 charitatis

308 3253 559 3288 virtusextinera
569 3251 706 3292 Spiritus
717 3250 824 3283 Sancti
848 3248 1041 3292 protestetur
1059 3249 1210 3282 occasum
1234 3273 1242 3281 .

310 3304 414 3346 Cujus
433 3306 531 3338 funus
543 3300 767 3345 perfunctoriis
779 3298 957 3342 lachrymis
970 3309 1037 3331 non
1061 3297 1107 3329 est
1123 3309 1178 3332 aut
1190 3298 1246 3332 do-

311 3352 380 3386 lore
391 3363 622 3388 momentaneo
634 3349 888 3394 prosequendum
901 3372 912 3388 ,
938 3349 991 3382 sed
1005 3348 1135 3404 vitmper
1147 3349 1245 3390 poeni-

311 3403 450 3438 tentiam
461 3405 494 3436 &
506 3405 644 3437 fructum
656 3400 818 3434 bonorum
828 3409 961 3440 operum
974 3397 1145 3442 instantius
1159 3410 1242 3441 repa—

314 3454 414 3489 randa
428 3480 436 3487 .
462 3455 534 3488 Nec
555 3461 686 3488 moveat
701 3473 713 3491 ‚
738 3450 763 3484 fi
798 3447 951 3493 Spiritum
978 3448 1130 3485 Sanctum
1149 3473 1161 3491 ,
1188 3449 1245 3493 qui

305 2950 597 3039 AEQUUM
624 2948 690 2991 est,
715 2948 909 2982 dilestiffimi
934 2972 946 2989 ‚
969 2947 1011 2982 de
1033 2947 1142 2983 vestris
1163 2729 1300 3492 μοὶ

459 3004 535 3037 dere
556 2999 750 3045 profectibus
770 3023 782 3040 ,
809 2999 934 3033 anxiari
957 2998 1127 3041 periculis,
1154 2999 1248 3031 darn·-

1288 3498 1299 3529 Ι

1327 494 1565 538 sugillationem
1602 498 1755 532 omnium
1792 499 1931 534 vestrum
1955 499 2037 536 dieta
2057 501 2239 537 credantur
2250 525 2264 547 ,

1326 545 1402 587 quia
1413 546 1547 588 Spiritus
1557 547 1689 581 Sanetus
1700 548 1744 582 est
1756 549 1864 590 testis,
1887 550 1977 593 quod
1988 563 2027 586 ex
2038 550 2197 587 charitate
2211 563 2266 597 po·

1326 594 1409 636 tius,
1433 596 1529 640 quam
1542 598 1600 631 ille
1610 598 1698 632 solus
1709 599 1839 642 inspirat
1851 624 1862 640 ‚
1888 602 1946 644 qui
1963 600 2102 636 charitas
2113 601 2159 636 est
2173 627 2184 643 ‚
2195 613 2266 646 pro-

1326 646 1388 679 lata
1402 646 1475 680 sunt
1494 669 1504 686 ,
1522 647 1620 691 quam
1640 648 1674 681 in
1688 648 1820 683 alterius
1832 650 1986 694 injuriam
1997 650 2177 686 Christiani
2190 675 2202 692 ‚
2227 653 2266 688 li·

1325 694 1374 729 cet
1385 696 1513 739 aliquos
1522 696 1563 732 de
1574 708 1709 732 numero
1720 700 1862 734 vestrum
1880 712 1939 744 pro
1953 702 2069 745 injuria
2086 703 2224 745 Spiritus
2251 726 2266 744 ,

1323 746 1357 779 ὃς
1369 746 1515 780 fraterna:
1526 747 1692 782 charitatis
1703 751 1922 792 exterminio,
1930 751 2000 795 jure
2010 753 2043 787 ὅ(
2054 753 2173 787 merito
2181 777 2192 793 ‚
2219 764 2264 788 ne

1323 805 1454 838 pereant
1464 820 1475 836 ,
1500 797 1553 831 sed
1586 799 1754 834 salubriter
1773 802 2021 839 confundantur
2031 827 2042 843 ‚
2070 802 2265 838 crediderim

1320 846 1518 891 arguendos.
1548 847 1688 884 Evolvat
1700 850 1918 893 unusquisque
1929 853 1962 887 δε
1984 853 2109 898 relegat
2124 854 2263 898 propria

1319 895 1520 932 conscientiae
1532 898 1667 933 librum.
1696 900 1737 933 ln
1749 899 1909 946 ambiguis
1923 926 1935 943 ,
1960 903 1982 936 fi
2005 914 2068 947 qua
2089 905 2184 943 sunt,
2207 902 2265 937 in·-

1319 956 1485 989 terpretetn
1504 958 1622 991 quaerat
1636 972 1647 988 ,
1673 948 1708 982 &
1730 951 1862 984 invocet
1883 952 2040 996 Spiritum
2066 954 2222 988 Sanctum
2248 976 2266 996 2

1317 998 1373 1040 qui
1386 997 1482 1031 docet
1494 998 1665 1033 hominem
1678 999 1845 1034 scientiam
1857 1025 1869 1041 ‚
1895 1002 1928 1035 δε
1939 1002 2161 1038 absconditam
2175 999 2267 1038 revel-

1317 1046 1362 1080 lat
1377 1048 1568 1088 veritatem,
1595 1058 1681 1082 uteo
1697 1048 1861 1090 docente,
1886 1050 1942 1084 fibi
1952 1052 2081 1086 fidelius
2102 1053 2137 1087 δε
2158 1054 2262 1090 fami-

1317 1096 1424 1130 liarius
1436 1097 1618 1132 innotescat
1629 1122 1640 1139 ,
1665 1098 1700 1133 ἀ
1712 1109 1746 1133 ut
1758 1098 1895 1134 arbitror
1909 1123 1922 1140 ,
1948 1102 2044 1144 plane
2053 1102 2086 1136 ἀ
2098 1103 2197 1145 plene
2205 1103 2266 1139 de-

1316 1145 1494 1190 prehendet
1505 1172 1518 1189 ,
1537 1148 1617 1192 quid
1629 1147 1671 1182 ab
1680 1151 1813 1183 accensa
1825 1149 1877 1184 vel
1889 1150 2020 1185 incensa
2032 1175 2046 1192 ,
2070 1151 2152 1195 quid
2172 1151 2192 1186 a
2218 1161 2266 1187 te·

1315 1197 1389 1239 pida
1402 1197 1452 1231 vel
1466 1197 1590 1233 remissa
1602 1220 1612 1237 ‚
1637 1198 1719 1243 quid
1756 1199 1798 1234 ab
1812 1201 1953 1235 extincta
1989 1202 2040 1235 vel
2065 1202 2178 1247 fugata
2190 1223 2202 1241 ‚
2227 1201 2263 1237 ἃ

1313 1247 1434 1289 perdita
1448 1247 1505 1281 fibi
1518 1249 1703 1291 provenerit
1714 1246 1873 1284 charitate
1883 1275 1890 1283 .
1920 1250 2012 1286 Absit
2026 1261 2135 1287 tamen
2148 1261 2185 1286 ut
2208 1262 2265 1295 pet·

1312 1295 1544 1339 blasphemiam
1554 1321 1566 1336 ‚
1580 1307 1635 1330 aut
1646 1298 1914 1341 obstinationem,
1926 1311 1981 1335 aut
1989 1301 2258 1344 desperationem,

1309 1357 1363 1380 aut
1375 1346 1650 1389 impoenitentiam
1665 1370 1676 1386 ,
1702 1358 1872 1389 peccatum
1891 1351 2104 1386 irremiffibile
2121 1352 2263 1387 commi-

1310 1398 1383 1430 serit
1397 1396 1430 1429 in
1455 1396 1549 1430 vobis
1563 1420 1570 1427 .
1598 1397 1687 1443 Qia
1699 1397 1821 1431 licetin
1836 1401 1931 1434 ramis
1943 1399 2115 1436 debilitata
2127 1404 2162 1438 δι
2180 1412 2265 1437 con-

1309 1447 1407 1479 fracta
1416 1445 1455 1478 fit
1469 1444 1609 1479 charitas
1622 1469 1634 1484 ,
1655 1446 1723 1488 spes
1735 1457 1843 1480 tamen
1860 1448 1905 1482 est
1918 1451 2009 1490 quod
2023 1461 2152 1487 maneat
2164 1452 2198 1487 in
2213 1461 2262 1486 ra-

1310 1494 1383 1529 dice
1397 1518 1408 1534 ,
1429 1494 1464 1528 &
1481 1493 1582 1538 rigata
1597 1493 1632 1527 ὅ(
1660 1495 1785 1536 perfusa
1808 1495 1959 1531 Coelestis
1980 1499 2091 1542 gratiae
2103 1500 2262 1535 imbribus

1311 1544 1496 1578 revirescere
1508 1543 1600 1586 poffit
1614 1567 1626 1583 ‚
1651 1544 1686 1578 ἀ
1697 1555 1776 1579 verae
1785 1545 2017 1589 compaffionis
2026 1548 2060 1583 ἀ
2069 1548 2204 1591 justitia!
2217 1550 2265 1585 fl·

1309 1605 1380 1628 cere
1391 1595 1513 1628 studius
1523 1618 1536 1636 ,
1555 1594 1583 1640 'fi
1593 1605 1650 1628 cor
1667 1594 1809 1637 posuerit
1821 1595 1929 1633 anima
1955 1598 2044 1641 super
2056 1598 2123 1634 vias
2148 1601 2220 1638 suas
2245 1621 2260 1640 ‚

1309 1646 1332 1678 si
1343 1644 1532 1688 poenituerit
1547 1667 1558 1683 ‚
1583 1644 1604 1676 si
1618 1644 1750 1688 culpam
1763 1645 1920 1687 fateatur,
1951 1647 1973 1680 si
1983 1649 2204 1690 prosacultate
2216 1650 2262 1687 sa-

1309 1695 1505 1729 tisfaciendo
1520 1692 1657 1728 redimat
1667 1694 1757 1738 quod
1769 1696 1937 1730 commisit
1951 1721 1958 1729 .
1985 1697 2047 1731 Sed
2069 1698 2204 1737 fortasse
2214 1698 2262 1736 di·

1310 1746 1417 1780 cetis,
1443 1755 1478 1778 tu
1491 1745 1607 1788 quises
1621 1745 1637 1776 .²
1664 1745 1735 1779 Aut
1747 1756 1816 1789 quat
1838 1746 1882 1780 est
1897 1745 2015 1781 domus
2036 1747 2141 1783 Patris
2162 1749 2262 1785 tuiiu

1308 1794 1402 1828 lsrael
1415 1817 1426 1833 ,
1443 1804 1478 1827 ut
1492 1794 1679 1837 Religiosos
1692 1805 1810 1838 arguas
1826 1798 1931 1837 viros,
1958 1798 2129 1840 praesertim
2146 1799 2183 1836 in
2198 1799 2260 1835 Ec-

1306 1844 1470 1878 clefiarum
1499 1842 1674 1877 Britanniae
1694 1844 1826 1878 cardine
1848 1846 2044 1881 constitutos
2067 1870 2080 1888 ‚
2115 1859 2175 1884 aut
2196 1858 2259 1887 nou

1307 1892 1387 1938 quid
1410 1892 1631 1928 commisimus
1650 1917 1662 1934 ,
1685 1891 1772 1928 unde
1793 1890 1987 1930 charitatem
2012 1897 2127 1940 probes
2149 1899 2260 1937 extin-

1306 1946 1390 1978 ctam
1403 1954 1459 1978 aut
1470 1944 1630 1977 remifl‘am
1641 1943 1659 1975 ἒ
1686 1944 1762 1988 Ego
1773 1943 1904 1988 quidem
1915 1956 1973 1989 pro
1999 1958 2053 1982 me
2074 1948 2257 1991 respondeo

1307 1994 1398 2038 quod
1410 1993 1562 2036 praemisi:
1587 1991 1664 2035 quia
1677 1995 1931 2037 proscriptorum
1942 1994 2066 2032 Christi
2094 2000 2257 2034 minimus

1309 2045 1377 2077 sum
1390 2067 1401 2084 ‚
1426 2043 1460 2077 ὃς
1477 2042 1567 2086 quod
1591 2053 1634 2076 ex
1659 2043 1859 2079 conscientia
1880 2044 2015 2089 loquor,
2043 2058 2141 2091 quem
2167 2049 2257 2084 zelus

1309 2095 1440 2128 Domus
1452 2093 1542 2134 Dei,
1568 2101 1604 2126 ut
1615 2092 1749 2139 alterius
1758 2105 1888 2137 parcam
1897 2095 2023 2138 judicio
2039 2099 2090 2131 vel
2115 2099 2214 2134 errori
2241 2114 2255 2140 ·‚

1307 2144 1372 2187 jam
1396 2143 1503 2177 multo
1523 2153 1671 2186 tempore
1693 2143 1771 2179 fecit
1791 2144 1920 2178 exulare
1942 2146 2154 2191 proscriptum
2169 2168 2180 2190 5
2216 2149 2252 2185 δε

1308 2194 1393 2237 quafi
1406 2203 1442 2227 ut
1454 2193 1616 2237 propriam
1627 2192 1725 2227 fatear
1748 2195 1964 2236 insipientiam
1976 2219 1987 2236 ,
2014 2197 2163 2233 scandala
2186 2199 2254 2233 fra-

1309 2256 1393 2278 trum
1413 2245 1526 2278 animo
1536 2242 1676 2288 patienti
1687 2244 1753 2277 sine
1767 2244 1916 2288 scrupulo
1938 2256 2066 2290 nequeo
2077 2247 2219 2282 tolerare
2243 2273 2253 2282 .

1309 2294 1366 2329 An
1381 2294 1537 2329 nonlicet
1560 2291 1665 2333 mihi,
1693 2294 1862 2337 praesertim
1892 2294 2055 2338 Apostolo
2075 2297 2217 2333 docente
2241 2322 2254 2339 ,

1309 2344 1469 2387 propriam
1490 2343 1652 2378 ustionem
1665 2343 1878 2387 deplorarein
1892 2346 2051 2381 scandalis
2064 2347 2081 2379 ,ἶ
2107 2347 2190 2383 Non
2215 2348 2253 2382 li·

1307 2402 1358 2428 cet
1374 2402 1633 2438 coaegrotantes,
1659 2394 1777 2436 quibus
1797 2394 1990 2437 coinfirmor
2012 2420 2023 2436 ,
2050 2395 2192 2433 invitare
2214 2406 2256 2434 ut

1307 2444 1422 2487 pariter
1431 2453 1598 2477 curramus
1607 2441 1648 2475 ad
1659 2441 1851 2476 Medicum?
1880 2445 2027 2478 Profecto
2038 2447 2177 2481 cuilibet
2191 2447 2259 2482 Di-

1308 2493 1431 2537 scipulo
1442 2491 1611 2528 Christi&
1621 2490 1763 2525 minimo
1775 2492 1910 2526 liberum
1923 2493 1967 2527 est
1983 2494 2245 2540 ipsoinspirante

1306 2544 1383 2578 date
1403 2541 1630 2578 testimonium
1652 2541 1801 2584 veritati,
1828 2553 1926 2586 quam
1947 2543 2094 2587 quisquis
2115 2557 2162 2585 ex,
2177 2546 2254 2581 Deo

1306 2595 1375 2635 est,
1401 2604 1470 2628 non
1483 2591 1587 2628 modo
1598 2592 1775 2636 patienter,
1805 2592 1860 2625 sed
1883 2591 2023 2626 libenter
2045 2594 2155 2629 audit.
2184 2595 2254 2631 Au-

1306 2644 1374 2679 dite
1396 2642 1518 2688 ergo&
1530 2653 1587 2676 vos
1599 2643 1713 2676 animo
1726 2641 1885 2685 patienti,
1912 2643 1947 2676 δι
1965 2654 2061 2686 quam
2072 2655 2137 2689 ego
2159 2656 2252 2688 repu-

1309 2705 1375 2730 tem
1395 2695 1524 2737 culpam
1535 2691 1688 2733 vestram,
1715 2692 1804 2736 quod
1817 2691 2022 2735 dispendium
2044 2692 2214 2730 charitatis
2242 2720 2254 2729 .

1310 2745 1414 2791 Quod
1427 2744 1532 2788 quaeso
1552 2742 1609 2777 ubi
1619 2742 1803 2786 apparuerit
1817 2767 1828 2784 ,
1855 2742 1959 2776 nolite
1972 2742 2062 2776 vanis
2075 2744 2250 2780 verborum

1311 2795 1398 2830 foliis
1417 2793 1609 2829 adumbrare
1627 2815 1638 2832 ,
1680 2793 1732 2827 sed
1753 2803 1849 2836 opere
1871 2792 1978 2835 potius
1999 2804 2197 2839 expurgetur
2215 2796 2251 2830 δε

1312 2847 1447 2880 veritate
1459 2870 1466 2877 .
1493 2845 1557 2879 Sex
1568 2842 1646 2878 anni
1657 2842 1723 2876 fere
1734 2842 1856 2876 evoluti
1872 2843 1961 2883 sunt,
1987 2854 2025 2876 ex
2038 2855 2102 2887 quo
2127 2843 2251 2888 proju-

1311 2897 1396 2931 stitia
1409 2895 1519 2929 exulat
1529 2894 1625 2928 Pater
1635 2892 1755 2932 vester,
1782 2892 1892 2924 multis
1903 2892 1936 2925 &
1957 2894 2085 2937 magnis
2109 2897 2245 2932 atstatus

1312 2945 1469 2991 angustiis
1507 2969 1519 2986 ‚
1543 2942 1656 2978 multis
1687 2941 1851 2983 utriusque
1874 2942 1966 2974 sexus
1988 2966 1998 2982 ,
2034 2944 2067 2977 ὅ(
2092 2936 2248 2988 cujusque

1311 2996 1415 3030 κηκὶς
1437 2994 1648 3032 coexulibus,
1675 2988 1796 3025 Christi
1816 2990 1937 3025 scilicet
1960 2993 2150 3035 pauperibus
2169 3005 2247 3031 one·

1312 3056 1399 3081 ratus
1407 3070 1418 3087 ,
1447 3046 1480 3080 δι
1489 3045 1567 3089 quid
1578 3044 1607 3078 ei
1621 3041 1672 3075 vel
1682 3032 1931 3075 coexulaniibus
1941 3042 1998 3076 fibi
2019 3053 2113 3078 tanto
2124 3055 2246 3087 tempo-

1313 3108 1347 3132 re
1362 3095 1601 3140 impenderitis,
1625 3091 1646 3124 si
1668 3091 1746 3134 quid
1764 3102 1873 3125 tamen
1887 3116 1898 3132 ‚
1924 3091 1943 3125 ὲ
1964 3095 2122 3129 memoria
2145 3094 2246 3129 vestra

1312 3148 1455 3190 elapsum
1466 3146 1529 3181 esse
1541 3154 1606 3179 non
1616 3141 1754 3175 arbitror
1765 3166 1772 3172 .
1800 3141 1877 3176 Ubi
1888 3142 2018 3176 interim
2030 3144 2135 3187 quaeso
2144 3141 2249 3178 chari-

1314 3208 1382 3238 tas,
1408 3196 1464 3231 ubi
1475 3205 1585 3236 amor,
1609 3191 1669 3226 ubi
1681 3192 1809 3225 affeffio
1822 3191 1929 3227 filialis
1939 3193 1958 3224 ἕ
1983 3193 2071 3226 Nam
2082 3203 2119 3226 ut
2129 3192 2177 3227 -ait
2190 3205 2245 3237 per

1312 3258 1474 3293 organum
1486 3248 1575 3281 suum
1588 3242 1725 3286 Spiritus
1735 3243 1773 3277 Sa
1780 3244 1867 3276 neius
1878 3267 1889 3284 ,
1915 3242 2053 3276 Probum
2063 3242 2243 3283 dilefflonis,

1314 3296 1456 3335 exhibitio
1469 3297 1506 3337 est
1514 3299 1611 3337 operis
1621 3317 1628 3324 .
1660 3292 1704 3326 Et
1716 3292 1833 3326 eodem
1845 3292 1973 3326 constat
1985 3290 2121 3327 authore
2131 3318 2143 3334 ,
2155 3302 2243 3328 amo-

1314 3360 1381 3383 rem
1395 3359 1463 3382 non
1474 3344 1562 3389 posse
1580 3342 1692 3378 otiari.
1721 3342 1782 3377 Sed
1796 3342 1990 3386 praetenditis
2011 3342 2145 3386 publicae
2156 3343 2242 3385 p'ote-

1314 3397 1403 3432 statis
1419 3396 1499 3429 vires
1511 3418 1523 3434 ,
1550 3394 1727 3428 satellitum
1738 3393 1868 3427 insidias
1879 3417 1890 3434 ‚
1915 3393 1948 3426 δε
1960 3404 2083 3427 metum
2099 3391 2213 3435 justum
2227 3415 2239 3431 ›

1313 3460 1354 3484 ne
1365 3447 1474 3483 locum
1485 3444 1661 3490 perderetis
1671 3443 1847 3487 &gentem
1859 3468 1868 3475 .
1894 3442 1998 3478 Plane
2020 3453 2144 3524 maggcae
2155 3442 2241 3495 sunt,

2136 3500 2195 3524 uti-
