2358 3776
503 53 543 98 S.
592 49 883 98 THOMAE
930 46 1332 96 CANTUAR.
1383 49 1518 96 LlB.
1569 53 1623 100 V.

275 186 681 224 EPtSToLA
782 170 875 229 x'y'„

106 291 276 326 Alexander
287 293 376 333 Papa
388 287 618 333 Rothomagenfi
625 288 659 324 (ν
669 283 858 328 Nivernenfi
866 281 1034 326 Episcopis.

204 390 393 427 OVERIT
417 387 571 424 discretio
583 388 684 422 vestra
695 398 758 421 nos
769 384 941 425 ‚Gileberto
953 384 1039 418 Lon·

228 440 372 475 donienfi
386 439 552 483 Episcopo
575 449 629 482 per
642 436 765 472 nostras
784 436 903 472 litteras
917 435 1038 479 fignifi-

97 490 179 523 casse
189 516 199 531 ,
228 502 264 526 ut
274 491 296 524 fi
308 492 326 525 a
337 489 496 525 sententia
510 513 521 529 ‚
548 498 646 530 quarn
657 484 863 521 Venerabilis
872 484 968 518 frater
982 497 1037 519 no·

96 540 158 573 ster
168 540 323 575 Thomas
346 538 589 575 Cantuarienfis
605 536 903 580 Archi-Episcopus
917 536 949 567 in
962 546 1035 568 eum

97 591 234 633 protulit
245 615 257 631 ‚
284 590 408 624 absolvi
422 589 565 623 voluerit
578 611 590 628 ,
615 587 657 622 ad
677 585 876 630 praesentiam
901 584 1036 618 vestram

97 640 150 674 vel
163 641 313 680 alterius,
339 639 361 673 fi
374 649 508 683 uterque
520 638 625 672 adesse
638 648 706 671 non
727 634 831 680 potest
842 659 854 676 ,
879 635 1010 669 accedat
1025 658 1036 675 ‚

96 690 269 725 &avobis
290 688 426 733 praestito
447 689 632 732 juramento
645 712 658 729 ,
680 685 777 730 ‚quod
799 684 1034 719 nostrodebeat

96 750 205 782 parere
226 740 389 775 Mandato
401 763 413 780 ,
437 738 681 774 absolutionem
703 735 838 778 recipiat
859 760 866 767 .
893 735 974 769 Inde
998 734 1035 767 fi-

95 790 230 832 quidem
241 789 288 824 est
298 813 310 829 ‚
337 788 428 832 quod
442 801 501 824 vos
509 788 560 827 ei,
589 787 670 823 ficut
683 784 755 825 ,viro
767 785 939 830 Religioso
949 809 960 826 ,
985 784 1034 818 lit-

95 848 201 873 terato
211 862 222 879 ,
248 839 388 882 provido
399 863 410 879 ,
436 839 471 874 δε
481 837 622 877 discreto
634 859 647 875 ‚
673 835 707 869 in
730 835 885 874 omnibus
897 860 908 876 ‚
933 846 1035 878 quan-

95 888 168 921 tum
189 900 267 923 cum
289 890 365 922 Deo
382 888 416 921 &
438 885 560 929 justitia
574 886 761 929 possumus,
784 886 953 929 cupientes
966 884 1024 918 de-

94 938 175 972 ferre
190 964 201 979 ,
226 939 261 972 &
284 937 394 972 dilecti
419 936 481 970 filii
504 935 607 971 nostri
619 935 764 980 magistri
774 935 887 973 David
900 934 1036 968 Londo-

94 988 211 1023 nienfis
222 987 373 1021 Ecclefiae
384 985 551 1020 canonici
563 985 784 1031 postulatione
804 986 930 1020 industi
940 1009 951 1026 ,
977 986 1034 1018 fra-

92 1037 360 1072 ternitativestrae
380 1047 436 1079 per
456 1036 651 1079 Apostolica
672 1036 788 1080 scripta
800 1035 997 1077 mandamus
1025 1058 1037 1074 ,

92 1087 255 1131 quatenus
268 1087 291 1120 si
303 1096 501 1120 memoratus
514 1086 690 1129 Episcopus
703 1087 743 1121 ad
756 1097 813 1120 vos
837 1096 896 1129 pro
906 1084 1032 1118 absolu-

94 1137 197 1171 tionis
216 1137 403 1180 receptione
425 1137 610 1177 accefferic,
637 1147 701 1170 vos
719 1136 828 1179 ipsum
838 1145 973 1178 accepto
991 1133 1032 1168 ab

95 1197 135 1221 eo
148 1186 351 1229 juramento,
380 1186 471 1230 quod
493 1186 604 1221 nostro
628 1186 668 1220 de
679 1182 858 1230 praescripta
873 1183 1032 1219 sententia

94 1236 222 1279 parebit
236 1236 398 1270 Mandato
412 1260 423 1276 ,
437 1235 564 1270 sublato
578 1235 810 1279 appellationis
820 1233 968 1268 remedio
981 1231 1034 1265 ab·

93 1287 227 1321 solvatis
239 1310 253 1327 ,
278 1287 324 1320 ita
334 1286 467 1328 quidem
493 1286 584 1327 quod
596 1285 727 1325 nullum
748 1293 879 1325 propter
902 1281 968 1315 hoc
982 1282 1034 1314 di-

94 1336 234 1380 gnitatis
245 1358 257 1374 ,
282 1334 409 1370 ordinis
420 1357 432 1372 ,
458 1343 515 1367 aut
537 1332 640 1365 officii
659 1330 842 1373 periculum
854 1328 970 1364 debeat
983 1331 1036 1369 su-

93 1385 233 1422 ssinere,
246 1384 316 1418 Aut
325 1383 468 1426 aliquam
480 1382 623 1416 infamiae
638 1391 757 1416 notam>
766 1381 928 1415 incurrere
938 1404 945 1412 .
970 1379 1035 1420 Ab·

93 1430 258 1468 solutione
267 1443 377 1467 autem
390 1433 471 1465 fasta
485 1432 518 1464 id
530 1432 769 1473 praenominato
784 1428 1034 1472 Archi-Episco-

94 1494 140 1527 po
151 1493 206 1527 pet
217 1482 341 1516 litteras
353 1481 470 1515 vestras
493 1480 682 1525 significetis
696 1504 707 1519 ‚
732 1480 765 1513 δι
778 1479 809 1512 ei
828 1490 868 1513 ex
883 1489 969 1523 parte
982 1489 1037 1511 no—

94 1532 158 1566 stra
168 1531 307 1566 firmiter
320 1529 510 1575 praecipiatis
520 1554 532 1570 ,
558 1530 591 1564 ἀ
606 1532 640 1564 in
653 1531 772 1563 virtute
783 1529 979 1563 obedientiae
993 1528 1040 1561 in-

94 1580 239 1626 jungatis
252 1605 263 1621 ,
289 1581 378 1622 quod
399 1580 642 1614 absolutionem
661 1579 909 1622 ejusoccultam
922 1576 1039 1612 habeat

95 1631 283 1666 &omnino
298 1633 451 1666 secretam
465 1654 477 1671 ,
505 1630 612 1665 donec
638 1629 756 1673 absque
777 1630 871 1673 ipsius
884 1629 1039 1672 Episcopi

95 1681 243 1724 periculo
255 1681 358 1715 valeat
370 1681 529 1724 propalari
544 1703 551 1712 .
577 1679 683 1726 Qod
710 1680 731 1712 fi
751 1689 887 1722 uterque
900 1679 1039 1713 vestrum

95 1731 148 1766 his
159 1731 360 1777 exequendis
372 1732 518 1767 interesse
540 1741 610 1764 non
634 1731 777 1773 poterit,
804 1729 884 1763 alter
898 1740 967 1763 non
980 1729 1038 1763 mi-
1064 1771 1066 1773 v

96 1780 157 1814 nus
168 1791 228 1823 ea,
255 1788 364 1824 pto-ut
375 1781 542 1819 diximus,
570 1790 751 1821 exequatur
761 1803 768 1811 .
800 1777 918 1812 Valete
932 1801 942 1808 .

247 1880 279 1915 E
303 1878 331 1913 P
358 1880 373 1914 1
398 1880 420 1914 S
448 1878 485 1912 T
511 1878 545 1913 0
571 1878 601 1912 L
627 1874 660 1910 A
793 1874 889 1911 XVI.

97 1979 218 2016 Tbomae
244 1978 456 2020 Cantuarienfi
491 1975 762 2019 Archi-Episcopo
796 1969 1039 2018 Rotbomagenfis

420 2027 511 2063 Archa·
525 2047 535 2055 ·
545 2026 712 2072 Episcopus
723 2051 730 2058 .
781 2060 784 2066 ,

162 2130 317 2166 CIMUS
342 2129 520 2174 prudentiae
542 2128 649 2164 vestrae
671 2136 790 2162 notum
812 2128 875 2162 else
900 2151 912 2167 ,
949 2124 1040 2169 qnod

185 2181 358 2215 meliorest
370 2179 579 2218 obedientia,
606 2178 703 2222 quam
718 2178 851 2212 vistimae
865 2201 874 2217 ‚
898 2178 931 2211 &
950 2175 1039 2219 quod

99 2231 293 2265 idololatriae
314 2231 418 2264 scelus
438 2231 482 2264 est
508 2229 597 2263 nolle
619 2229 839 2272 acquiescere:
869 2228 896 2260 ei
921 2227 1039 2270 praeser-

1874 77 1897 117 3
1906 77 1972 114 29

1101 131 1282 179 Rexnobis
1300 130 1341 166 de
1353 143 1429 175 pace
1439 144 1495 168 tua
1509 137 1660 171 Nuncios
1680 141 1714 175 &
1737 142 1925 187 transcripta
1938 148 2057 185 trans-2

1083 176 1201 236 {misia
1231 182 1277 215 Et
1290 192 1353 216 nos
1375 182 1627 218 Venerabilibus
1653 188 1814 230 Fratribus
1831 195 1949 229 „ostris
1962 194 2038 228 Ro-

1102 231 1306 276 thomagenfi
1319 232 1604 276 Archi-Episcopo
1617 258 1627 273 ‚
1653 237 1686 268 δι
1699 238 1888 277 Nivernenfi
1905 245 2041 288 Episc‘o·
2054 276 2059 282 ,

1102 295 1144 328 po
1157 283 1197 317 de
1210 283 1298 316 illius
1310 283 1397 326 pacis
1406 284 1601 317 executione
1615 282 1737 319 litteras
1749 292 1868 327 nostras
1894 293 2038 328 destina.

1101 334 1229 374 vimus,
1250 333 1328 366 ficut
1347 332 1412 374 jam
1435 333 1540 367 dictus
1562 334 1756 368 Senonenfis
1778 342 1949 378 prudentjae
1972 355 2058 379 ωε.

1101 384 1171 417 viva
1186 394 1267 417 voce
1284 383 1412 426 plenius
1424 385 1532 426 potuit
1551 394 1697 417 enarrare
1711 409 1718 416 .
1748 383 1853 423 Unde
1875 395 2061 433 quonian„¹

1099 433 1209 468 dileat
1224 433 1283 466 fini
1297 433 1396 467 nostri
1411 434 1440 467 A
1446 458 1533 466 .....
1548 434 1583 467 3:
1601 434 1632 467 v
1634 457 1725 466 .....
1754 434 1879 470 Nuncii
1891 449 1946 479 pro
1961 430 2059 484 qui-‘³

1099 483 1231 520 busdam
1244 483 1386 527 negotiis
1399 484 1465 519 tuis
1476 484 1545 526 post
1558 484 1680 526 praefati
1705 482 1978 530 Archi-Episcopi
1991 492 2042 524 di·
2053 478 2063 530 ζ

1098 533 1231 570 sceffum
1246 544 1372 567 moram
1397 534 1502 571 facere
1517 533 1692 568 voluerunt
1703 559 1715 574 ‚
1742 543 1802 569 nos
1821 536 1882 570 tibi
1896 548 1951 580 per
1963 549 2044 571 eun-

1098 584 1174 617 dem
1188 582 1509 626 Archi-Episcopum
1522 583 1728 618 voluntatem
1739 585 1774 619 &
1792 585 1969 622 confilium
1983 599 2044 624 no-

1099 632 1197 668 strum
1222 633 1373 668 secretius
1393 634 1426 668 &
1448 634 1588 668 celerius
1606 633 1999 672 duximu-s'intimandum
2029 660 2068 680 ‚2

1099 683 1348 718 Fraternitatem
1361 694 1450 717 tuam
1463 695 1519 728 per
1541 683 1734 728 Apostolica
1756 684 1870 729 scripta
1883 682 2042 731 rogantes

1099 734 1299 768 attentius&
1313 744 1508 775 monentes,
1533 744 1571 768 ut
1596 733 1820 777 padi-storum
1839 737 2066 777 'Senonenfisffl

1098 784 1132 818 δε
1147 783 1434 828 ,Κοώοῐηεεεηίὶε
1459 782 1837 828 Archi-Episcoporum‚
1865 787 1899 821 δε
1923 787 2043 822 Niver-

1099 835 1207 868 nenfis
1231 833 1387 876 Episcopi
1406 832 1545 868 confilio
1564 835 1599 871 ὅ(
1623 833 1868 876 admonitioni,
1893 837 1973 873 ficut
1986 847 2040 882 per

1099 884 1181 920 alias
1192 882 1251 917 tibi
1264 882 1385 918 litteras
1402 884 1657 929 significavimus
1668 910 1679 927 ,
1706 885 1894 928 adquiescas
1906 912 1929 926 .-

1250 983 1662 1021 EPISTOLA
1762 984 1890 1021 XVlll.

1114 1130 1115 1133 Ἰ
1149 1084 1375 1123 Bartholomaeo
1399 1084 1568 1126 Exonienst'
1591 1086 1823 1123 Archi-Diacono
1845 1088 1993 1130 Joannes

1446 1136 1484 1169 de
1510 1136 1684 1170 saresberia
1698 1161 1706 1171 .

1213 1234 1337 1269 ITTO
1363 1233 1428 1269 tibi
1447 1235 1568 1272 litteras
1582 1261 1593 1276 ‚
1622 1248 1703 1280 quas
1725 1239 1877 1273 Domino
1898 1239 2043 1274 Cantus·

1239 1285 1331 1317 riensi
1347 1284 1474 1316 Nuncii
1487 1286 1535 1317 sui
1548 1287 1567 1318 a
1578 1285 1679 1319 Curia
1691 1299 1793 1329 nuper
1806 1290 1961 1322 miserunt
1976 1313 1988 1329 ‚
2001 1301 2044 1322 ex

1099 1331 1216 1373 quibus
1225 1332 1353 1365 cautior
1363 1332 1426 1366 effe
1439 1332 1558 1374 poteris
1568 1356 1579 1372 ,
1607 1343 1643 1366 ut
1668 1345 1739 1367 non
1763 1336 1859 1368 facile
1872 1331 1966 1369 omni
1982 1338 2045 1380 spi·

1099 1381 1176 1415 ritui
1187 1382 1379 1425 adquiescas
1389 1406 1396 1413 .
1425 1381 1515 1416 Nam
1526 1382 1545 1416 a
1572 1383 1757 1418 fautoribus
1768 1386 1936 1428 utriusque
1948 1387 2046 1428 partis

1101 1434 1133 1464 in
1147 1431 1283 1465 alteram
1297 1429 1585 1471 multadicuntur,
1611 1434 1645 1466 δε
1666 1433 1805 1475 quilibet
1817 1446 1928 1468 earum
1950 1437 2044 1469 inas-

1068 1518 1071 1521 ,
1101 1481 1227 1514 sensum
1239 1482 1334 1514 suum
1347 1490 1430 1521 quos
1442 1481 1565 1522 potest,
1590 1481 1624 1513 ὅ(
1647 1480 1895 1524 quibusmodis
1920 1485 2005 1518 valet
2034 1506 2065 1525 ‚-

1102 1541 1238 1565 conatur
1249 1530 1401 1564 inducere
1416 1553 1424 1561 .
1451 1531 1543 1567 Sedis
1557 1530 1757 1573 Apostolieae
1779 1531 1918 1577 gratiam
1932 1536 2045 1568 utrim.

1103 1591 1166 1623 que
1188 1590 1335 1624 quaerunt
1349 1604 1360 1619 ,
1388 1580 1422 1613 &
1444 1591 1481 1618 ut
1502 1579 1662 1619 arbitror,
1689 1583 1746 1624 qui
1758 1594 1829 1616 eam
1855 1583 1966 1618 minus
1979 1595 2048 1618 me-

1103 1641 1235 1665 ruerunt
1247 1640 1302 1664 aut
1315 1630 1447 1663 assecuti
1462 1631 1559 1669 sunt,
1584 1631 1725 1674 amplius
1745 1633 1930 1676 gloriantur
1941 1634 1972 1667 se
1988 1645 2048 1668 vo·
2073 1670 2078 1675 ,

1103 1681 1129 1713 ti
1140 1690 1310 1723 compotes
1322 1679 1500 1713 exstitisse.
1531 1680 1685 1722 Iaititant
1711 1683 1743 1714 se
1766 1681 1947 1718 haec&illa
1961 1684 2046 1719 obti-
2071 1707 2078 1724 ,-

1104 1730 1227 1763 nuisse.
1255 1729 1318 1763 Sed
1339 1728 1410 1766 ,scio
1428 1726 1516 1770 quod
1539 1729 1608 1767 eis,
1634 1729 1804 1771 praesertim
1829 1731 1863 1764 in
1877 1731 1950 1772 his,
1976 1744 2049 1776 quae

1103 1788 1218 1812 contra
1239 1779 1288 1821 jus
1310 1777 1462 1815 videntur
1483 1777 1591 1811 elicita
1607 1802 1618 1818 ‚
1648 1778 1756 1812 nullus
1775 1780 1899 1823 sapiens
1911 1780 2045 1817 habebit
2074 1810 2079 1822 2

1103 1827 1225 1868 fidem,
1252 1828 1312 1861 nisi
1338 1828 1454 1870 scripta
1475 1827 1668 1862 authentica
1689 1830 1724 1863 &
1743 1830 1920 1874 originalia
1941 1834 2048 1874 profe:
2074 1840 2080 1846 '

1103 1889 1194 1912 rant.
1224 1877 1346 1912 Unum
1375 1878 1440 1910 scio
1463 1901 1473 1916 ,
1498 1878 1532 1910 &
1550 1877 1676 1912 mundo
1699 1879 1893 1915 reclamante
1915 1881 2047 1917 indubi·
2070 1905 2076 1921 ,-

1103 1928 1253 1961 tanter&
1269 1927 1497 1966 libereaffero,
1523 1926 1598 1969 quia
1611 1928 1669 1971 qui
1695 1926 1827 1964 Christo
1849 1929 2046 1978 adhaeserit,v
2062 1955 2080 1972 .·:

1102 1978 1136 2011 in
1151 1977 1248 2009 finem
1261 1988 1328 2011 non
1342 1976 1524 2020 poenitebit-
1536 1977 1813 2013 Momentaneum
1824 1981 1868 2014 est
1881 1983 2079 2026 gaudium&

1102 2027 1301 2069 impiorum,
1327 2028 1361 2061 δε
1385 2026 1484 2063 instar
1508 2030 1640 2072 puncti,
1665 2029 1832 2074 quibusvin
1854 2030 2053 2070 brevitinea
2069 2053 2079 2071 -‚

1083 2066 1316 2154 isubsternetur
1334 2100 1345 2117 ,
1383 2079 1418 2114 &
1445 2082 1802 2123 operimentumerunt
1826 2094 1947 2118 vermes
1970 2107 1981 2124 ,
2006 2086 2082 2122 δι’-»ι

1084 2128 1217 2166 ,eleetos
1229 2129 1303 2163 suos
1313 2130 1534 2165 consolabitur
1558 2131 1753 2175 Dominus,
1778 2146 1839 2168 nec
1864 2136 2004 2179 patietur
2030 2159 2045 2174 ‚

1100 2189 1136 2213 ut
1164 2190 1221 2213 eos
1242 2179 1369 2223 affligat
1392 2178 1513 2224 duplex
1537 2182 1727 2218 tribulatio.
1755 2183 1876 2218 Pacem
1900 2185 2038 2219 universi

1100 2229 1304 2268 desiderant,
1326 2241 1386 2263 nec
1397 2231 1480 2265 alios
1489 2232 1701 2275 excipiendos
1716 2235 1787 2284 effe
1810 2235 2001 2269 crediderim
2029 2258 2043 2275 ,

100 2283 162 2314 tim
175 2304 187 2320 ‚
213 2282 268 2316 cui
280 2280 417 2314 debetur
431 2281 542 2314 omnis
552 2278 740 2314 obedientia
756 2279 791 2312 in
810 2278 949 2311 Ecclefia
961 2287 1044 2320 prae⁶
1101 2279 1253 2322 nifiquos
1267 2278 1417 2311 scelerum
1429 2281 1630 2315 conscientia
1649 2294 1780 2326 torquet
1793 2308 1806 2324 ,
1837 2286 2040 2319 convincens
2061 2292 2077 2317 ν.»

100 2331 204 2366 senti.
232 2330 276 2365 Et
295 2331 350 2375 qui
374 2329 516 2374 cogendi
542 2328 641 2364 habet
661 2329 855 2373 potestatem
875 2329 1041 2361 Dominus
1065 2339 1067 2342 ·
1100 2340 1156 2362 eos
1168 2329 1302 2371 propriae
1315 2328 1537 2362 damnationis
1550 2332 1701 2366 meruisse
1711 2334 1924 2367 sententiam.
1950 2334 2049 2369 Nam·

99 2380 212 2423 Papa,
238 2379 580 2415 nobis&Venerabili
598 2380 692 2413 fratri
720 2379 832 2412 nostro
846 2376 1038 2411 Nivernenfi
1085 2380 1134 2414 «ὅς
1162 2379 1228 2420 ipse
1266 2377 1444 2421 imperator
1479 2378 1543 2420 jam
1575 2380 1781 2424 Exaugustus
1817 2393 1964 2425 patenter
1987 2396 2043 2417 ex·
2067 2403 2068 2406 κ

101 2430 266 2474 Episcopo
285 2438 403 2463 certam
426 2430 606 2472 praescripfit
630 2430 770 2462 formam
789 2451 802 2468 ,
826 2427 918 2470 juxta
942 2437 1040 2469 quam

99 2479 338 2513 absolveremus
355 2478 587 2514 Venerabilem
600 2478 732 2512 fratrem
746 2477 891 2511 nostrum
906 2477 1040 2509 Londo-

99 2529 245 2563 niensem
268 2529 470 2571 Episcopum
492 2553 501 2562 .
536 2529 582 2562 Et
604 2528 769 2563 Mandato
791 2527 940 2561 additum
959 2526 1003 2560 est
1031 2548 1041 2563 ‚

100 2578 190 2621 quod
201 2579 223 2612 ss
237 2589 372 2620 uterque
386 2578 533 2612 nostrum
544 2577 649 2611 adeffe
660 2589 728 2611 non
743 2578 844 2620 poffet
860 2601 872 2618 ,
893 2576 973 2610 alter
991 2575 1037 2608 ni-

101 2627 283 2663 hilominus
294 2628 335 2662 ab
345 2627 562 2670 eorequifitus
572 2637 647 2660 eum
668 2625 867 2659 absolveret.
897 2626 971 2659 Nos
985 2626 1041 2659 ita·

102 2690 166 2723 que
177 2678 317 2721 requisiti
329 2677 370 2711 ab
380 2688 421 2711 eo
431 2677 484 2711 die
494 2675 625 2711 Paschae
639 2698 650 2714 ,
675 2675 767 2718 juxta
790 2675 929 2708 formam
943 2674 1042 2708 Man·

101 2729 170 2764 dati
188 2739 264 2763 eum
286 2727 483 2762 absolvimus
506 2751 517 2767 ,
551 2725 752 2760 authoritate
777 2725 920 2758 Domini
944 2725 1040 2767 Papae

103 2778 196 2813 vobis
216 2778 446 2823 injungentes,
474 2777 635 2821 quatenus
658 2774 722 2808 hoc
746 2775 789 2808 ita
814 2784 982 2818 penesvos
997 2776 1040 2808 se-

102 2839 226 2864 cretum
237 2828 424 2863 observetur
436 2852 447 2868 ,
456 2828 536 2861 ficut
547 2838 590 2860 ex
602 2826 755 2868 rescripto
771 2825 948 2858 litterarum
965 2825 1043 2858 Do-

104 2878 187 2912 mini
207 2878 319 2923 Papae‚
348 2877 438 2921 quod
462 2876 556 2911 vobis
579 2876 763 2915 mittimus,
789 2875 977 2909 discretioni
992 2886 1044 2908 ve-

105 2930 173 2962 strz
184 2927 384 2965 manifestius
395 2925 560 2972 apparebit
573 2950 580 2958 .
607 2925 727 2960 Valete
741 2949 748 2957 .

283 3025 692 3062 EPISTOLA
790 3023 866 3060 vn.

108 3128 279 3164 Alexander
293 3130 382 3169 Papa
394 3125 513 3160 Thomae
535 3125 749 3168 cantuarienfi
768 3125 1019 3169 Archi-Epifiopo
1033 3152 1039 3158 .

183 3229 245 3264 ER
263 3226 498 3263 Venerabilem
509 3227 653 3261 Fratrem
666 3227 810 3262 nostrum
820 3227 1039 3262 Senonensem

206 3276 331 3312 Archi·
346 3278 544 3321 Episcopum
567 3300 579 3317 ‚
607 3277 803 3319 Apostolicae
819 3276 909 3312 Sedis
933 3278 1040 3320 Lega-

109 3340 179 3363 tum
189 3352 200 3369 ,
225 3329 258 3363 <Sc
271 3338 324 3372 per
334 3328 412 3361 alias
425 3327 544 3360 litteras
568 3328 691 3360 nostras
703 3327 892 3362 discretioni
903 3338 967 3361 tuae
982 3337 1042 3359 nos

109 3379 299 3425 fignificaffe
321 3377 530 3412 meminimus
549 3400 559 3416 ‚
585 3377 675 3419 quod
699 3378 829 3415 illustris
854 3377 1041 3423 Anglorum

210 3427 316 3469 chrzst.
330 3431 408 3471 Lupi
419 3431 515 3470 Opera
528 3429 606 3460 Tom.
614 3429 654 3460 X.

1085 2415 1208 2476 {pertus
1236 2425 1280 2461 est
1299 2452 1310 2468 ,
1350 2429 1381 2462 se
1405 2428 1440 2462 in
1471 2429 1687 2471 Augustalem
1723 2441 1791 2464 non
1818 2434 1907 2472 posse
1934 2433 2039 2466 redire
2070 2451 2074 2469 ς

1102 2478 1299 2522 dignitatem
1336 2502 1348 2518 ‚
1383 2477 1443 2511 nisi
1469 2488 1580 2520 pacem
1608 2488 1683 2511 cum
1711 2478 1855 2514 Ecclesia
1882 2482 1997 2516 fecerit
2023 2506 2036 2522 ,

1104 2540 1163 2562 nec
1188 2529 1342 2562 detrectat
1366 2529 1430 2569 jam
1458 2527 1708 2561 conditionibus
1733 2530 1834 2573 aequis
1858 2529 2039 2565 foedusini-

1103 2590 1134 2612 re
1160 2589 1236 2612 cum
1263 2578 1370 2616 Italis,
1396 2576 1557 2618 accitique
1586 2577 1748 2612 Consules
1774 2580 1949 2615 civitatum
1961 2593 2037 2616 cum

1105 2627 1245 2662 Nunciis
1254 2629 1323 2670 ejus
1332 2649 1343 2664 ‚
1370 2626 1520 2659 ineunda:
1531 2627 1620 2669 pacis
1636 2629 1670 2660 in
1682 2628 1783 2662 Curia
1794 2629 1914 2665 librant
1928 2632 1963 2665 ὅ(
1973 2633 2039 2666 for-

1105 2688 1195 2712 mant
1210 2676 1425 2716 articulos‚p&
1439 2675 1592 2710 valituras
1606 2677 1816 2720 imposterum
1828 2691 2037 2724 componunt

1069 2758 1072 2761 .
1104 2729 1272 2763 cautiones
1285 2749 1293 2758 .
1322 2726 1432 2769 Hujus
1450 2727 1499 2761 rei
1519 2727 1651 2760 exitum·
1671 2730 1905 2770 praestolabitur
1920 2732 2038 2765 Domi-

1104 2790 1165 2813 nus
1176 2775 1368 2811 Senonenlis
1381 2800 1392 2816 ,
1405 2777 1462 2819 qui
1475 2787 1584 2811 tamen
1596 2776 1783 2813 Paschalem
1796 2780 2035 2815 solemnitatem

1104 2828 1207 2862 Domi
1220 2827 1278 2860 suae
1288 2826 1473 2861 creditur&
1486 2827 1625 2870 speratur
1648 2830 1793 2863 asturus.
1818 2831 2036 2866 Revertentur

1102 2888 1178 2912 cum
1190 2888 1229 2911 eo
1242 2901 1253 2915 ,
1280 2877 1346 2910 vita
1366 2877 1490 2911 comite
1506 2901 1519 2917 ‚
1536 2878 1776 2913 Cantuariensis
1798 2880 1947 2915 Ecclefiae
1958 2881 2036 2915 Pro-

1103 2938 1289 2967 curatoreS,
1315 2927 1371 2969 qui
1395 2927 1547 2961 Domino
1571 2928 1629 2962 suo
1653 2929 1841 2972 scripserunt
1863 2932 2036 2974 petitiones
2060 2961 2063 2965 ,

1103 2980 1172 3011 suas
1185 2976 1357 3019 benignius
1371 2999 1381 3015 ‚
1407 2978 1504 3020 quam
1517 2978 1736 3020 speraverant,
1760 2981 1944 3021 exauditas,
1956 2978 2033 3014 licet

1102 3028 1142 3061 de
1155 3025 1218 3061 fide
1232 3027 1265 3059 <Sc
1277 3026 1461 3071 constantia
1482 3027 1622 3061 Domini
1639 3027 1732 3071 Papae
1744 3031 1838 3064 antea
1850 3030 2033 3064 viderentur

1100 3078 1163 3112 effe
1186 3076 1378 3112 certiffimi·.
1417 3077 1633 3119 Prevenerant
1655 3089 1711 3112 eos
1738 3079 1864 3114 Nuncii
1889 3080 2032 3115 Domini

1102 3127 1206 3171 Regis
1218 3152 1228 3167 ‚
1254 3126 1459 3171 Reginaldus
1470 3125 1759 3162 Archi-Diaconus
1769 3129 2031 3167 Saresberienfis‚

1101 3178 1253 3221 magister
1280 3176 1463 3213 Ricmrdus
1500 3176 1626 3218 Barre,
1654 3177 1691 3212 ἀ
1717 3179 1910 3222 Radulphus
1947 3178 2034 3214 Lan·

1101 3226 1243 3261 davenfis
1266 3227 1596 3262 Archi-Diaconus:
1625 3227 1678 3261 sed
1701 3230 1791 3263 nulla
1808 3227 1962 3262 instantia
1974 3237 2031 3270 po·

1103 3286 1231 3312 ruerunt
1258 3277 1382 3310 efficere
1410 3299 1422 3315 ,
1458 3284 1495 3311 ut
1517 3287 1574 3311 eos
1598 3278 1655 3311 nisi
1677 3280 1828 3312 confusos
1852 3277 2031 3316 dimitteret

1104 3322 1270 3361 Dominus
1296 3326 1382 3368 Papa
1405 3350 1417 3365 ‚
1453 3327 1628 3370 antequam
1654 3328 1745 3362 suum
1762 3326 1921 3372 ‘reciperet
1952 3326 2032 3360 Gra-

1105 3378 1242 3413 tianum.
1254 3375 1293 3410 In
1304 3375 1394 3419 cujus
1407 3374 1548 3412 adventu
1559 3387 1682 3412 cornua
1691 3386 1804 3411 eorum
1814 3377 1946 3420 repressa
1958 3377 2033 3410 sunt

1501 3426 1529 3458 E
1560 3437 1578 3459 e
1627 3434 1648 3469 3
1847 3427 1989 3461 &tetru-
