2358 3776
352 114 377 160 3
392 111 454 162 54

296 183 396 229 ipsam
409 186 624 225 nobistecum
646 184 681 218 δε
699 195 776 218 cum
794 182 982 228 Anglicana
1008 181 1149 214 Ecclesia
1166 190 1231 213 non

291 237 460 271 credamus
470 236 533 269 esse
544 243 770 280 communem,
802 245 858 268 aut
869 232 957 277 quod
970 231 1030 265 tibi
1051 230 1155 265 deesse
1168 230 1233 264 ulla

294 288 423 322 ratione
448 285 603 326 velimus,
631 286 684 319 sed
708 286 783 329 quia
809 283 964 327 patientia
988 280 1149 314 utendum
1170 280 1232 314 effe

289 335 513 376 credidimus,
539 336 619 370 utin
631 336 719 370 bono
733 334 854 368 malum
878 333 1024 373 superare
1046 330 1205 374 possemus
1226 355 1233 362 .

291 386 486 422 Evincimus
496 387 617 428 etiam,
645 385 715 419 nesi
731 382 832 425 major
850 380 977 415 scissura
1002 379 1093 414 fieret
1112 380 1147 414 in
1173 381 1230 414 Ec-

252 438 256 444 '
288 437 405 478 elesia,
432 436 545 471 ndstra:
566 436 664 479 posset
695 432 822 466 duritiae
845 429 993 474 deputari
1017 454 1023 461 .
1052 429 1152 464 Nunc
1173 441 1230 464 au-

288 497 356 521 tern
377 488 451 531 quia
474 487 649 520 turbatores
671 483 755 525 pacis
783 479 991 516 &libertatis
1005 480 1232 514 Ecclesiasticae

290 538 503 581 depressores,
530 534 570 567 ad
591 532 784 578 corrigenda
806 531 891 566 mala
916 530 1071 574 praeterita
1087 530 1176 563 nulla
1189 532 1229 563 vi—

289 587 405 621 dentur
417 585 673 627 compunctione
687 584 834 622 moveri,
862 582 964 616 immo
977 579 1142 615 trahentes
1154 590 1230 623 pec-

287 646 357 671 cata
379 636 456 669 ficut
481 635 596 668 restem
612 634 747 678 longam
771 657 782 673 ,
809 635 875 666 tam
904 630 936 664 in
950 641 1123 674 gravamen
1137 640 1229 664 tuum

286 685 428 728 quamin
442 684 675 727 depreffionem
690 682 930 720 Cantuarienfis
954 680 1102 714 Ecclefiae
1127 681 1231 724 magis

285 737 319 771 &
330 736 435 779 magis
443 734 619 770 exaestuant
629 736 662 769 ἀ
674 744 806 769 ornnem
819 732 883 766 fere
897 730 989 765 vobis
1016 731 1103 774 spem
1117 730 1225 764 viden-

285 796 338 819 tur
350 786 545 830 poenitentrae
558 783 753 828 praecidisse,
781 794 840 817 nos
869 782 902 815 in
925 781 1069 817 Fratrem
1082 780 1229 814 nostrum

284 835 467 880 Rogerium
485 834 719 873 Eboracensem
734 832 1049 876 Archi-Episcopum
1068 854 1079 871 ,
1106 831 1138 863 ἃ
1159 830 1230 863 reli-

284 896 367 930 quos
382 886 581 928 Episcopos,
609 887 664 926 qui
689 885 906 927 juramentum
931 880 1228 916 conservandisini-

283 936 358 978 quis
381 935 687 973 Consuetudinibus
708 934 941 978 praestirerunt,
967 933 1001 967 dc
1031 941 1127 965 tantae
1157 932 1229 963 sunt

283 986 416 1020 malitioe
442 988 624 1020 incentores
645 1010 655 1026 ‚
683 985 877 1019 sententiam
906 983 1114 1018 Canonicatn
1140 979 1229 1024 jacu—

283 1036 389 1070 lamur
409 1061 420 1077 ,
456 1037 490 1069 ἃ
517 1036 558 1070 ab
585 1036 767 1081 Episcopali
797 1045 854 1068 eos
879 1033 1102 1078 suspendimus
1123 1031 1228 1076 digni—

284 1093 352 1120 tate
381 1111 388 1119 .
426 1085 696 1124 Saresberiensem
735 1094 843 1119 autem
882 1084 915 1118 δε
957 1081 1227 1119 Londoniensem

280 1136 484 1181 Episcopos,
512 1137 568 1180 qui
597 1135 727 1180 majoris
756 1135 949 1171 videbantur
975 1133 1083 1181 gratia:
1108 1130 1228 1167 debito-

278 1197 327 1221 res
354 1187 387 1221 &
417 1198 474 1230 pro
503 1186 608 1231 gratia
635 1187 789 1222 dicuntur
815 1184 1087 1230 ingratitudinem
1116 1193 1225 1225 repen-

280 1235 362 1269 diffe
379 1260 390 1276 ,
416 1237 437 1269 si
450 1238 641 1271 coronando
654 1248 744 1270 novo
757 1235 843 1280 Regi
858 1245 970 1270 contra
985 1230 1228 1267 Cantuarienfis

279 1285 428 1320 Ecclefiae
440 1287 636 1333 dignitatem
653 1285 850 1329 praesenriam
863 1285 950 1319 suam
971 1284 1002 1317 &
1014 1281 1226 1317 ministerium

277 1336 499 1379 lambuerunt,
527 1336 560 1369 in
587 1337 779 1370 sententiam
819 1332 1055 1372 anathematis,
1081 1331 1122 1365 de
1161 1342 1223 1372 qua

279 1386 378 1420 soluti
402 1387 555 1425 fuerant,
582 1394 790 1421 revocamus.
818 1383 900 1417 Sane
920 1382 1110 1417 Roffensem
1136 1381 1224 1424 Epis-

278 1433 423 1478 copum,
452 1435 623 1468 Vicarium
646 1444 759 1470 tuum,
783 1433 838 1474 qui
866 1443 922 1474 pro
945 1442 999 1464 tua
1028 1432 1062 1465 ὃς
1079 1430 1226 1463 Ecclefiae

277 1483 470 1526 tuaejuflitia
481 1480 684 1519 constantius
695 1481 848 1515 debuerat
869 1479 1055 1518 decertare,
1080 1488 1141 1511 nec
1157 1489 1225 1512 non

277 1533 510 1569 &Gaufredus
524 1532 622 1566 Ridel
646 1530 889 1566 cantuariensis
911 1527 1014 1563 Archi
1030 1527 1224 1562 -Diaconus

279 1585 334 1629 qui
359 1583 439 1617 ficut
463 1583 602 1622 dicitur,
633 1582 665 1614 in
691 1582 833 1615 Matrem
858 1581 944 1614 suam
960 1577 1090 1623 gravius
1113 1576 1223 1611 debac-

277 1634 413 1674 chatur,
440 1630 915 1668 &excommunicationisate
939 1630 1038 1664 latam
1064 1629 1097 1662 in
1123 1628 1225 1672 ipsum

278 1685 479 1720 sententiam
507 1683 626 1727 spernit
647 1706 658 1721 ,
682 1691 778 1724 quam
806 1692 866 1713 nos
894 1690 995 1715 ratam
1033 1678 1191 1713 habemus
1217 1700 1227 1718 ,

280 1736 313 1771 ἀ
334 1734 534 1769 authoritate
563 1731 754 1775 Apostolica
775 1730 1027 1767 confirmamus,
1054 1727 1224 1763 Vicarium

280 1795 414 1830 quoque
435 1783 501 1825 ejus
524 1782 728 1822 Robertum‚
755 1779 788 1814 ἀ
812 1780 845 1814 G
865 1804 890 1812 ..
905 1804 913 1811 .
929 1803 953 1810 ..
982 1779 1180 1822 Episcopum
1194 1778 1223 1810 S.

281 1833 416 1877 Marah,
446 1832 597 1865 Mandati
619 1831 720 1865 nostri
739 1839 1025 1873 contemptorem,
1051 1827 1086 1860 &
1113 1826 1222 1860 David

279 1883 431 1919 Ecclefiae
441 1880 582 1924 eiusdem
607 1879 731 1914 Archi·
745 1880 934 1915 Diaconum
949 1903 960 1919 ‚
987 1876 1178 1912 authoritati
1191 1877 1224 1910 &

282 1934 432 1978 potestati
446 1943 507 1967 tuae
517 1931 729 1976 relinquimus
752 1954 762 1970 ‚
784 1939 818 1964 ut
831 1929 899 1963 tufi
913 1927 1027 1962 durius
1051 1927 1176 1969 aliquid
1189 1926 1223 1959 in

281 1996 339 2019 eos
364 1985 459 2029 suerit
484 1982 714 2021 statuendum,
740 1980 782 2015 de
805 1977 961 2023 potestate
976 1976 1037 2011 tibi
1050 1974 1166 2010 tradita
1179 1986 1222 2009 re-

280 2044 376 2071 moto
396 2031 626 2078 appellationis
646 2030 816 2066 obstaculo
837 2026 1027 2070 exequaris.
1057 2025 1132 2060 Nos
1151 2022 1225 2059 vero

281 2085 372 2129 quod
385 2085 424 2118 de
436 2095 528 2126 poeua
541 2083 673 2117 illorum
687 2082 748 2115 ate
771 2079 933 2115 canonice
954 2079 1070 2112 factum
1092 2076 1190 2110 fuerit:
1214 2096 1227 2114 ,

284 2133 422 2170 authore
430 2134 582 2168 Domino
596 2157 607 2173 ‚
633 2141 737 2166 ratum
749 2133 781 2166 ὅ(
796 2131 925 2163 firmum
941 2125 1134 2163 habebimus
1148 2149 1155 2157 .
1183 2124 1226 2159 Et

282 2184 351 2220 haec
372 2185 412 2219 ad
437 2185 568 2228 praesens
594 2184 747 2218 videntur
771 2182 858 2225 posse
877 2178 1019 2215 sufficere
1034 2202 1041 2209 .
1069 2177 1103 2212 Si
1115 2185 1226 2211 autern

282 2244 407 2269 tantam
428 2235 512 2268 male
531 2235 701 2279 agentium
726 2232 904 2265 viderimus
927 2227 1164 2273 pertinaciam,
1189 2234 1225 2259 ut

282 2296 343 2319 nec
361 2284 418 2319 sub
436 2283 496 2318 hac
517 2295 613 2327 poena
636 2293 831 2317 moveantur
843 2279 885 2313 ad
907 2276 1154 2320 poenitentiam,
1179 2274 1225 2306 as-

284 2335 448 2368 sumemus
470 2332 576 2366 adhue
598 2343 712 2365 contra
734 2342 814 2368 eos,
841 2325 978 2361 authore
991 2324 1165 2363 Domino,
1191 2323 1224 2356 fi-

283 2382 337 2417 dei
360 2393 577 2421 armaturam,
603 2382 637 2415 δε
658 2378 886 2414 pontificalem
911 2377 1017 2410 zelum
1039 2385 1097 2417 pro
1107 2373 1252 2445 Domui·

284 2434 450 2471 Domini,
477 2438 635 2475 quantum
649 2427 798 2472 expedire
811 2425 988 2460 videbimus
1004 2449 1014 2465 ,
1041 2434 1206 2458 exeremus
1217 2447 1226 2455 .

285 2484 339 2518 De
352 2494 468 2518 caetero
477 2479 554 2524 quia
567 2479 743 2513 Salomone
755 2477 893 2510 docente
905 2475 1094 2508 instruimur
1104 2499 1115 2514 ‚
1140 2483 1177 2507 ut
1191 2474 1226 2506 in

288 2536 380 2568 omni
403 2544 442 2569 rer
457 2538 738 2574 opportunitatem
760 2525 917 2569 temporis
939 2524 1142 2559 attendamus
1156 2547 1166 2563 ,
1192 2524 1225 2557 ὃς

287 2583 443 2618 inimicos
468 2580 612 2616 Ecclesiae
632 2604 641 2618 ‚
678 2579 734 2621 qui
760 2578 859 2611 etiarn
886 2575 1006 2620 Regno
1027 2575 1225 2608 Francorum

289 2634 363 2672 sunt
387 2635 419 2666 in
441 2631 587 2670 insidiis,
611 2627 886 2666 Matisconensem
908 2624 1084 2660 Civitatem
1102 2624 1225 2658 audivi·

290 2682 537 2718 musinvasisse,
563 2678 674 2712 nostrae
686 2676 862 2710 voluntatis
873 2678 935 2709 efle
958 2674 1086 2709 noveris
1098 2674 1131 2709 &
1150 2684 1226 2708 oon-

291 2733 378 2772 filii,
406 2743 438 2764 ut
453 2733 543 2773 super
562 2727 614 2763 his
624 2726 795 2761 charissimi
808 2729 840 2760 in
859 2725 994 2759 Christo
1005 2725 1066 2759 filii
1080 2723 1178 2759 nostri
1191 2723 1226 2756 il-

294 2783 398 2817 lustris
409 2783 609 2816 Francorum
625 2777 722 2821 Regis
732 2777 904 2811 confilium
928 2777 1097 2820 exquiras,
1133 2774 1167 2809 ec
1187 2773 1228 2807 ad

294 2832 603 2866 mittendaslitteras
625 2827 745 2861 nostras
757 2827 797 2860 de
820 2827 913 2870 ipfius
934 2827 1103 2860 voluntate
1122 2834 1228 2868 proce·

294 2882 351 2916 das
361 2907 370 2922 ‚
398 2893 439 2914 ne
451 2882 471 2914 st
482 2879 566 2914 forte
577 2905 587 2921 ‚
598 2879 686 2923 quod
701 2878 788 2911 Deus
799 2886 934 2918 avertar,
944 2876 1051 2920 aliqua
1063 2877 1095 2909 in
1112 2875 1231 2919 Regno

296 2933 354 2966 suo
365 2931 463 2965 fixerit
477 2931 604 2964 suborta
616 2929 759 2963 turbatio
772 2953 783 2969 ‚
808 2927 937 2972 gravior
956 2935 1010 2960 tua
1033 2927 1066 2960 δι
1084 2924 1232 2960 Ecclefiae

297 2984 391 3015 causa
405 2992 445 3014 ex
459 2980 567 3025 Regni
580 2978 765 3013 turbatione
789 2976 956 3017 reddatur,
984 2987 1039 3010 aut
1064 2976 1085 3009 fi
1099 2986 1160 3019 pax
1171 2972 1231 3009 tibi

298 3032 331 3065 δε
358 3031 501 3065 Ecclesiae
522 3030 643 3064 reddita
659 3029 755 3063 fuerit
777 3039 848 3062 eam
862 3038 919 3070 pro
932 3025 1088 3060 faeloisto
1101 3026 1231 3059 duceres

300 3081 559 3127 perturbandam.
574 3080 698 3114 Datum
709 3076 842 3114 Verulis
849 3075 964 3122 quarto
975 3077 1047 3111 idus
1055 3074 1233 3121 Septembr.

450 3177 852 3215 EPISTOLA
951 3175 1077 3212 LXVI.

305 3232 474 3267 Alexander
482 3233 569 3273 Papa
583 3228 793 3269 Londonienfi‚
819 3225 1026 3268 saresberienfi
1035 3250 1044 3266 ,
1057 3224 1238 3267 Exonienfi,

450 3276 615 3322 ίῖιζλὶῑητηῇ,Ὶ
634 3277 781 3319 Rrffenfi,
807 3279 843 3310 de
865 3280 892 3310 5.
907 3274 1006 3319 Asapb
1019 3300 1029 3316 ,
1054 3277 1089 3310 ὁ*

575 3326 770 3369 Landavenfi
785 3325 940 3370 Episcopis
958 3352 968 3359 .

400 3378 713 3416 PORTUERAT
736 3387 795 3411 vos
814 3400 823 3415 ,
851 3376 983 3419 quando
1002 3375 1139 3419 primum
1166 3373 1237 3408 cha-

427 3433 561 3466 riffimus
579 3431 663 3464 filius
682 3427 790 3463 noster
802 3425 966 3461 Henricus
977 3426 1051 3461 Rex
1063 3426 1159 3461 vester
1182 3425 1239 3460 sub

964 85 1512 142 E1³1STOLAE

1298 179 1411 226 Regiae
1421 180 1596 227 dignitatis
1608 180 1639 215 ὅ(
1651 180 1819 217 fidelitatis
1829 182 2024 220 obtentum
2041 187 2135 222 vobis
2155 200 2236 225 coa·

1298 231 1406 266 stituta
1431 233 1598 276 proposuit
1629 256 1639 272 ,
1687 232 1722 265 δε
1748 233 1870 278 scripto
1892 235 1984 278 petiit
2001 236 2034 269 δε
2055 237 2235 278 '’ut-amento

1298 281 1437 324 firmari,
1464 293 1531 326 quae
1541 281 1668 326 liquido
1691 281 1767 316 satis
1788 283 1822 317 ὅ(
1846 277 2028 319 libertatem
2052 286 2234 324 Ecclesiae&

1297 331 1509 367 sacerdotalis
1530 333 1631 365 officii
1652 331 1811 374 judicium
1833 334 2055 378 deprimebant
2078 358 2088 374 ‚
2112 339 2233 383 erigere

1296 382 1409 415 oculos
1435 383 1555 416 vestros
1578 383 1619 416 ad
1646 383 1775 416 Coelum
1789 406 1800 423 ‚
1823 384 2039 418 &ascendere
2050 396 2107 428 pro
2120 386 2235 425 Domo

1297 431 1435 466 Domini
1449 445 1488 466 ex
1501 433 1634 467 adverso
1646 457 1655 471 ‚
1686 443 1720 465 ut
1734 445 1802 467 non
1827 436 1928 478 posset
1945 437 1978 469 in
1989 436 2093 469 oculis
2105 436 2235 478 vestris,¹

1295 482 1479 520 tacentibus
1491 482 1581 517 vobis
1595 508 1606 523 ‚
1634 483 1863 519 Ecclefiastica
1873 485 2017 530 dignitas
2028 487 2212 530 naufragari
2225 505 2237 521 a

1298 531 1337 564 Et
1350 532 1502 572 quidem,
1527 534 1549 567 si
1573 533 1658 567 ullus
1684 543 1739 570 vos
1761 545 1819 578 pro
1836 535 1990 570 Pastorali
2002 546 2077 569 cura
2090 537 2178 570 zelus
2189 548 2238 571 re⁴

1294 581 1463 616 {titudinis
1485 585 1659 624 tenuisset,
1682 586 1916 629 cognovissetis
1943 597 1999 620 vos
2019 588 2235 631 supergentes

1295 633 1492 666 constitutos
1515 635 1549 668 δε
1576 634 1719 678 Regna,
1748 645 1783 668 ut
1810 637 1843 668 in
1870 636 2044 679 majoribus
2071 637 2106 670 &
2132 638 2236 671 mino*

1296 682 1383 714 ribus
1408 682 1542 717 evellere
1570 685 1729 727 plantaria
1757 685 1940 726 vitiorum,
1965 687 1998 721 &
2025 696 2157 732 germen
2181 685 2237 721 dei

1295 732 1441 765 leetabile
1465 734 1617 768 Domino
1644 735 1781 768 inserere
1816 735 1960 771 debeatis
1997 762 2005 770 .
2042 736 2143 771 Nunc
2181 747 2238 771 au·

1294 791 1358 814 tem
1386 783 1462 826 quia
1491 784 1561 826 plus
1586 785 1620 818 in
1649 785 1745 818 vobis
1771 787 1888 820 terreni
1919 786 2236 830 Principisrevereu-

1295 833 1339 864 tia
1362 855 1373 870 ‚
1417 834 1514 873 quam
1542 835 1642 868 timor
1667 834 1807 869 Domini
1835 836 1869 870 ἀ
1897 836 2097 880 Episcopalis
2124 836 2236 872 honor

1295 882 1394 915 valuit
1407 882 1577 927 dignitatis
1590 908 1601 924 ‚
1627 895 1685 928 pro
1700 885 1754 917 vili
1776 885 1871 919 lentis
1894 887 2003 921 edulio
2017 913 2028 928 ‚
2054 887 2142 932 quod
2156 897 2235 921 mm*

1295 941 1397 967 rentes
1422 934 1565 968 dicimus
1587 958 1598 974 ,
1624 935 1858 978 contempsistis
1895 938 2115 981 primogenita
2153 947 2237 972 cum·

1296 981 1398 1023 Esau,
1427 983 1460 1017 &
1487 984 1677 1027 implevistis
1704 984 1738 1016 in
1765 983 1857 1017 vobis
1880 1003 1891 1024 ‚
1917 987 2005 1029 quod
2033 988 2068 1021 in
2097 987 2233 1030 Populo

1295 1031 1478 1076 Judaeorurn
1501 1032 1687 1067 Hieremias
1713 1034 1907 1068 lamentatur
1929 1036 2064 1069 dicens:
2087 1035 2234 1078 sederunt

1293 1089 1439 1123 interra,
1465 1089 1668 1116 conticuerunt
1681 1085 1772 1116 senes
1788 1107 1799 1124 ‚
1824 1082 2046 1127 consperserunt
2070 1091 2167 1118 cinere
2186 1095 2236 1120 m·

1289 1142 1357 1174 prta
1372 1132 1431 1176 sua
1452 1135 1589 1177 Virgines
1612 1135 1702 1166 Fellae
1719 1135 1829 1179 Juda.
1857 1133 1938 1168 Saue
1961 1135 1982 1168 si
2006 1133 2237 1172 terroribus-'a

1293 1183 1392 1216 minis
1413 1183 1560 1217 exterriti
1580 1182 1620 1217 ad
1646 1184 1890 1227 recipiendas&
1912 1185 2095 1227 juramento
2105 1184 2239 1219 firman*

1291 1232 1347 1267 das
1366 1234 1495 1276 iniquas
1519 1234 1589 1268 illas
1613 1234 1880 1269 eonsuetudines
1906 1234 2118 1278 proceffistis‚·
2144 1234 2238 1270 nun-³

1291 1282 1370 1326 quid
1383 1294 1449 1316 non
1465 1285 1616 1317 decuerat
1641 1294 1700 1317 vos
1722 1284 1792 1326 post
1809 1284 1892 1318 tanti
1917 1284 2075 1328 temporis
2095 1286 2237 1330 spatium

1291 1333 1526 1367 Sacerdotalem
1538 1333 1696 1366 resumere
1707 1333 1892 1368 firmitatem
1906 1358 1916 1373 ‚
1943 1336 1977 1368 ὅ(
1991 1344 2106 1369 contra
2129 1342 2238 1370 tantas

1289 1384 1500 1416 enormitates
1510 1393 1585 1416 cum
1600 1383 1759 1425 praetetitae
1783 1381 2040 1427 transgressionis
2061 1383 2239 1428 poenitudl·

1292 1443 1332 1465 ne
1344 1431 1593 1465 sacerdotaliter
1605 1432 1806 1464 reclamare?
1833 1432 1996 1466 Caeterum
2021 1443 2080 1467 vos
2102 1434 2237 1469 detessa⁴

1290 1480 1348 1514 bili
1370 1482 1455 1513 facto
1481 1480 1692 1522 pertinaciam
1716 1479 1933 1524 adjungentes
1950 1505 1961 1521 ,
1986 1481 2020 1515 ὰ
2046 1482 2081 1515 in
2103 1479 2237 1518 iliarum

1290 1529 1534 1572 usurpationum
1556 1527 1762 1566 observantia
1782 1531 2000 1573 permanetis,
2025 1531 2059 1565 ἀ
2081 1531 2240 1566 ἰιιὶηάθ

1290 1579 1479 1623 pressionem
1496 1579 1643 1614 Ecclefiae
1658 1580 1779 1623 praefati
1793 1579 1896 1625 Regis
1916 1588 2031 1615 votum
2046 1580 2133 1625 sequi
2144 1581 2238 1616 videa

1290 1629 1398 1671 mini,
1424 1640 1460 1664 ut
1482 1629 1569 1672 quasi
1589 1630 1771 1674 proscriptae
1794 1630 1860 1672 jam
1881 1630 1923 1665 de
1940 1630 2238 1675 Regnovestroex

1289 1691 1410 1724 magna
1434 1689 1524 1723 parte
1546 1680 1633 1725 leges
1655 1679 1882 1714 Ecclefiasticae
1897 1680 2084 1715 videantur.
2114 1681 2156 1714 Et
2173 1678 2238 1716 noh

1289 1731 1420 1773 quidem
1433 1731 1533 1774 usque
1547 1730 1649 1765 modo
1665 1731 1947 1774 exspestavimus,
1980 1727 2018 1764 ut
2039 1727 2239 1766 corbine?

1289 1781 1357 1823 pis,
1389 1791 1443 1814 aut
1466 1791 1519 1822 per
1540 1782 1689 1814 officium
1711 1781 1849 1814 vestrum
1863 1805 1873 1821 ,
1901 1787 1966 1819 aur·
1979 1791 2034 1823 per
2051 1781 2238 1824 inspiratio*

1290 1840 1364 1862 nem
1377 1830 1464 1862 suam
1479 1829 1605 1862 Divina
1619 1830 1724 1873 gratia
1738 1830 1872 1863 visitaret
1885 1852 1896 1869 ,
1921 1831 1952 1863 ἀ
1967 1831 2109 1873 supernae
2119 1829 2236 1876 gloria

1289 1879 1390 1922 magis
1402 1877 1499 1920 quam
1515 1879 1576 1912 suae
1592 1880 1709 1913 faceret
1722 1889 1904 1914 amatorem
1917 1904 1925 1912 .
1946 1878 2034 1914 Nam
2047 1880 2080 1914 δε
2094 1878 2158 1914 hoe
2171 1881 2237 1923 ple⁶

1289 1938 1425 1969 rumque
1450 1928 1635 1972 suggestum
1658 1930 1764 1963 fuerat
1790 1952 1802 1969 ‚
1826 1930 1861 1963 ἃ,
1883 1930 2028 1974 optabile
2051 1927 2236 1966 admodum

1289 1987 1346 2020 pro
1359 1975 1517 2020 qualitate
1527 1978 1681 2021 temporis
1691 1977 1885 2019 videbatur,
1912 1989 1948 2013 ut
1958 1981 2113 2025 asperitas
2132 1981 2168 2014 in
2180 1987 2238 2023 pa*

1288 2028 1405 2060 tientia
1444 2027 1552 2070 potrus
1586 2028 1620 2061 ἀ
1657 2027 1906 2063 mansuetudine
1945 2026 2098 2064 leniretur
2123 2054 2131 2063 .
2158 2030 2236 2064 N&

1289 2076 1336 2111 bis
1366 2086 1473 2110 autem
1507 2078 1738 2120 praeteritorum
1761 2080 1992 2113 concitionem
2014 2079 2047 2113 δε
2071 2078 2234 2122 poeniteas

1289 2129 1368 2162 tiam
1386 2127 1643 2171 exspectantibus
1656 2152 1666 2168 ,
1694 2128 1777 2162 nihil
1790 2129 1854 2171 ipse
1865 2129 1906 2162 de
1928 2125 2068 2172 pristina
2082 2129 2234 2164 severita-

1288 2188 1321 2211 te
1344 2178 1507 2218 mutavit,
1537 2178 1590 2211 sed
1614 2178 1648 2211 in
1671 2177 1976 2225 Consuetudinibus
2000 2178 2067 2211 illis
2087 2179 2234 2222 antiquie

1289 2227 1503 2261 immobiliter
1527 2228 1704 2271 perseverat
1719 2253 1727 2261 .
1763 2229 1902 2276 Qanto
1922 2238 2032 2262 autem
2057 2226 2123 2271 jam
2155 2227 2234 2263 sani

1287 2287 1433 2320 tempore
1445 2277 1649 2312 Venerabilis
1662 2278 1773 2313 Frater
1786 2278 1895 2312 noster
1915 2277 2068 2312 Thomas
2088 2274 2236 2314 Cantus·

1287 2328 1394 2359 rienfis
1410 2326 1708 2371 Archi-Episcopus
1724 2329 1846 2368 vester,
1871 2330 1946 2372 quia
1967 2327 2235 2373 usurpationiffl

1287 2377 1352 2410 illis
1374 2400 1384 2415 ‚
1413 2376 1490 2410 licet
1515 2378 1601 2422 prius
1621 2378 1726 2412 carnis
1747 2379 1938 2413 infirmitate
1958 2379 2007 2412 eis
2029 2379 2112 2412 vitiis
2134 2379 2236 2417 ffl'erit

1285 2425 1472 2460 consentire
1492 2449 1504 2466 ‚
1539 2427 1644 2460 voluit
1665 2428 1798 2461 obviare
1814 2453 1823 2466 ‚
1852 2428 1870 2461 ὲ
1893 2428 2062 2462 commissa
2085 2423 2144 2461 fibi
2170 2429 2235 2464 Ee·

1287 2475 1378 2510 clefia
1391 2486 1467 2509 cum
1481 2475 1618 2509 Clericis
1632 2477 1695 2511 suis
1709 2499 1719 2515 ‚
1745 2477 1780 2510 &
1793 2475 1943 2511 affinibus
1961 2476 2109 2510 exulavit
2120 2500 2130 2517 ‚
2154 2477 2235 2512 No.

1288 2526 1336 2561 bis
1357 2525 1456 2559 etiam
1479 2525 1662 2560 tacentibus
1685 2526 1922 2570 recognoscitis
1945 2550 1957 2566 ,
1982 2526 2015 2559 dc
2039 2526 2167 2560 utinam
2185 2536 2234 2563 eo

1285 2576 1558 2619 compateremini
1568 2573 1737 2610 charitatis
1751 2574 1866 2609 affeetu
1880 2599 1890 2615 ‚
1916 2576 2030 2619 quoin
2042 2572 2099 2609 tali
2110 2575 2140 2608 e‘i
2153 2579 2235 2622 cata-

1286 2628 1316 2661 sa
1336 2626 1479 2669 compati
1500 2634 1670 2668 oporteret
1698 2647 1706 2657 .
1741 2623 1813 2658 Vos
1843 2632 1952 2660 autem
1975 2632 2043 2658 non
2065 2624 2171 2660 solum
2191 2623 2230 2663 ei

1286 2678 1478 2712 Fraternum
1501 2674 1701 2709 subtraxistis
1720 2675 1881 2710 auxilium
1904 2701 1914 2716 ,
1942 2675 1994 2709 sed
2015 2674 2108 2718 stipet-
2127 2674 2233 2721 delo-'-

1288 2737 1353 2761 rem
1373 2726 1544 2759 vulnerum
1567 2724 1662 2769 ipsius
1684 2724 1870 2758 addidistis.
1902 2726 1987 2759 Cum
1999 2724 2087 2758 euim
2109 2723 2236 2767 jaindr-

1288 2779 1355 2811 stus
1368 2776 1443 2810 Rex
1468 2775 1575 2809 filium
1600 2776 1691 2808 suurn
1717 2778 1817 2819 nuper
1836 2775 1985 2810 coronari
2007 2774 2233 2815 voluerit,‘&

1288 2826 1354 2861 hoc
1376 2827 1416 2859 de
1439 2826 1578 2868 antiquo
1612 2824 1680 2869 jure
1714 2826 1754 2859 ad
1783 2824 2051 2860 Cantuarieusem
2076 2825 2231 2860 asi’eratue

1292 2876 1615 2919 Archi-Episcopum
1639 2874 1816 2919 pertinere,
1842 2884 1899 2909 vos
1921 2872 1985 2916 jam
2009 2873 2087 2920 dicti
2108 2872 2232 2910 Fratris

1291 2926 1391 2961 nostri
1402 2925 1599 2960 authoritate
1610 2925 1643 2960 δε
1653 2925 1827 2958 reverentia
1850 2934 1948 2968 quam
1960 2923 2018 2957 sibi
2030 2924 2064 2958 ἀ
2077 2924 2230 2960 Ecclesia

1292 2980 1354 3012 suat
1364 2976 1488 3010 debetis
1502 2999 1512 3015 ,
1539 2974 1709 3020 postposita
1722 2973 1762 3006 ad
1773 2975 2025 3008 coronationem
2039 2972 2127 3007 illius
2136 2975 2229 3008 fawe-

1293 3037 1359 3062 rem
1397 3025 1536 3059 vestrum
1559 3025 1593 3058 δι
1624 3023 1837 3059 ministerium
1877 3023 2056 3067 praebuistis
2084 3047 2096 3065 ,
2134 3023 2228 3060 null!

1293 3078 1334 3112 de
1357 3077 1510 3111 servanda
1532 3074 1679 3110 Ecclesiae
1699 3072 1849 3108 libertate
1877 3073 2013 3117 praestita
2040 3074 2090 3107 vel
2122 3074 2228 3117 etism!¹

1292 3128 1425 3167 exacta,
1451 3126 1686 3162 ficutdieitur‚
1710 3123 1881 3159 cautione.
1909 3119 2227 3171 Qinimmdsustii

1295 3177 1408 3212 nuistis
1419 3176 1530 3220 potius
1549 3198 1560 3215 ,
1582 3179 1617 3209 ut
1635 3173 1852 3217 juramentum
1876 3173 1987 3208 abillo
2008 3174 2050 3208 de
2062 3171 2228 3209 servandis
2275 3202 2278 3206 .

1296 3228 1405 3272 Regni
1427 3223 1727 3261 Consuetudinibus
1746 3223 1941 3268 praestaretur
1964 3247 1971 3255 .
2000 3222 2151 3258 Profecto*
2164 3233 2227 3268 pro

1295 3276 1562 3312 reconciliatione
1578 3274 1712 3309 illorum
1732 3286 1793 3308 nos
1814 3285 1868 3318 per
1890 3274 2010 3307 litteras
2030 3273 2063 3307 δε
2077 3274 2228 3317 person&

1294 3329 1445 3362 exlatere
1457 3325 1587 3365 nostro,
1613 3326 1645 3359 &
1664 3336 1718 3370 per
1740 3324 1846 3369 plures
1869 3324 1951 3358 alios
1972 3324 2079 3364 viros,
2105 3324 2162 3366 qui
2174 3322 2232 3357 di·-

1295 3378 1492 3424 gnifuerant
1502 3375 1671 3416 exaudiri,
1698 3372 2162 3422 saepenumerdlaboravimus‚
2186 3370 2224 3405 &1

1294 3426 1454 3474 quidquid
1474 3426 1586 3462 datum
1609 3425 1708 3462 fuerit
1734 3424 1828 3459 nobis
1848 3425 1937 3470 spei,
1963 3428 2073 3471 prae-ter
2090 3423 2222 3455 inanem

2025 3479 2177 3519 pompam
