2358 3776
345 127 405 175 34
1038 106 1110 154 ‘V
1180 107 1204 154 Ι

1269 103 1312 153 -T
1351 109 1426 154 :A

258 191 503 236 luntatirefistit‚
529 179 679 225 decaetero
717 191 846 224 neutrius
860 190 968 234 dignus
987 191 1044 225 erit
1062 191 1173 224 auxilio
1196 215 1206 232 ,
1265 189 1470 233 indicantes,
1495 190 1531 225 ὅ(
1553 187 1696 224 dicentes
1718 188 1860 223 invicem
1873 211 1884 229 ,
1910 189 2143 225 murmurando
2155 195 2204 224 ta·

257 245 315 290 sed
322 245 442 288 ejet‘ium
451 243 490 277 ab
501 243 609 289 Anglia
623 252 679 274 non
684 246 809 283 recipiat
826 244 958 275 Francia
968 266 976 274 .

468 340 760 385 ‚CAPUT
811 340 971 376 XXVI.

297 444 437 489 Qualiter
471 443 556 477 multi
582 448 613 475 in
638 440 737 483 reteffu
768 441 893 475 concilii
924 430 1168 475 convitiabantur

583 490 683 527 Archi·
688 493 758 527 Prae
756 490 852 535 sulem
862 516 869 523 .

455 592 493 625 H
520 592 548 625 E
575 591 608 628 R
633 593 648 626 l
676 592 703 625 B
732 590 762 626 Ε
787 591 820 628 R
846 591 883 626 T
910 591 951 627 U
977 592 1015 626 S.

322 642 501 678 oLUTo
524 641 625 687 igitur
645 641 836 686 colloquio,
863 651 931 675 non
943 642 1011 676 fine
1023 641 1202 676 multorum

277 730 281 732 ,
347 703 510 729 murmure
532 692 654 728 reditur
674 692 714 727 ad
739 693 891 736 propria,
918 690 1122 727 Coexulibus
1144 690 1203 725 Ar-

259 743 315 778 chi
327 762 339 770 -
350 743 500 788 Episcopi
514 743 547 776 in
558 743 683 778 summa
695 743 917 786 desperatione
927 743 1036 784 positis
1047 767 1052 773 .
1082 743 1122 775 Et
1141 741 1203 775 Re-

258 803 317 840 ges
330 792 460 840 quidem
474 792 730 829 festinantissime
744 794 776 824 in
788 793 881 835 equis
892 815 903 832 ,
924 803 998 826 nox
1009 791 1128 840 quippe
1137 791 1202 835 jam
1232 797 1238 803 “

259 843 435 879 diremerat
446 844 651 886 colloquium
665 868 676 885 ‚
701 842 896 877 recesserunt
907 866 919 881 ,
946 854 1005 876 nec
1015 841 1203 882 salutantes,

257 904 318 928 nec
345 893 386 928 ab
404 893 681 937 Archi-Episcopo
703 893 851 927 salutati.
881 892 974 939 Qun
1000 892 1108 935 potius
1130 892 1203 926 Rex

257 942 450 988 Anglorum
472 941 579 977 adhuc
599 943 633 977 in
647 942 787 984 recessu,
814 943 955 984 etsiuon
969 943 1132 979 infaciem
1145 942 1203 975 Ar·

258 992 497 1039 chil’raesulis,
525 992 543 1026 ὲ
565 994 718 1029 convitiis
739 1003 805 1026 non
827 991 959 1028 cessavit
975 1018 988 1035 ‚
1016 992 1203 1027 insultando

257 1041 372 1078 dicens
384 1044 468 1078 inter
478 1044 539 1077 alia
555 1067 567 1084 ‚
584 1042 671 1086 qudd
683 1054 721 1077 ea
733 1042 788 1077 die
798 1042 839 1078 de
850 1043 908 1077 suo
921 1044 1008 1078 ultus
1017 1042 1121 1077 fuisset
1134 1053 1205 1085 pro-

257 1092 385 1127 ditore.
410 1093 533 1127 Pariter
554 1094 589 1127 &
608 1093 720 1127 Aulici
732 1115 744 1132 ,
768 1093 802 1127 &
823 1093 880 1138 qui
898 1094 986 1137 pacis
1012 1092 1205 1130 mediatores

257 1141 462 1184 exstiterant,
491 1141 525 1175 in
539 1142 658 1179 recessu
671 1143 775 1177 multa
792 1167 802 1183 ,
827 1143 927 1177 etiam
943 1143 976 1176 in
990 1143 1106 1177 faciem
1119 1166 1130 1181 ‚
1145 1143 1206 1174 Ar-

258 1191 683 1235 chi-Praesuliobjecerunt.
678 1206 686 1214 ·
715 1192 818 1248 Qdd
842 1186 994 1226 videlicet
1016 1192 1207 1227 fuiffetsem-

259 1253 315 1286 per
327 1241 500 1287 superbus,
527 1241 629 1275 elatus
642 1240 814 1284 ,sapiens
806 1252 838 1275 in
850 1243 955 1276 oculis
965 1241 1027 1275 suis
1040 1264 1050 1280 ‚
1070 1243 1205 1285 propriae

259 1292 383 1338 semper
409 1292 541 1327 sedator
561 1291 740 1327 voluntatis
752 1291 962 1328 &sententiae
981 1315 994 1331 ,
1019 1290 1206 1334 adjicientes

256 1342 385 1389 grande
395 1341 488 1375 fuisse
500 1339 563 1375 hoc
575 1337 721 1384 malum,
747 1343 782 1376 δε
802 1352 937 1377 enorme
960 1341 1109 1377 Ecclesiae
1118 1340 1205 1375 dam-

258 1402 340 1426 num
363 1391 398 1426 &
419 1391 632 1435 periculum,
658 1389 748 1435 quod
767 1390 834 1434 ipse
854 1391 1000 1434 unquam
1014 1391 1134 1427 Restor
1148 1391 1206 1425 Ec-

1266 251 1358 274 mcn:
1385 245 1461 274 Ecce
1475 240 1562 273 Archi
1571 258 1583 264 -
1596 239 1714 282 Praesul
1722 241 1769 272 ille
1781 262 1791 277 ,
1815 245 1867 281 qui
1879 244 1909 270 in
1922 238 2049 281 hesterno
2064 242 2201 283 colloquio

1232 313 1234 317 ψ
1267 293 1360 324 Deam
1367 300 1489 334 propter
1499 294 1590 334 Reges
1601 301 1707 335 negare
1720 291 1813 323 noluit
1823 311 1835 327 ,
1860 299 1910 323 nec
1923 292 1980 322 Dei
1992 289 2125 324 honorem
2131 289 2201 333 sub-

1259 342 1366 385 jiceres
1392 341 1508 375 Postea
1529 342 1628 375 etiam
1654 339 1813 383 saepiffitne
1823 363 1834 380 ‚
1860 336 1935 373 cum
1959 338 2019 372 iter
2028 350 2081 382 per
2103 342 2202 374 Fran-

1264 391 1349 424 ciam
1359 393 1477 426 faceret
1490 416 1500 432 ,
1528 391 1625 435 multi
1635 391 1668 424 in
1681 390 1805 433 populo
1816 386 1930 423 eadem
1949 388 1991 422 de
2001 399 2042 422 eo
2054 389 2202 431 praedica-

1264 451 1339 475 runt
1348 465 1356 473 .
1385 440 1416 475 A
1430 442 1581 476 Carnuto
1594 440 1671 485 verti
1682 439 1834 474 recedens
1845 463 1856 479 ‚
1868 436 2063 481 quantocius
2076 439 2201 480 potuit,

1264 491 1403 526 Senonis
1411 491 1572 532 venit,ubi
1584 501 1639 535 per
1650 490 1721 525 dies
1731 489 1866 524 salutare
1875 488 1940 522 Dei
1953 487 2202 532 praestolabatur.

1423 591 1455 627 C
1504 590 1537 625 A
1587 590 1615 626 P
1667 589 1709 626 U
1758 589 1796 624 T
1895 589 2039 624 xxvn.

1264 692 1403 736 ,Qualiter
1435 689 1696 734 Arcbi‘Episcopus
1711 688 1781 732 suos
1798 689 2018 734 confortaverit
2031 713 2038 721 .
2065 692 2110 722 Et
2133 698 2204 732 quo·

1362 742 1446 775 modo
1451 747 1554 787 gratia
1563 746 1653 786 Regis
1665 745 1850 775 Francorum
1860 746 1886 775 ei
1904 739 2039 779 restituta
2046 737 2083 781 fit
2103 764 2110 772 .

1498 840 1966 877 ALANUS.

1361 943 1428 978 NA
1455 942 1532 978 vero
1552 944 1676 978 dierum
1690 943 1815 976 sedente
1829 939 2112 985 Archi-Episcopo
2125 949 2202 974 cum

1385 994 1446 1027 suis
1460 995 1492 1028 in
1507 993 1665 1037 hospitio,
1675 992 1753 1026 dum
1765 990 2053 1026 confabularentur
2071 989 2112 1024 ad
2126 989 2209 1022 invi-

1264 1056 1336 1078 cem
1350 1045 1440 1086 super
1449 1043 1499 1078 his
1507 1040 1805 1087 quae—acciderant,
1834 1041 1868 1075 δε
1879 1043 1986 1075 secum
2006 1048 2182 1083 quaererent
2192 1062 2204 1079 ,

1265 1093 1331 1137 quo
1344 1094 1468 1135 ponent
1479 1091 1633 1126 divertere
1646 1117 1656 1131 ,
1682 1091 1744 1124 Vir
1762 1090 1905 1124 Domini
1928 1089 2073 1134 jucundo
2090 1090 2184 1123 vultu
2199 1112 2211 1128 ,

1264 1144 1350 1187 quasi
1364 1141 1447 1176 nihil
1460 1143 1657 1175 adverfitatis
1671 1139 1791 1173 habens
1801 1165 1811 1180 ‚
1839 1140 1875 1173 δι’
1886 1138 1927 1172 ad
1945 1149 2061 1173 omnes
2074 1140 2223 1185 fortunas

1265 1194 1405 1236 impetus
1426 1191 1644 1231 invincibilis,
1672 1191 1841 1223 moderato
1864 1189 1927 1222 risu
1952 1187 2211 1222 condolentibus

1247 1219 1369 1308 ‘allusit
1381 1241 1510 1276 dicens:
1537 1243 1617 1274 Solus
1641 1245 1784 1281 impetor,
1811 1241 1845 1272 (9⁶
1870 1251 1914 1272 me
1933 1236 2054 1280 sedente
2081 1249 2137 1270 non
2151 1242 2210 1269 erit

1248 1299 1317 1344 ¹qui
1338 1305 1389 1326 vor
1407 1291 1599 1334 persequatur
1618 1291 1735 1322 acrius.
1773 1288 1995 1332 confortamini
2012 1292 2105 1331 {gitur
2126 1312 2136 1327 ,
2176 1287 2211 1321 o·

1266 1344 1355 1376 nolite
1364 1340 1575 1384 expavescere.
1605 1340 1669 1374 Cui
1693 1339 1861 1382 inquiunt:
1889 1336 2063 1381 Miseremur
2088 1343 2134 1374 tui
2149 1348 2214 1377 tm-

1262 1398 1334 1436 gis,
1360 1393 1431 1424 dum
1452 1390 1592 1433 nescimus
1610 1392 1666 1432 quo
1675 1391 1756 1431 posfis
1766 1390 1936 1427 divertere,
1961 1395 2011 1422 vir
2034 1395 2130 1420 tantae
2154 1389 2213 1420 Au-

258 1442 359 1476 clesiae
369 1439 567 1475 constitutus
578 1442 708 1482 fuiffet,
735 1441 767 1475 ὅ(
778 1439 867 1484 quod
876 1441 1037 1485 peripsum
1059 1453 1101 1475 ex
1117 1449 1207 1484 parte
1265 1442 1444 1480 eharitatis,
1470 1444 1490 1473 ᾶ
1511 1440 1636 1484 sutnmis
1656 1442 1690 1473 (9·
1701 1440 1812 1472 ultimis
1824 1437 1975 1473 derelillus
1992 1442 2124 1471 Amicis.
2154 1435 2215 1470 At·

257 1491 326 1535 jam
338 1490 495 1524 destruite
507 1491 635 1533 penitus
643 1490 712 1526 cito
723 1489 934 1525 destrueretur
947 1490 1109 1525 Ecclefia.
1143 1490 1205 1524 Sed
1265 1492 1331 1526 chi·
1337 1490 1535 1534 Episcopus
1525 1492 1653 1533 inquit:

259 1538 496 1574 Archi-Praesul
508 1549 632 1580 ponens
641 1540 691 1574 ori
703 1541 762 1574 suo
783 1540 967 1575 custodiam
978 1562 991 1579 ‚
1014 1540 1091 1576 cum
1107 1540 1202 1575 consi-

259 1589 377 1624 sterent
388 1593 572 1628 peccatores
583 1586 733 1619 adversus
743 1597 841 1626 eum,
866 1589 970 1621 factus
983 1589 1029 1622 est
1041 1590 1082 1621 ad
1090 1600 1201 1631 expro-

259 1637 431 1674 brantes&
444 1635 633 1669 insultantes
646 1634 703 1669 fibi
720 1634 806 1678 quafi
796 1645 887 1669 inon
907 1636 1066 1678 audiens,
1091 1636 1124 1670 ἀ
1138 1649 1204 1671 non

1682 1492 1744 1522 Deo
1755 1488 1842 1529 nostre·
1858 1501 1960 1522 euram
1980 1494 2212 1520 committimus.

1265 1545 1296 1574 Ε
1298 1551 1311 1574 t
1319 1553 1356 1575 ex
1368 1552 1421 1584 quo
1431 1537 1580 1582 utriusque
1593 1544 1690 1583 Regni
1703 1539 1788 1573 nobis
1814 1540 2011 1585 praeluditur
2022 1540 2126 1571 aditus
2142 1562 2154 1579 ,
2162 1547 2230 1581 neq

1264 1592 1308 1623 ad
1317 1594 1463 1623 Romanos
1474 1601 1524 1622 nos
1535 1591 1657 1632 expedit
1668 1601 1825 1624 recurrere.
1858 1591 1925 1624 Alia
1935 1588 1974 1629 est
1985 1587 2067 1621 nobis
2084 1592 2139 1622 via
2147 1594 2233 1633 m·

1264 1642 1439 1675 cedendum
1446 1640 1625 1674 Audivimus
1630 1640 1774 1682 siquidem
1784 1646 1860 1672 circa
1870 1645 1992 1672 Ararim
1993 1637 2122 1680 fluvium
2133 1639 2231 1672 Bur-

259 1687 383 1724 habeus
403 1687 437 1720 in
460 1696 518 1719 ore
542 1685 600 1719 suo
612 1682 873 1728 redargutiones
902 1685 973 1718 Nifi
989 1684 1080 1730 qudd
1091 1686 1150 1721 uni
1165 1685 1206 1720 de
1261 1691 1387 1733 gundiae
1399 1689 1488 1732 usque
1499 1691 1655 1731 adportes
1671 1692 1839 1722 Provinciae
1848 1686 2032 1720 liberaliores
2055 1685 2200 1731 effebum
2224 1718 2229 1723 ,

257 1736 411 1775 Ecclefiae
421 1730 637 1772 destrustione
648 1733 817 1770 humiliter
836 1732 969 1778 quidem
993 1734 1027 1768 dc
1041 1734 1207 1771 mansuete
1266 1748 1336 1770 nes.
1366 1740 1415 1768 Ad
1423 1738 1474 1768 bos
1489 1741 1592 1779 ego&
1604 1750 1682 1770 unus
1704 1748 1813 1768 mecum
1829 1736 1969 1775 ibimus,
1986 1741 2058 1777 quta
2083 1733 2232 1781 visagf-

261 1787 445 1832 respondit
439 1795 608 1829 inquiens
638 1787 771 1824 Frater,
794 1795 867 1818 cave
887 1796 924 1818 ne
942 1783 1110 1834 destruatur
1139 1786 1237 1817 Ec-

262 1837 328 1882 cles
315 1851 344 1872 a
360 1840 413 1870 Dei
428 1844 542 1879 perte.
570 1838 631 1869 Per
651 1846 699 1869 me
713 1858 726 1876 ,
743 1834 878 1876 favente
900 1837 1049 1877 Domino,
1073 1846 1132 1869 non
1158 1835 1208 1867 de-

256 1888 409 1934 structur.
436 1888 478 1920 Et
493 1885 547 1920 hic
559 1895 625 1920 erat
636 1885 779 1930 Joannes
791 1885 928 1919 natione
940 1883 1089 1929 Anglus,
1114 1884 1239 1927 Epis-

262 1950 367 1984 copus
378 1947 455 1972 tunc
467 1934 696 1976 Pistavienfis,
724 1933 846 1969 Archi·-
831 1931 1019 1979 -Episcopo
1027 1946 1068 1969 ex
1077 1933 1206 1969 diutina

260 1987 512 2026 conversatione
521 1985 556 2020 ὅ(
566 1984 720 2020 societate
729 1984 898 2019 familiaris
907 1983 1087 2020 admodum
1095 2008 1108 2025 ,
1133 1983 1210 2020 cha-

261 2049 315 2075 rus
327 2063 338 2079 ,
362 2038 397 2071 δε
407 2046 571 2079 acceptus.
606 2033 663 2070 Ab
671 2034 745 2068 aliis
755 2037 856 2068 etiam
867 2035 1068 2069 convitiatus
1081 2045 1150 2070 nou
1163 2046 1209 2067 re·

260 2086 527 2127 convitiabatur,
553 2085 640 2120 illius
655 2084 800 2128 profedo
822 2083 1000 2127 discipulus
1017 2108 1029 2124 ,
1053 2084 1107 2128 qui
1133 2083 1210 2118 cum

263 2136 509 2175 malediceretur
528 2146 597 2170 non
621 2133 844 2173 remaledixit,
868 2134 943 2167 cum
960 2144 1120 2176 pateretur
1143 2145 1210 2166 non

261 2185 546 2228 comminabatur.
573 2185 627 2220 Sic
636 2184 738 2230 igitur
758 2183 883 2218 receffit
905 2182 1106 2228 &colloquio
1124 2194 1211 2217 nunc

264 2239 302 2274 in
313 2237 472 2278 Francia,
500 2236 576 2270 sicut
590 2235 677 2280 prius
696 2234 730 2267 in
750 2233 875 2278 Anglia
896 2233 981 2277 apud
996 2233 1215 2269 Northamtu-

265 2297 367 2328 nam,
392 2287 490 2323 fastus
500 2285 712 2331 opprobrium
737 2282 980 2319 abundantibus
1002 2284 1035 2320 δι
1049 2283 1210 2329 despectio

270 2337 430 2383 superbis,

317 2389 361 2422 Et
375 2386 529 2423 recedens
541 2387 580 2422 lic
590 2397 666 2421 curn
680 2386 743 2421 suis
763 2385 947 2422 Dominum
973 2386 1101 2431 Regem
1113 2387 1210 2422 Fran-

264 2448 381 2473 corum
394 2437 604 2480 sequebatur,
630 2437 719 2481 cujus
729 2449 819 2471 erant
832 2448 1000 2481 praeparata
1023 2436 1161 2480 hospitia
1177 2436 1210 2471 in

266 2487 383 2524 Castro
396 2511 407 2528 ,
433 2487 524 2531 quod
545 2486 820 2523 Mons-mirabilis
840 2487 980 2522 dicitur.
1009 2488 1086 2523 Fuit
1105 2487 1138 2521 δε
1152 2487 1210 2520 Ar-

266 2538 524 2583 chi-Episcopus
544 2537 578 2570 in
601 2537 717 2572 Castro
741 2536 804 2571 hoc
815 2538 930 2581 pariter
948 2537 1128 2581 hospitatus
1137 2546 1211 2570 cum

269 2589 381 2632 Rege,
410 2588 480 2631 ipso
491 2588 613 2629 semper
625 2599 679 2631 per
692 2588 865 2623 servientes
888 2587 1027 2622 Aulicos
1045 2584 1211 2622 abundan-

269 2649 319 2671 ter
345 2637 374 2668 ei
397 2637 552 2668 viaticum
578 2636 798 2673 ministrante.
827 2639 899 2671 Rex
922 2648 1030 2673 autem
1053 2647 1131 2672 tunc
1144 2647 1211 2671 non

272 2686 448 2719 declinavit
464 2708 474 2724 ,
500 2685 774 2725 quemadmodum
790 2689 822 2720 in
836 2687 908 2722 aliis
921 2687 1101 2733 negotiis&
1111 2683 1226 2721 collo·⁴

273 2736 360 2777 quiis
378 2734 585 2767 consueverat
595 2757 606 2775 ‚
641 2744 677 2767 ut
701 2734 989 2772 Archi-Praesulem
1011 2740 1044 2772 in
1068 2737 1213 2780 hospitio

275 2788 334 2820 suo
346 2783 466 2820 videret
479 2807 496 2815 ..
517 2782 623 2816 Unde
651 2783 774 2817 &mox
795 2786 1028 2827 conjiciebatur
1044 2799 1101 2822 cor
1113 2787 1214 2831 Regis

277 2846 345 2870 non
360 2834 403 2867 ita
414 2844 490 2867 cum
502 2831 785 2876 Archi-Episcopo
805 2834 867 2867 effe
888 2836 965 2869 sicut
978 2836 1043 2871 heri
1055 2838 1089 2872 &
1101 2837 1213 2870 nudiu-

276 2883 403 2919 stertius
416 2908 424 2915 .
449 2881 680 2916 Nihilominus
691 2890 802 2916 tamen
817 2883 919 2917 Archi
932 2903 941 2911 ·
954 2885 1068 2920 Praesul
1081 2886 1214 2920 hilarem

277 2935 311 2968 δε
332 2933 512 2976 jucundum
532 2933 563 2964 se
585 2931 760 2966 exhibuit:
796 2931 869 2967 Nec
890 2934 1087 2978 deprehendi
1109 2935 1216 2980 potuit

281 2983 387 3017 vultus
397 2982 464 3025 ejus
474 2983 508 3014 in
520 2981 645 3015 diversa
657 2991 802 3015 mutatus
813 2981 858 3016 ob
868 2982 933 3016 hoc
948 3009 955 3016 .
981 2986 1018 3018 ln
1031 2997 1096 3029 quo
1108 2986 1217 3023 adver-

280 3036 306 3068 ti
320 3032 420 3076 potest
434 3043 553 3077 magna
565 3031 637 3065 Viri
650 3030 833 3065 constantia
845 3056 856 3072 ,
883 3034 1042 3068 fortitudo
1053 3037 1156 3070 animi
1170 3036 1215 3069 in-

280 3082 447 3118 vincibilis
458 3106 467 3122 ‚
493 3081 550 3126 qui
563 3082 689 3115 mundo
698 3081 764 3124 jam
775 3081 831 3115 fibi
844 3084 1010 3117 contrario
1031 3086 1154 3119 nullam
1167 3086 1219 3118 vel

282 3133 382 3167 etiam
403 3131 566 3165 modicam
590 3131 810 3165 turbationem
833 3142 875 3166 ex
891 3129 957 3166 hoc
971 3156 982 3172 ,
1019 3134 1069 3166 vel
1088 3135 1218 3175 solliciti

282 3182 427 3218 ostendit
438 3181 593 3225 speciem.
620 3180 658 3213 ln
669 3181 807 3215 crastino
829 3182 847 3216 ὲ
858 3182 991 3224 praefato
1013 3182 1127 3217 Castro
1141 3195 1219 3218 rece-

1261 1785 1389 1827 flitffione
1409 1783 1502 1823 nostra
1515 1783 1647 1825 forsitan
1668 1783 1755 1823 nostri
1778 1781 1989 1825 miserebuntur
2027 1806 2038 1822 ‚
2065 1784 2219 1829 vidualiq

1235 1871 1237 1874 ,
1266 1832 1466 1875 ministrantes
1478 1836 1523 1867 ad
1535 1842 1673 1878 tempus,
1703 1834 1791 1865 donec
1801 1844 1853 1865 nos
1864 1831 2035 1872 vifitaverit
2055 1836 2148 1867 Deus.
2161 1831 2233 1923 Peg,

1266 1896 1334 1919 tens
1346 1883 1384 1927 est
1397 1887 1476 1917 Deus
1490 1882 1524 1918 Θ
1537 1889 1569 1916 in
1581 1885 1684 1926 ultimo
1694 1880 1819 1925 miseria
1829 1882 1936 1926 calculo
1944 1881 2009 1926 suis
2019 1882 2113 1926 adeffe
2130 1896 2142 1916 .·
2231 1911 2234 1914 «

1266 1935 1380 1978 infideli
1391 1936 1516 1967 deterior
1528 1933 1566 1975 est
1575 1958 1586 1973 ,
1611 1940 1662 1976 qui
1672 1935 1708 1966 de
1717 1934 1771 1965 Dei
1783 1931 1921 1975 desperat
1932 1931 2138 1974 misericordia.
2168 1933 2215 1968 Et
2222 1964 2234 1980 Δ

1267 1986 1375 2019 statim
1402 1985 1506 2018 adfuit
1529 1995 1589 2025 prae
1599 1983 1733 2025 'foribus
1753 1983 1818 2015 Dei
1843 1982 2010 2025 miseratio
2023 2007 2031 2015 .
2061 1982 2232 2030 Accurrit„

1237 2039 1241 2071 ἐ
1268 2035 1496 2076 enimquidam
1508 2035 1644 2077 serviens
1655 2034 1757 2078 Regis
1782 2033 1948 2072 Franciae,
1975 2032 2032 2076 qui
2055 2031 2215 2079 diceret?

1269 2088 1412 2118 Dominus
1424 2087 1490 2117 Rex
1502 2095 1556 2118 vos
1567 2085 1610 2118 ad
1628 2090 1738 2117 curiam
1763 2090 1866 2116 vocat.
1896 2081 1951 2123 Ad
1975 2081 2041 2116 hoc
2062 2084 2115 2117 ait'
2127 2093 2213 2118 unus

1268 2145 1381 2168 eorum
1395 2148 1405 2168 .·
1431 2138 1470 2166 Ut
1479 2137 1628 2174 ejiciamur
1651 2136 1670 2166 ἃ
1696 2138 1811 2177 Regno.
1843 2131 2141 2176 Archi-Episcopus
2165 2133 2231 2173 iri-7

1268 2186 1361 2228 quit:
1389 2184 1470 2218 Non
1481 2195 1514 2218 es
1526 2183 1687 2227 Propheta
1698 2207 1710 2224 ‚
1736 2194 1796 2218 nec
1808 2181 1978 2228 Prophctae
1988 2183 2114 2224 Filius,
2138 2183 2211 2218 noli
2226 2187 2229 2190 '

1270 2235 1439 2270 vaticinari
1455 2234 1598 2268 sinistra.

1326 2284 1505 2319 Venientes
1535 2285 1615 2330 ergo
1650 2286 1842 2320 invenerunt
1874 2285 2062 2326 Dominum
2085 2284 2233 2329 Regem

1278 2347 1350 2370 cum
1371 2336 1453 2369 tristi
1476 2336 1569 2369 vultu
1581 2337 1765 2375 sedentem,
1791 2337 1825 2368 δε
1852 2347 1920 2369 non
1945 2335 2162 2378 assurgentem
2168 2333 2216 2368 de

1278 2397 1366 2421 more
1389 2384 1502 2419 Archi·
1493 2385 1686 2428 -Episcopo.
1719 2384 1759 2416 Et
1784 2385 1903 2416 factum
1924 2383 2023 2416 estin
2051 2384 2214 2426 principio

1277 2437 1364 2470 triste
1378 2436 1583 2480 praesagium.
1613 2431 1867 2468 Confidentibus
1889 2433 1955 2466 illis
1975 2431 2084 2466 adhuc
2107 2432 2216 2475 tepide

1278 2487 1419 2527 vocatis,
1443 2483 1564 2519 dlutius
1588 2486 1672 2519 facto
1684 2485 1810 2524 silentio
1825 2508 1836 2523 ,
1863 2482 1936 2516 Rex
1958 2482 2120 2517 inclinato
2131 2481 2217 2526 capi-

1278 2548 1309 2571 te
1319 2559 1330 2575 ,
1354 2537 1441 2580 quasi
1453 2534 1567 2568 dolens
1577 2535 1742 2568 &invitus
1754 2533 1913 2577 cogitaret
1924 2542 1959 2566 ut
1970 2543 2026 2565 eos
2038 2531 2078 2565 de
2092 2531 2214 2577 Regno

1277 2587 1405 2630 ejiceret
1417 2610 1427 2625 ,
1455 2585 1488 2619 &
1502 2585 1565 2618 illis
1578 2584 1609 2617 id
1623 2584 1726 2627 ipsum
1738 2582 1930 2617 timentibus
1945 2605 1956 2621 ‚
1978 2580 2102 2616 obortis
2113 2580 2215 2624 iacry-

1278 2637 1339 2671 mis
1351 2636 1515 2680 prosiliens
1535 2645 1610 2668 cum
1621 2634 1762 2679 singultu
1786 2634 1920 2676 projecit
1947 2634 1977 2665 se
1988 2631 2027 2665 ad
2040 2631 2134 2675 pedes
2147 2631 2215 2665 Ar-

1278 2684 1774 2730 chi-Episcopi‚obstupentibus
1797 2681 1912 2726 hisqui
1935 2683 2073 2716 aderant.
2100 2680 2215 2715 Archi-

1279 2737 1441 2780 Episcopo
1465 2734 1540 2768 vero
1561 2735 1590 2768 se
1603 2734 1781 2767 inclinante
1792 2734 1832 2767 ad
1856 2732 2047 2777 erigendum
2063 2732 2189 2775 Regem
2205 2755 2217 2771 ,

1279 2787 1333 2820 vix
1346 2786 1478 2820 tandem
1492 2785 1565 2819 Rex
1579 2785 1619 2819 ad
1632 2786 1662 2818 se
1673 2784 1807 2817 reversus
1821 2794 1879 2825 prae
1889 2782 2035 2826 angustia
2048 2782 2091 2815 ait
2105 2796 2114 2815 .·
2130 2783 2217 2827 Vere,

1281 2842 1405 2870 Domine
1427 2842 1468 2868 mi
1491 2838 1605 2876 Pater,
1631 2832 1743 2876 tusolus
1756 2833 1873 2872 vidisti.
1899 2833 1948 2873 Et
1976 2832 2217 2875 suspiransprae

1281 2897 1417 2921 moerore
1438 2885 1580 2927 repetiit:
1618 2885 1690 2917 Vere
1703 2909 1712 2923 ‚
1741 2885 1833 2915 Pater
1845 2888 1885 2915 mi
1899 2908 1909 2922 ,
1936 2892 1968 2915 tu
1988 2880 2066 2924 solus
2093 2880 2213 2919 vidisti.

1282 2942 1349 2971 Not
1358 2946 1455 2969 omnes
1465 2934 1652 2975 coecifuimus
1665 2955 1675 2972 ,
1698 2938 1750 2974 qui
1772 2941 1872 2964 contra
1896 2936 1991 2965 Deum
2001 2933 2057 2964 tibi
2079 2933 2214 2964 dedimus

1281 2985 1421 3028 consilium
1436 2990 1468 3017 in
1479 2983 1567 3027 causa
1579 2991 1643 3023 tua,
1658 2985 1746 3015 immo
1757 2984 1801 3014 ad
1811 2992 1916 3015 nutum
1938 2982 2064 3015 bominis
2080 2981 2217 3015 honorem

1282 3040 1337 3070 Dei
1346 3039 1524 3068 remittentes
1533 3060 1540 3066 .
1569 3036 1699 3067 Boeniteo
1712 3056 1722 3071 ‚
1753 3035 1847 3065 Pater
1859 3056 1870 3072 ,
1880 3033 2056 3076 &graviter
2067 3037 2198 3074 poeniteo
2207 3053 2217 3062 .

1281 3084 1394 3131 Ignosce
1409 3086 1474 3127 ergo
1491 3108 1501 3124 ‚
1528 3087 1561 3119 ὠ·
1571 3082 1609 3115 ab
1619 3081 1671 3114 bac
1680 3084 1766 3123 culpa
1776 3093 1822 3115 me
1835 3080 1972 3124 miserum
1993 3081 2126 3125 absolve.
2155 3078 2218 3113 Sed

1284 3141 1317 3171 (ν
1331 3139 1390 3169 Deo
1399 3135 1433 3167 o·
1444 3133 1498 3165 tibi
1509 3145 1554 3166 me
1562 3131 1658 3175 ipsum
1668 3134 1700 3164 Θ
1711 3135 1845 3175 Regnum
1856 3143 1952 3165 meum
1971 3141 2080 3175 expono
2090 3157 2100 3172 ,
2127 3132 2162 3164 ό·
2177 3127 2218 3161 ab

1284 3187 1340 3220 hac
1348 3184 1419 3217 bora
1424 3183 1586 3224 promitto,
1611 3183 1692 3223 qutid
1700 3182 1755 3213 tibi
1767 3183 1817 3215 vel
1826 3187 1885 3213 tuis
1900 3194 1956 3214 non
1982 3184 2083 3220 deero,
2108 3189 2219 3222 quam·-

284 3234 387 3271 dens,
412 3231 446 3264 &
466 3242 506 3265 ea
524 3231 578 3265 die
597 3230 783 3265 Carnutum
797 3233 929 3265 veniens
952 3255 963 3273 ‚
992 3233 1158 3275 plerique,
1186 3246 1220 3267 ut
1285 3239 1335 3269 diu
1348 3239 1406 3268 Deo
1419 3233 1544 3266 Authore
1555 3239 1673 3264 vixero.
1703 3231 1796 3274 Rege
1809 3231 1909 3275 igitur
1932 3232 2082 3266 absoluto
2095 3254 2106 3270 ,
2133 3229 2223 3264 data-

284 3293 357 3316 mos
368 3281 412 3316 est
422 3305 433 3321 ‚
458 3280 513 3325 ipfi
522 3291 727 3315 accurrerunt
739 3303 749 3319 ‚
775 3290 811 3314 ut
823 3282 1043 3315 transeuntem
1061 3284 1224 3323 viderent,
1269 3281 1273 3330 Ι
1286 3297 1348 3330 que
1357 3284 1388 3318 ei
1407 3281 1634 3317 benedictione
1646 3280 1943 3324 Archi-Episcopus
1955 3279 2092 3315 Senonis
2102 3278 2223 3324 ingres-

287 3331 322 3365 &
331 3331 511 3372 quaerebant
520 3332 591 3374 quis
602 3332 678 3364 estet
689 3332 743 3372 qui
756 3331 897 3364 tranfiret
910 3356 916 3362 .
945 3331 988 3364 Et
1007 3332 1081 3366 cum
1094 3344 1222 3376 cogno—

289 3379 420 3419 viffent,
445 3379 532 3423 quod
547 3379 778 3414 Archi-Praesul
800 3379 854 3414 hic
865 3381 941 3415 esset
960 3381 1202 3417 Cantuarienfis
1215 3411 1224 3426 ,

289 3429 394 3476 ipsum
412 3439 492 3463 mox
504 3430 610 3477 digito
622 3439 833 3472 notaverunt,
860 3430 934 3465 aliis
959 3434 1015 3476 qui
1029 3432 1223 3478 ignorabant

1288 3338 1339 3369 sus
1353 3333 1398 3368 est
1409 3343 1484 3368 cum
1500 3333 1563 3365 suis
1575 3332 1607 3364 in
1619 3332 1743 3374 gaudio
1754 3355 1763 3370 ,
1780 3331 1835 3365 ubi
1852 3343 1925 3365 eum
1938 3332 2011 3364 Rex
2024 3330 2166 3364 Franciae
2176 3338 2223 3362 re-

1287 3385 1402 3430 galiter
1431 3381 1581 3417 exhibuit
1611 3381 1710 3425 usque
1732 3383 1772 3415 ad
1797 3381 1972 3427 regreffittn
2004 3380 2072 3424 ejus.
2095 3379 2130 3413 in
2155 3377 2224 3410 An-

1290 3437 1392 3480 gliam
1407 3457 1414 3464 .

2090 3475 2126 3509 H
2139 3474 2179 3509 E-
