2358 3776
297 146 336 191 S.
406 128 1804 191 THOMAE*CANTUAR1'EN81S.

1940 136 2007 206 73

118 225 284 269 detrahere
294 228 472 273 potestati.
497 224 566 274 Qi
578 224 694 265 nobis,
727 221 803 257 licet
813 222 880 266 ejus
894 220 1059 257 laboribus
1125 231 1186 257 tuo
1208 220 1283 254 usus
1304 220 1388 254 sum.
1418 219 1525 256 Dolu'i
1550 223 1640 257 enirn
1660 225 1778 262 statum
1793 216 2072 267 EL-defiaelabeffi!

119 281 196 318 totis
210 279 377 314 affectibus
399 282 654 321 compatiamur,
687 276 834 318 ingratus
856 271 965 306 existit
984 296 995 313 ,
1024 273 1058 307 ὅ(

121 336 181 368 obs
195 355 206 372 ,
217 332 293 366 curn
306 331 340 364 in
351 329 465 365 eadem
476 326 687 362 damnatione
704 324 800 357 fimus
810 346 822 363 ‚
834 322 976 366 persequi
990 334 1058 356 non

122 381 243 416 desistit
255 406 262 413 .
289 382 380 415 lnter
396 380 504 424 ipsum
522 373 678 420 siquidem
689 374 722 407 ὃς
745 372 985 407 Sereniffimum
998 373 1060 406 Re·

124 439 200 477 gem
213 430 401 476 Anglorum
411 426 553 474 quadam
564 425 782 459 controversia
798 423 990 457 versabatur.
1009 423 1062 457 De

123 483 293 524 utriusque
303 481 472 515 voluntate
481 477 551 511 dies
561 475 736 519 praefigitur
746 498 758 515 ,
784 483 821 507 ut
833 474 866 507 in
881 483 922 507 eo
933 497 945 513 ,
970 472 1063 516 Justi·

124 535 170 567 tia
182 531 369 572 mediante,
397 530 526 571 illorum
535 524 757 572 controversia
772 522 979 558 terminetur.
1005 522 1062 557 Ad

124 581 265 618 eundem
275 583 362 616 diem
370 586 411 613 ex
429 586 590 620 praecepto
617 575 729 620 Regio
750 572 1024 617 Archi-Episcopi
1050 597 1062 614 ‚

127 632 328 678 Episcopi‚&
336 628 442 664 caeteri
455 624 806 661 EcclesiarumPraelati
816 634 1058 664 convocantur,

127 684 165 718 ut
177 681 301 727 quanto
310 677 495 725 generalior
503 677 580 711 esset
599 675 745 710 Concilii
758 674 936 709 celebratio
945 697 955 714 ,
968 673 1064 708 tanto

128 731 331 770 manifestior
342 728 430 762 fieret
440 727 561 762 fraudis
573 727 607 760 ἀ
620 726 750 760 malitiae
759 725 953 759 denudatio.
976 720 1064 759 Con-

127 784 239 818 stituta
249 780 304 814 die
325 777 494 813 Catholici
516 775 678 820 Principis
688 775 871 819 conspectui
890 775 922 809 se
934 774 1063 819 praesen-

127 835 176 868 t'at
186 829 295 876 Regni
306 828 453 863 turbator
461 827 495 860 δε
505 827 657 861 'Ecclesiae
668 850 676 858 .
689 826 760 873 Qi
773 825 813 858 de
826 827 958 859 snorum
971 824 1063 858 meri-

124 892 235 918 torum
247 879 405 924 qualitate
417 889 485 912 non
499 878 625 911 securus
637 875 825 910 Dominicae
836 875 950 910 Crucis
961 883 1064 909 armat

124 933 160 968 se
169 930 292 965 vexillo
302 953 315 970 ,
339 927 505 972 tamquam
525 927 566 962 ad
578 926 743 970 -Tyranni
753 925 953 971 praesentiam
963 925 1065 960 acces-

125 969 219 1016 ⁴*i'ttrus
229 1003 237 1013 .
261 980 337 1014 Nec
360 977 462 1013 modo
484 977 591 1022 Regia
608 976 763 1021 Maiestas
783 975 983 1017 offenditur,
1010 974 1064 1009 sed

125 1032 227 1066 eausae
239 1031 301 1064 suae
311 1029 471 1075 judicium
484 1028 723 1073 Episcoporum
733 1025 808 1061 fidei
821 1025 1017 1066 committit,
1029 1035 1064 1059 ut

125 1082 172 1117 fic
181 1080 223 1116 ab
233 1082 328 1115 omni
339 1079 521 1123 suspicione
532 1077 684 1112 liberetur
692 1103 699 1110 .
719 1076 875 1112 Restabat
885 1087 922 1111 ut
935 1076 1066 1120 Episco-

128 1132 304 1176 picausam
322 1128 447 1174 judicio
468 1130 701 1168 terminarent,
730 1138 765 1161 ut
776 1128 818 1161 sic
828 1125 1013 1161 diffidentes
1029 1124 1063 1157 in

127 1181 269 1228 gratiam
279 1180 471 1214 foederarent
480 1201 492 1217 ,
517 1178 764 1213 &distensionis
771 1188 884 1212 eorum
896 1176 1065 1210 materiam

128 1230 316 1274 sepelirent.
342 1229 496 1264 Occurrit
516 1229 626 1262 tamen
647 1228 704 1261 ille
717 1252 728 1268 ,
753 1229 787 1261 ἀ
812 1225 963 1271 prohibet
972 1225 1014 1258 ne
1024 1224 1066 1258 de

128 1281 202 1324 ipso
211 1290 321 1314 coram
336 1279 430 1323 Rege
442 1278 601 1311 sententia
613 1278 792 1320 proferatur
803 1301 815 1317 ‚
840 1287 876 1309 ut
887 1277 928 1309 sic
939 1275 1066 1309 animus

129 1329 236 1375 Regis
245 1328 377 1373 gravius
389 1327 584 1362 accendatur
596 1325 636 1361 ad
650 1327 852 1361 iracundiam
864 1351 871 1359 .
896 1325 1002 1370 Cujus
1012 1336 1066 1359 ex-

128 1381 229 1415 'ceffus
240 1379 319 1413 facit
329 1379 513 1422 quantitas,
535 1387 572 1411 ut
594 1377 663 1421 ipse
680 1376 800 1411 author
814 1375 950 1410 cuilibet
971 1376 1003 1410 se
1014 1373 1069 1409 de-

129 1429 376 1473 beatexponere
395 1427 540 1469 ultioni,
566 1427 755 1462 erubescens
776 1436 905 1471 poenam
917 1426 1065 1460 meritam

129 1479 308 1524 deprecari.
328 1479 399 1526 Qi
414 1477 601 1522 Principem
613 1498 624 1516 ,
643 1476 845 1522 potissimum
867 1477 902 1511 in
922 1486 1068 1519 tempore

130 1529 364 1575 persecutionis
386 1528 533 1563 Ecclesiae
545 1553 556 1569 ‚
580 1537 696 1563 contra
716 1526 894 1562 commoda
917 1526 1067 1561 Ecclesiae

130 1579 297 1616 offendere
305 1591 372 1614 non
385 1577 513 1613 horruit
522 1602 533 1618 ,
558 1577 651 1621 cujus
659 1578 797 1612 offensio
805 1576 958 1611 malleum
970 1576 1069 1619 perfe-

130 1630 276 1665 cutionis
288 1629 437 1663 Ecclesiae
447 1628 672 1672 augmentavit
685 1651 692 1658 .
713 1627 836 1659 Melius
846 1637 913 1660 erat
924 1625 984 1659 sibi
996 1648 1008 1665 ,
1033 1633 1070 1658 ut

130 1679 282 1714 felicitati
293 1679 353 1711 suae
363 1677 506 1710 froenum
524 1677 726 1719 imponeret,
753 1675 795 1709 ne
812 1674 891 1710 dum
903 1673 954 1708 >ad
964 1685 1070 1708 rerum

130 1732 291 1763 cacumen
309 1726 555 1770 praesumptione
576 1725 742 1766 pervenire
759 1725 897 1764 nititur,
923 1725 1071 1765 praesum

131 1778 256 1822 ptionis
275 1777 338 1808 suae
358 1775 476 1809 merito
492 1772 533 1806 ad
553 1773 708 1805 inferiora
720 1771 888 1807 trudatur.
917 1771 983 1803 Etsi
992 1780 1069 1803 eum

129 1830 201 1862 non
209 1832 380 1859 moverent
394 1820 543 1856 Ecclessae
554 1820 749 1855 detrimenta
760 1841 771 1859 ‚
780 1818 943 1854 debebant
954 1819 1068 1853 saltem

130 1885 303 1915 revocare,
330 1873 372 1907 ne
381 1880 495 1907 contra
507 1871 634 1915 Regem
645 1880 756 1916 ageret
766 1894 778 1910 ‚
803 1870 822 1903 a
840 1870 936 1914 Rege
943 1867 1070 1904 exhibi-

129 1928 164 1962 ta
172 1952 185 1968 ‚
209 1934 277 1960 tam
290 1925 324 1957 in
333 1922 459 1958 divitiis
467 1921 567 1967 quam
579 1919 762 1955 honoribus
774 1944 786 1961 ,
797 1920 1009 1955 incrementa.
1023 1920 1070 1953 At

131 1977 247 2012 obviat
255 1973 451 2008 adversarius
464 1995 475 2012 ,
499 1970 657 2014 &objicit
665 1970 824 2014 quoniam
846 1970 948 2014 ipsum
960 1976 1071 2004 coram

130 2019 226 2071 Rege
237 2024 318 2058 stare
326 2021 538 2067 judicioesset
549 2020 758 2064 Apostolicae‘
770 2019 862 2054 Sedis
870 2020 905 2053 ὃς
922 2020 1072 2064 dignita-

130 2078 175 2112 tis
184 2074 378 2110 diminutio.
405 2073 458 2107 Ac
476 2072 501 2105 >si
521 2073 662 2111 nesciat,
687 2069 778 2113 quod
798 2070 854 2103 etsi
867 2070 901 2103 in
913 2069 974 2103 illo
989 2068 1074 2112 judi·

129 2126 187 2163 'cio
195 2122 435 2169 aliquantulum
447 2122 596 2157 Ecclesiae
608 2121 763 2166 dignitati
772 2118 982 2165 derogaretur
992 2142 1002 2158 ‚
1012 2119 1074 2153 dis-

129 2176 350 2213 simulandum
360 2183 468 2208 tamen
480 2182 547 2206 erat
558 2184 617 2216 pro
628 2181 775 2215 tempore
785 2194 796 2211 ,
833 2181 870 2204 ut
887 2181 950 2214 pax
963 2170 1073 2204 Eccle-

131 2228 181 2266 fiae
189 2226 377 2262 redderetur
386 2248 394 2256 .
422 2222 550 2265 Obiicit
572 2220 689 2256 iterum
702 2246 713 2262 ,
740 2219 845 2255 Patris
867 2220 925 2255 sibi
948 2231 1072 2255 nomen

133 2278 315 2313 adsciscens
324 2300 335 2317 ,
349 2273 438 2318 quod
448 2273 666 2318 arrogantiam
678 2270 806 2306 videtur
814 2270 971 2312 redolere,
983 2270 1072 2313 quod

133 2329 211 2363 Filii
226 2328 259 2360 in
273 2325 380 2359 Patris
397 2323 647 2358 damnationem
659 2322 794 2356 minime
806 2322 984 2357 debuerant
995 2333 1074 2356 con·

136 2378 260 2416 venire.
287 2375 351 2410 Sed
363 2373 576 2408 necessarium
588 2382 655 2407 erat
668 2396 678 2412 ,
691 2373 836 2416 utpatris
847 2372 1026 2416 superbiam
1041 2373 1073 2406 fi-

132 2429 253 2462 liorum
264 2422 434 2461 humilitas
444 2432 634 2467 temperaret
646 2447 656 2462 ‚
674 2433 716 2457 ne
726 2421 797 2466 post
809 2434 932 2466 patrem
947 2423 981 2457 in
997 2423 1073 2456 filiis

134 2478 234 2525 pati-Is
242 2474 357 2511 odium
369 2482 559 2518 parentaret.
584 2473 704 2518 Liquet
718 2472 825 2515 itaque
845 2486 885 2509 ex
900 2473 1071 2517 praediffis,

157 2538 239 2562 atres
260 2523 445 2560 sanstiffimi
463 2548 475 2564 ,
509 2521 597 2568 quod
620 2523 788 2557 adversarii
809 2523 909 2557 nostri
930 2524 1018 2559 irrita
1040 2524 1074 2558 ἀ

136 2578 287 2618 inefficax
300 2574 397 2614 debet
407 2575 614 2617 languescere
625 2573 751 2607 occasio
765 2597 775 2613 ,
785 2575 840 2615 qui
851 2574 917 2608 sola
926 2574 997 2608 odii
1011 2585 1074 2607 ma·

129 2628 292 2674 'lignitate
303 2623 481 2669 impetebat
494 2648 504 2663 ‚
530 2623 653 2657 nullius
672 2623 810 2659 rationis
829 2624 929 2658 fultus
939 2624 1076 2668 patroci-

139 2678 198 2714 nio
209 2702 218 2711 .
245 2676 289 2711 Et
308 2674 466 2719 quoniam
495 2673 590 2707 vobis
606 2673 760 2706 omnium
783 2673 1001 2709 Ecclesiarum
1022 2685 1078 2708 no·

127 2725 236 2765 'scitur
246 2724 437 2761 sollicitudo
449 2724 636 2762 imminere,
663 2722 871 2757 necessarium
886 2724 932 2758 est
946 2735 1004 2758 vos
1021 2723 1080 2758 cir-

135 2791 174 2816 ca
185 2779 302 2812 statum
315 2775 554 2810 Cantuariensis
568 2772 716 2807 Ecclesiae
725 2773 884 2807 cautelam
895 2774 930 2807 ὅ(
941 2773 1080 2819 diligen-

136 2830 219 2866 tiam
238 2826 391 2863 adhibere
403 2851 413 2866 ,
440 2826 481 2859 ne
502 2824 617 2859 eadem
642 2823 781 2857 Ecclesia
806 2835 863 2868 per
886 2823 934 2858 sui
945 2823 1081 2868 pastoris

132 2880 279 2920 'excessus
288 2887 426 2923 cogatur
439 2874 648 2920 naufragium
660 2874 816 2908 sustinere
826 2899 834 2906 .

313 3022 717 3065 EvlsToLA
779 3023 907 3061 XXX.

190 3174 290 3220 Causa
316 3173 435 3208 Thomae
462 3174 687 3217 cantuariensis
699 3171 943 3219 Archi-Episcopi
968 3181 1036 3208 ante

450 3227 609 3260 nominum
635 3229 753 3269 Papam
766 3251 773 3258 .

235 3325 271 3360 D
288 3324 491 3359 audientiam
503 3333 613 3367 tuam,
641 3325 738 3361 Pater
759 3328 961 3362 Sanaissime
974 3350 984 3366 ‚
1010 3336 1084 3359 con-

263 3375 377 3420 fugio,
401 3384 438 3409 ut
460 3373 516 3417 qui
541 3373 689 3409 Ecclesiae
712 3375 897 3412 libertatem
922 3377 1016 3410 ta'nto
1037 3375 1084 3407 tui

115 3423 125 3446 ·’
143 3425 330 3465 discrimine
341 3423 522 3465 redemisti,
544 3435 616 3458 eam
630 3426 682 3458 vel
693 3426 815 3468 solam,
846 3428 896 3462 vel
909 3427 1087 3461 maximam

143 3489 220 3517 ωερε
230 3474 607 3525 persecutioniscausam
618 3475 765 3513 attendas
787 3502 798 3521 ‚
824 3477 916 3524 quo'd
934 3477 1088 3520 exemplo

1122 270 1197 306 stari
1210 269 1378 315 paululum
1391 295 1403 312 ,
1428 271 1538 315 &jura
1562 272 1631 315 ejus
1644 274 1677 307 in
1690 278 1860 315 avaritiam
1880 280 2073 325 Principum

1123 321 1286 365 disfipari:
1313 321 1356 356 Et
1369 323 1606 357 occurrendum
1627 323 1751 358 credidi
1765 330 1880 365 morbo
1896 332 2041 366 venienti
2063 357 2070 363 .

1125 373 1168 407 Et
1182 370 1251 415 quo
1271 372 1342 415 plus
1355 371 1403 406 illi
1417 372 1569 407 Domino
1583 385 1682 414 meo,
1707 375 1762 408 cui
1783 378 1854 419 post
1873 381 1984 416 Deum
2012 394 2071 415 cae·

1124 432 1190 457 tera
1202 421 1328 463 debeo,
1355 434 1408 457 me
1420 423 1559 458 sciebam
1576 423 1786 469 obligatum,
1811 426 1853 460 εὸ
1881 432 1980 465 tutius
2004 433 2072 466 iui-

1124 472 1196 517 quis
1230 472 1300 515 ejus
1329 473 1598 517 instigationibus
1627 474 1805 510 arbitrabar
1825 477 2033 515 resistendum
2060 506 2073 524 ,

1124 523 1231 557 donec
1242 522 1457 558 obtinuerunt
1468 523 1515 557 illi
1528 548 1539 564 ,
1565 525 1600 558 δε
1611 525 1824 561 Serenitatem
1835 527 1905 571 ejus
1926 528 2073 572 obfusca-

1125 583 1242 607 verunt
1253 572 1353 606 mihi.
1382 574 1533 616 Exinde,
1560 584 1596 608 ut
1607 586 1682 610 mos
1698 575 1745 611 est
1755 575 1842 621 apud
1865 577 2036 621 Principes
2056 575 2072 619 ξ

1125 623 1373 658 criminationes
1391 624 1424 658 δε
1450 624 1632 659 calumnias
1665 625 1850 669 injecerunt
1883 628 1918 662 in
1938 628 2077 663 occasio-

1126 683 1201 706 nem
1214 673 1444 716 persecutionis
1462 686 1559 710 meae:
1586 676 1620 710 ὅ(
1642 687 1707 720 ego
1732 677 1804 720 ejici
1818 678 1921 712 malui
1936 703 1946 718 ,
1974 678 2085 722 quam⁴

1127 722 1341 757 subscribere.
1367 724 1511 760 Accessit
1522 725 1621 759 etiam
1630 725 1680 760 his
1692 727 1785 761 malis
1802 751 1813 767 ,
1836 728 1926 771 quod
1939 738 2075 763 vocatus

1127 775 1197 807 sum
1208 784 1319 807 coram
1331 774 1425 819 Rege
1434 777 1599 820 tamquam
1612 776 1732 816 Laicus
1745 802 1756 818 ,
1781 788 1817 811 ut
1837 778 2052 813 satisfacerem
2065 790 2075 820 ·‚

1126 824 1159 858 ὅ(
1171 822 1257 857 unde
1268 821 1352 858 mihi
1370 825 1519 871 suffragia
1542 827 1738 870 speraveram
1751 852 1762 868 ,
1788 828 1858 862 sum
1880 828 2075 863 destitutus.

1128 873 1359 908 Animadverti
1378 877 1467 910 enim
1486 877 1653 911 Dominos
1672 877 1706 912 δε
1733 876 1926 918 Confratres
1947 878 2077 913 nostros

1129 924 1313 968 Episcopus
1333 923 1410 960 istos
1428 938 1485 970 pro
1508 926 1705 961 Aulicorum
1718 927 1854 962 arbitrio
1878 929 1913 962 in
1926 939 1978 962 me
1989 938 2079 972 para·

1128 985 1179 1009 tos
1188 973 1443 1010 animadvertere
1456 1001 1463 1008 .
1488 976 1537 1011 lta
1549 978 1673 1012 cunctis
1684 977 1922 1013 incursantibus
1935 978 2000 1013 fere
2013 978 2079 1013 sufl-

1128 1025 1255 1059 focatus
1264 1024 1306 1059 ad
1327 1035 1390 1059 tuae
1409 1026 1540 1070 pietatis
1560 1028 1783 1069 audientiam,
1808 1040 1880 1072 quae
1903 1031 2012 1064 necin
2025 1040 2081 1063 ex-

1128 1075 1241 1109 tremis
1265 1076 1406 1122 negligit
1419 1102 1430 1117 ,
1456 1077 1605 1121 respiravi
1625 1103 1632 1111 .
1660 1078 1727 1113 Sub
1746 1090 1815 1123 quo
1834 1078 2081 1114 demonstratu*

1129 1136 1182 1159 rus
1192 1125 1284 1160 adsto
1296 1137 1349 1160 me
1360 1138 1421 1161 nec
1435 1127 1482 1162 ibi
1493 1127 1585 1162 fuisse
1595 1127 1808 1171 judicandum
1820 1154 1831 1170 ‚
1859 1141 1919 1164 nec
1935 1128 1977 1163 ab
1989 1129 2078 1163 illis.)

1129 1176 1219 1210 Nam
1230 1176 1309 1219 quid
1320 1175 1409 1211 aliud
1432 1179 1529 1218 esset,
1555 1189 1676 1221 patreS,
1703 1180 1762 1213 nisi
1783 1180 1883 1214 vestra
1903 1179 1996 1214 vobis
2006 1179 2078 1222 jura

1130 1225 1339 1260 subtrahere?
1364 1227 1457 1274 Qid
1479 1227 1569 1262 aliud
1581 1230 1679 1270 quam
1699 1229 1876 1272 spiritualia
1895 1227 2083 1272 temporali·

1130 1275 1189 1310 bus
1209 1275 1397 1310 submittere
1410 1277 1437 1311 ἒ,
1454 1277 1559 1310 Semel
1583 1288 1698 1311 natum
1722 1277 1787 1311 hoc
1800 1279 1986 1321 exemplum
2005 1278 2083 1312 esset

1129 1326 1170 1360 ad
1192 1325 1296 1359 multa
1318 1349 1325 1356 .
1363 1325 1509 1369 ideoque
1534 1327 1658 1361 credidi
1686 1327 1811 1361 firmius
1836 1328 2043 1362 resistendum
2069 1353 2082 1368 ,

1129 1375 1220 1420 quod
1232 1375 1364 1410 affectus
1375 1376 1551 1419 proclivior
1562 1376 1707 1412 nocendi
1731 1378 1911 1413 nasceretur
1923 1402 1935 1419 ,
1961 1379 1982 1411 si
1996 1377 2082 1422 prius

1129 1426 1334 1460 debilitatem
1344 1427 1558 1471 agnoscerent
1582 1452 1589 1459 .
1619 1426 1668 1463 At
1705 1426 1857 1472 inquient
1881 1454 1892 1470 ,
1919 1427 2082 1463 reddenda

1130 1486 1221 1510 erant
1248 1476 1365 1510 Caesari
1391 1488 1465 1520 quae
1487 1477 1624 1511 Caesaris
1649 1488 1760 1512 erant.
1788 1477 1849 1513 Sed
1877 1479 1932 1513 et‘si
1961 1479 1995 1512 in
2013 1478 2082 1522 plu-

1131 1527 1229 1561 ribus·
1245 1525 1542 1570 obtemperandum
1570 1527 1678 1571 Regi,
1704 1528 1737 1560 in
1759 1528 1824 1562 illis
1835 1539 1945 1564 tamen
1959 1528 2085 1562 obtem-

1131 1576 1311 1619 perandum
1338 1587 1410 1610 non
1434 1577 1505 1614 est,
1532 1577 1565 1609 in
1594 1576 1714 1619 quibus
1739 1576 1903 1617 efficitur,
1940 1577 1980 1612 ne
2004 1578 2084 1612 Rex

1132 1627 1168 1660 sit
1190 1650 1197 1658 .
1237 1624 1320 1659 Non
1345 1626 1446 1660 essent
1473 1626 1530 1659 illa
1558 1626 1693 1661 Caesaris
1711 1627 1803 1667 ‚sed
1831 1628 1986 1670 Tyranni
2010 1653 2020 1668 ‚
2048 1629 2083 1662 in

1133 1675 1252 1718 quibus
1276 1675 1332 1708 etsi
1359 1686 1436 1708 non¹
1455 1685 1514 1716 pro
1541 1685 1594 1707 me
1620 1698 1632 1713 ,
1675 1686 1735 1718 pro
1777 1676 1883 1719 seipsis
1908 1678 1938 1711 ei
1966 1677 2086 1711 resiste-

1132 1734 1228 1758 rent.
1256 1723 1347 1756 Nam
1370 1722 1396 1754 *si
1423 1721 1473 1754 illi
1499 1731 1685 1756 extremum
1712 1724 1886 1760 reservatur
1897 1726 2087 1768 Judiciums

1133 1772 1190 1815 qui
1218 1779 1335 1815 patens
1359 1771 1405 1805 est
1431 1769 1576 1813 judicare
1601 1782 1720 1816 corpus
1744 1773 1779 1808 δε
1804 1775 1950 1810 animam
1969 1799 1981 1816 ,
2007 1787 2090 1810 nun·

1133 1819 1212 1866 quid
1237 1831 1382 1855 extrema
1407 1821 1470 1855 erit
1496 1821 1583 1855 inter
1608 1820 1760 1857 homines
1785 1826 1823 1859 ό·
1848 1827 1971 1861 summa
2006 1835 2089 1869 pote·

1127 1872 1193 1913 stas
1212 1895 1223 1911 ,
1250 1882 1322 1915 quae
1343 1870 1468 1914 judicat
1490 1871 1666 1907 secundnm
1687 1873 1836 1917 spiritum
1862 1877 1879 1907 ἓ
1917 1877 1952 1911 Si
1969 1876 2087 1920 justam

1133 1923 1282 1956 foverent
1303 1922 1452 1960 causam,
1489 1921 1569 1966 quid
1591 1934 1646 1958 me
1668 1923 1891 1967 impetebant?
1916 1927 2011 1974 Qid
2034 1919 2087 1962 me

1134 1975 1297 2017 arguunt,
1318 1971 1339 2004 si
1357 1971 1397 2005 ad
1420 1982 1495 2006 eum
1515 1972 1697 2019 appellavi,
1723 1974 1807 2017 apud
1831 1985 1928 2018 quem
1954 1978 2087 2011 mentiri

1135 2023 1264 2066 velnon
1285 2022 1384 2062 licet,
1411 2022 1461 2055 vel
1486 2033 1552 2055 non
1575 2022 1733 2066 expedit?
1754 2024 1825 2058 Aut
1844 2025 1962 2068 injuste
1983 2027 2016 2060 in
2033 2019 2087 2062 me

1135 2072 1369 2111 causabantur,
1394 2081 1449 2105 aut
1461 2071 1748 2115 dej'ustitiavestra
1769 2073 1981 2111 diffidebant.
2009 2077 2086 2111 Du·

1137 2122 1263 2166 pliciter
1272 2123 1365 2156 enim'
1374 2122 1602 2164 confundebar
1611 2148 1623 2168 ,
1648 2123 1671 2158 fi
1684 2137 1795 2174 coram
1806 2126 1970 2164 sanstitate
1980 2128 2085 2169 ,vestra

1136 2173 1368 2208 convincerer.
1398 2173 1561 2218 Nunquid
1569 2186 1681 2211 eorum
1691 2175 1950 2222 persecutionem
1962 2180 2083 2220 metui,

1137 2234 1197 2267 pro
1207 2222 1324 2267 quibus
1336 2225 1435 2259 tantis
1445 2226 1628 2261 occursibus
1649 2238 1703 2263 me
1725 2230 1889 2273 opposui?
1914 2229 2087 2275 thinuis—

1137 2275 1224 2316 sem,
1239 2272 1273 2307 ·si
1292 2273 1475 2309 voluissent
1495 2272 1564 2310 illi.
1592 2277 1653 2312 Sed
1676 2279 1764 2317 male
1785 2289 1883 2325 caput
1902 2281 1994 2327 agit,
2019 2281 2044 2315 si
2065 2280 2085 2315 a

1137 2323 1294 2360 membris
1309 2324 1496 2360 destituitur
1507 2340 1518 2361 .-

1136 2385 1251 2411 contra
1274 2383 1372 2419 eaput
1387 2376 1565 2411 assumant.
1593 2376 1626 2412 Si
1649 2376 1731 2414 bene
1742 2380 1955 2426 praevidissent
1968 2405 1980 2422 ,
2006 2382 2041 2416 in
2056 2381 2088 2425 se

1133 2425 1316 2476 perniciem
1324 2425 1601 2466 ,machinabantur
1611 2453 1622 2468 ,
1647 2430 1680 2463 δε
1693 2440 1807 2465 eorum
1822 2431 1866 2464 usi
1882 2432 1955 2465 sunt
1967 2431 2088 2474 princi-

1136 2476 1222 2522 pales
1243 2475 1372 2511 auxilio
1392 2476 1427 2511 in
1449 2487 1563 2513 eorum
1582 2478 1790 2514 servitutem.
1819 2480 1903 2526 Qae
1921 2478 2087 2515 haectant‘i

1136 2526 1206 2562 odii
1227 2527 1324 2565 causa
1344 2527 1451 2562 fuerat
1467 2552 1479 2568 ,
1505 2538 1543 2561 ut
1564 2539 1622 2571 pro
1641 2538 1693 2562 me
1713 2529 1945 2574 extinguendo
1966 2526 2088 2574 'seipsos

1136 2577 1391 2622 extinguerent?
1416 2577 1468 2617 Ita
1479 2576 1560 2611 dum
1572 2577 1751 2621 spiritualia
1773 2590 1833 2623 pro
1851 2577 2088 2623 temporalibus

1137 2627 1339 2685 negligqm,
1360 2626 1518 2676 deficiunt
1539 2627 1573 2660 in
1597 2627 1741 2672 utrisque
1755 2654 1762 2661 .
1800 2630 1895 2676 Qid
1921 2630 2013 2673 quod
2034 2643 2090 2666 me

1137 2677 1519 2719 etiam-reclamantem„
1539 2677 1575 2711 a&
1596 2677 1799 2712 audientiam
1822 2678 1960 2714 vestram
1981 2678 2090 2725 appel-

1138 2724 1298 2766 lantem‘,
1317 2726 1448 2760 Patrem
1461 2727 1555 2761 sunm
1567 2726 1737 2770 injudicio
1746 2728 1902 2764 damnare
1914 2731 1979 2764 ausi
1999 2730 2087 2766 sunt?

1138 2777 1231 2824 Qid
1271 2776 1372 2810 etiam
1411 2777 1433 2809 si
1469 2775 1505 2810 in
1532 2775 1713 2812 universam
1742 2778 1918 2814 Ecclesiam
1938 2792 2014 2815 cum
2041 2783 2092 2816 of-

1140 2829 1232 2862 fenso
1261 2824 1357 2872 nobis
1383 2824 1536 2870 Principe
1561 2826 1816 2871 adspirationem
1843 2831 1990 2866 fecerunt
2007 2833 2022 2864 ?
2046 2829 2091 2867 Et

1140 2889 1194 2918 te,
1223 2876 1319 2911 Pater
1344 2876 1543 2910 Sanctiffime
1561 2902 1571 2918 ,
1600 2878 1738 2923 suspicio
1766 2880 1809 2914 ita
1837 2892 1965 2923 porerat
1991 2882 2092 2916 attin-

1141 2938 1215 2974 gere
1236 2953 1244 2960 .
1271 2926 1320 2961 At
1345 2926 1498 2970 inquient
1518 2951 1530 2967 ,
1570 2929 1658 2973 Regi
1684 2929 1880 2964 tenebantur
1906 2944 1949 2966 ex
1975 2931 2091 2966 debito

1143 2977 1286 3012 Domini
1323 3001 1330 3009 .
1356 2977 1418 3014 Sed
1447 2977 1496 3010 illi
1523 2979 1736 3022 corporaliter
1762 3004 1775 3022 ,
1808 2980 1893 3016 mihi
1921 2982 2092 3025 spirituali-

1144 3039 1212 3062 ter.
1239 3026 1304 3062 Cui
1330 3026 1529 3072 spiritualius
1549 3030 1652 3064 teneri
1674 3030 1870 3073 potuerunt,
1905 3032 2002 3076 quam
2022 3031 2094 3066 sibi-

1144 3078 1240 3122 ipsis?
1265 3077 1391 3111 Nonne
1418 3078 1526 3122 potius
1555 3079 1775 3123 corporalium
1787 3081 1966 3122 damnum,
1993 3082 2091 3125 quim

1145 3127 1361 3172 spiritualium
1387 3127 1625 3173 negligendum
1646 3130 1737 3164 fuit!⁷
1768 3131 1928 3175 Inquiunt
1953 3131 2060 3166 rursus
2079 3155 2093 3172 ‚

1145 3177 1210 3213 hoc
1254 3188 1404 3222 tempore
1441 3179 1628 3224 Principem
1666 3192 1735 3215 non
1782 3183 1875 3217 fuisse
1912 3181 2092 3225 provocan-

1145 3229 1239 3263 dum.
1277 3229 1392 3276 Quam
1419 3228 1582 3265 subtiliter
1608 3230 1644 3264 in
1670 3231 1760 3266 suam
1787 3233 1971 3266 servitutem
1998 3237 2092 3280 argu-

1145 3279 1361 3314 mentantur?
1381 3278 1491 3314 Immo
1518 3280 1573 3325 ipsi
1602 3276 1805 3325 provocant,
1829 3281 1886 3324 qui
1913 3278 2094 3314 exceffib'us

1146 3330 1210 3364 suis
1239 3330 1309 3363 alas
1347 3328 1487 3370 praebent
1522 3355 1533 3372 ,
1567 3331 1601 3366 δε
1638 3330 1824 3376 suffragium
1864 3354 1871 3361 .
1908 3327 2095 3377 Quiew‘isset

1145 3380 1235 3413 enim
1258 3404 1269 3420 ,
1303 3378 1368 3411 nist
1389 3380 1623 3421 acquievissent
1649 3380 1697 3424 illi
1719 3405 1726 3412 .
1767 3380 1809 3412 Et
1852 3390 1920 3423 quo
1947 3376 2098 3423 tempo're

1146 3429 1250 3474 magis
1272 3428 1424 3471 neeeffirrta
1444 3430 1627 3464 constantia
1643 3435 1659 3470 ,'
1691 3426 1789 3476 *quam
1803 3428 1897 3475 inter
1916 3430 2097 3473 persecuto·

1149 3481 1221 3515 res?
1238 3478 1362 3515 Nonne
1373 3479 1564 3515 Familiares
1574 3476 1644 3523 ej'u's
1655 3468 1934 3523 persecutionibus
1945 3475 2097 3562 εοώρῖοο

1910 3528 2027 3565 bantur

1546 2327 1641 2377 Qin
1663 2329 1764 2364 etiam
1784 2330 1806 2364 si
1823 2330 1913 2365 oculi
1936 2330 2086 2378 linguam
2140 2362 2149 2368 ,,
