<?xml version="1.0" encoding="UTF-8"?>
<!DOCTYPE html PUBLIC "-//W3C//DTD XHTML 1.0 Transitional//EN"
    "http://www.w3.org/TR/xhtml1/DTD/xhtml1-transitional.dtd">
<html xmlns="http://www.w3.org/1999/xhtml" xml:lang="en" lang="en">
 <head>
  <title>
</title>
<meta http-equiv="Content-Type" content="text/html;charset=utf-8" />
  <meta name='ocr-system' content='tesseract 3.04.00' />
  <meta name='ocr-capabilities' content='ocr_page ocr_carea ocr_par ocr_line ocrx_word'/>
</head>
<body>
  <div class='ocr_page' id='page_1' title='image "./operaomniastudio10lupuuoft_0126.png"; bbox 0 0 2358 3776; ppageno 0'>
   <div class='ocr_carea' id='block_1_1' title="bbox 405 171 1112 326">
    <p class='ocr_par' dir='ltr' id='par_1_1' title="bbox 405 171 1112 326">
     <span class='ocr_line' id='line_1_1' title="bbox 405 171 498 216; baseline -0.022 -11"><span class='ocrx_word' id='word_1_1' title='bbox 405 171 498 216; x_wconf 84' lang='lat'>104</span> 
     </span>
     <span class='ocr_line' id='line_1_2' title="bbox 486 283 1112 326; baseline -0.002 -4"><span class='ocrx_word' id='word_1_2' title='bbox 486 283 908 326; x_wconf 72' lang='lat' dir='ltr'>EPISTOLA</span> <span class='ocrx_word' id='word_1_3' title='bbox 970 285 1112 325; x_wconf 77' lang='lat' dir='ltr'>Lxxu.</span> 
     </span>
    </p>
   </div>
   <div class='ocr_carea' id='block_1_2' title="bbox 306 387 1275 3481">
    <p class='ocr_par' dir='ltr' id='par_1_2' title="bbox 505 387 1095 481">
     <span class='ocr_line' id='line_1_3' title="bbox 505 387 1095 430; baseline -0.007 -7"><span class='ocrx_word' id='word_1_4' title='bbox 505 389 676 423; x_wconf 73' lang='lat' dir='ltr'>Alexandro</span> <span class='ocrx_word' id='word_1_5' title='bbox 703 391 799 430; x_wconf 75' lang='lat' dir='ltr'>Papae</span> <span class='ocrx_word' id='word_1_6' title='bbox 826 387 951 428; x_wconf 75' lang='lat' dir='ltr'>quidam</span> <span class='ocrx_word' id='word_1_7' title='bbox 977 388 1095 428; x_wconf 58' lang='lat' dir='ltr'>Amica:</span> 
     </span>
     <span class='ocr_line' id='line_1_4' title="bbox 752 435 845 481; baseline 0.011 -12"><span class='ocrx_word' id='word_1_8' title='bbox 752 435 825 481; x_wconf 76' lang='lat' dir='ltr'>saur</span> <span class='ocrx_word' id='word_1_9' title='bbox 837 460 845 470; x_wconf 86' lang='lat'><strong><em>.</em></strong></span> 
     </span>
    </p>

    <p class='ocr_par' dir='ltr' id='par_1_3' title="bbox 372 535 1274 580">
     <span class='ocr_line' id='line_1_5' title="bbox 372 535 1274 580; baseline -0.006 -5"><span class='ocrx_word' id='word_1_10' title='bbox 372 537 667 577; x_wconf 86' lang='lat' dir='ltr'>MPERATOR,</span> <span class='ocrx_word' id='word_1_11' title='bbox 694 536 769 572; x_wconf 73' lang='lat' dir='ltr'>cum</span> <span class='ocrx_word' id='word_1_12' title='bbox 795 536 964 580; x_wconf 81' lang='lat' dir='ltr'>Principes</span> <span class='ocrx_word' id='word_1_13' title='bbox 977 537 1049 572; x_wconf 82' lang='lat' dir='ltr'>suos</span> <span class='ocrx_word' id='word_1_14' title='bbox 1072 535 1113 572; x_wconf 82' lang='lat' dir='ltr'>ad</span> <span class='ocrx_word' id='word_1_15' title='bbox 1124 536 1274 576; x_wconf 87' lang='lat' dir='ltr'>Curiam,</span> 
     </span>
    </p>

    <p class='ocr_par' dir='ltr' id='par_1_4' title="bbox 306 548 1275 2732">
     <span class='ocr_line' id='line_1_6' title="bbox 325 548 1275 654; baseline -0.004 -30"><span class='ocrx_word' id='word_1_16' title='bbox 325 548 368 654; x_wconf 86' lang='lat' dir='ltr'>I</span> <span class='ocrx_word' id='word_1_17' title='bbox 395 601 490 635; x_wconf 87' lang='lat' dir='ltr'>quam</span> <span class='ocrx_word' id='word_1_18' title='bbox 514 590 560 622; x_wconf 88' lang='lat' dir='ltr'>eis</span> <span class='ocrx_word' id='word_1_19' title='bbox 587 588 621 621; x_wconf 88' lang='lat' dir='ltr'>in</span> <span class='ocrx_word' id='word_1_20' title='bbox 647 587 742 622; x_wconf 90' lang='lat' dir='ltr'>Festo</span> <span class='ocrx_word' id='word_1_21' title='bbox 763 587 967 624; x_wconf 88' lang='lat' dir='ltr'>Pentecostes</span> <span class='ocrx_word' id='word_1_22' title='bbox 981 587 1167 626; x_wconf 85' lang='lat' dir='ltr'>indixerat,</span> <span class='ocrx_word' id='word_1_23' title='bbox 1192 587 1275 621; x_wconf 83' lang='lat' dir='ltr'>adu-</span> 
     </span>
     <span class='ocr_line' id='line_1_7' title="bbox 337 635 1273 681; baseline -0.003 -8"><span class='ocrx_word' id='word_1_24' title='bbox 337 654 341 657; x_wconf 92' lang='lat'>·</span> <span class='ocrx_word' id='word_1_25' title='bbox 395 642 494 675; x_wconf 79' lang='lat' dir='ltr'>nasset</span> <span class='ocrx_word' id='word_1_26' title='bbox 510 664 520 680; x_wconf 92' lang='lat'>,</span> <span class='ocrx_word' id='word_1_27' title='bbox 542 638 576 672; x_wconf 88' lang='lat'>&amp;</span> <span class='ocrx_word' id='word_1_28' title='bbox 602 637 771 681; x_wconf 79' lang='lat' dir='ltr'>Principes</span> <span class='ocrx_word' id='word_1_29' title='bbox 793 637 847 680; x_wconf 80' lang='lat' dir='ltr'>ipfi</span> <span class='ocrx_word' id='word_1_30' title='bbox 875 635 1031 672; x_wconf 83' lang='lat' dir='ltr'>sabbatho</span> <span class='ocrx_word' id='word_1_31' title='bbox 1054 649 1130 672; x_wconf 88' lang='lat' dir='ltr'>ante</span> <span class='ocrx_word' id='word_1_32' title='bbox 1143 638 1273 671; x_wconf 80' lang='lat' dir='ltr'>Festum</span> 
     </span>
     <span class='ocr_line' id='line_1_8' title="bbox 324 686 1272 736; baseline -0.003 -11"><span class='ocrx_word' id='word_1_33' title='bbox 324 703 421 736; x_wconf 83' lang='lat' dir='ltr'>atquc</span> <span class='ocrx_word' id='word_1_34' title='bbox 443 688 649 732; x_wconf 84' lang='lat' dir='ltr'>subsequenti</span> <span class='ocrx_word' id='word_1_35' title='bbox 671 687 810 721; x_wconf 87' lang='lat' dir='ltr'>secunda</span> <span class='ocrx_word' id='word_1_36' title='bbox 822 687 899 721; x_wconf 89' lang='lat' dir='ltr'>feria</span> <span class='ocrx_word' id='word_1_37' title='bbox 921 686 962 722; x_wconf 89' lang='lat' dir='ltr'>de</span> <span class='ocrx_word' id='word_1_38' title='bbox 975 699 1053 732; x_wconf 79' lang='lat' dir='ltr'>pace</span> <span class='ocrx_word' id='word_1_39' title='bbox 1072 688 1158 722; x_wconf 79' lang='lat' dir='ltr'>inter</span> <span class='ocrx_word' id='word_1_40' title='bbox 1172 699 1228 721; x_wconf 90' lang='lat' dir='ltr'>vos</span> <span class='ocrx_word' id='word_1_41' title='bbox 1239 687 1272 720; x_wconf 77' lang='grc' dir='ltr'>δ(</span> 
     </span>
     <span class='ocr_line' id='line_1_9' title="bbox 322 736 1272 784; baseline -0.005 -9"><span class='ocrx_word' id='word_1_42' title='bbox 322 753 397 775; x_wconf 85' lang='lat' dir='ltr'>eum</span> <span class='ocrx_word' id='word_1_43' title='bbox 418 736 623 775; x_wconf 83' lang='lat' dir='ltr'>reformanda</span> <span class='ocrx_word' id='word_1_44' title='bbox 645 739 776 772; x_wconf 69' lang='lat' dir='ltr'>trastare</span> <span class='ocrx_word' id='word_1_45' title='bbox 798 737 966 781; x_wconf 79' lang='lat' dir='ltr'>coepiss&#39;ent</span> <span class='ocrx_word' id='word_1_46' title='bbox 985 763 996 779; x_wconf 90' lang='lat'>,</span> <span class='ocrx_word' id='word_1_47' title='bbox 1035 736 1236 784; x_wconf 86' lang='lat' dir='ltr'>Reginaldus</span> <span class='ocrx_word' id='word_1_48' title='bbox 1261 761 1272 777; x_wconf 93' lang='lat'><strong>,</strong></span> 
     </span>
     <span class='ocr_line' id='line_1_10' title="bbox 323 786 1270 831; baseline -0.005 -6"><span class='ocrx_word' id='word_1_49' title='bbox 323 790 426 825; x_wconf 59' lang='lat' dir='ltr'>dictus</span> <span class='ocrx_word' id='word_1_50' title='bbox 437 789 647 825; x_wconf 84' lang='lat' dir='ltr'>Colonienfis</span> <span class='ocrx_word' id='word_1_51' title='bbox 658 812 669 828; x_wconf 91' lang='lat'><strong>,</strong></span> <span class='ocrx_word' id='word_1_52' title='bbox 694 786 827 823; x_wconf 85' lang='lat' dir='ltr'>advenit</span> <span class='ocrx_word' id='word_1_53' title='bbox 838 811 848 827; x_wconf 94' lang='lat'><strong><em>,</em></strong></span> <span class='ocrx_word' id='word_1_54' title='bbox 868 788 997 831; x_wconf 72' lang='lat' dir='ltr'>publice</span> <span class='ocrx_word' id='word_1_55' title='bbox 1011 789 1146 823; x_wconf 80' lang='lat' dir='ltr'>afferens</span> <span class='ocrx_word' id='word_1_56' title='bbox 1156 788 1190 823; x_wconf 88' lang='lat'>&amp;</span> <span class='ocrx_word' id='word_1_57' title='bbox 1201 798 1270 831; x_wconf 76' lang='lat' dir='ltr'>pro-</span> 
     </span>
     <span class='ocr_line' id='line_1_11' title="bbox 320 837 1271 885; baseline -0.007 -9"><span class='ocrx_word' id='word_1_58' title='bbox 320 852 468 885; x_wconf 86' lang='lat' dir='ltr'>ponens,</span> <span class='ocrx_word' id='word_1_59' title='bbox 495 838 584 885; x_wconf 73' lang='lat' dir='ltr'>quod</span> <span class='ocrx_word' id='word_1_60' title='bbox 598 837 682 872; x_wconf 90' lang='lat' dir='ltr'>nihil</span> <span class='ocrx_word' id='word_1_61' title='bbox 706 849 819 872; x_wconf 87' lang='lat' dir='ltr'>contra</span> <span class='ocrx_word' id='word_1_62' title='bbox 840 839 902 872; x_wconf 84' lang='lat' dir='ltr'>vos</span> <span class='ocrx_word' id='word_1_63' title='bbox 921 839 963 873; x_wconf 85' lang='lat' dir='ltr'>ad</span> <span class='ocrx_word' id='word_1_64' title='bbox 984 837 1146 874; x_wconf 88' lang='lat' dir='ltr'>honorem</span> <span class='ocrx_word' id='word_1_65' title='bbox 1159 838 1207 871; x_wconf 90' lang='lat' dir='ltr'>sui</span> <span class='ocrx_word' id='word_1_66' title='bbox 1222 837 1271 870; x_wconf 83' lang='lat' dir='ltr'>la-</span> 
     </span>
     <span class='ocr_line' id='line_1_12' title="bbox 321 888 1269 933; baseline -0.006 -7"><span class='ocrx_word' id='word_1_67' title='bbox 321 891 416 926; x_wconf 84' lang='lat' dir='ltr'>boret</span> <span class='ocrx_word' id='word_1_68' title='bbox 426 891 567 925; x_wconf 83' lang='lat' dir='ltr'>studium</span> <span class='ocrx_word' id='word_1_69' title='bbox 588 890 791 933; x_wconf 85' lang='lat' dir='ltr'>Imperatoris</span> <span class='ocrx_word' id='word_1_70' title='bbox 815 889 1019 931; x_wconf 86' lang='lat' dir='ltr'>proficerent,</span> <span class='ocrx_word' id='word_1_71' title='bbox 1030 900 1091 924; x_wconf 89' lang='lat' dir='ltr'>nec</span> <span class='ocrx_word' id='word_1_72' title='bbox 1102 888 1169 932; x_wconf 82' lang='lat' dir='ltr'>ejus</span> <span class='ocrx_word' id='word_1_73' title='bbox 1189 898 1269 921; x_wconf 91' lang='lat' dir='ltr'>tunc</span> 
     </span>
     <span class='ocr_line' id='line_1_13' title="bbox 319 938 1270 986; baseline -0.005 -11"><span class='ocrx_word' id='word_1_74' title='bbox 319 940 621 986; x_wconf 73' lang='lat' dir='ltr'>penitusaflentiret</span> <span class='ocrx_word' id='word_1_75' title='bbox 633 939 789 973; x_wconf 82' lang='lat' dir='ltr'>consiliis.</span> <span class='ocrx_word' id='word_1_76' title='bbox 819 939 961 974; x_wconf 85' lang='lat' dir='ltr'>Dicebat</span> <span class='ocrx_word' id='word_1_77' title='bbox 981 941 1073 974; x_wconf 84' lang='lat' dir='ltr'>enim</span> <span class='ocrx_word' id='word_1_78' title='bbox 1096 938 1187 981; x_wconf 75' lang='lat' dir='ltr'>quod</span> <span class='ocrx_word' id='word_1_79' title='bbox 1211 948 1270 980; x_wconf 87' lang='lat' dir='ltr'>po·</span> 
     </span>
     <span class='ocr_line' id='line_1_14' title="bbox 319 987 1267 1035; baseline -0.005 -10"><span class='ocrx_word' id='word_1_80' title='bbox 319 991 385 1026; x_wconf 82' lang='lat' dir='ltr'>tior</span> <span class='ocrx_word' id='word_1_81' title='bbox 397 1003 466 1035; x_wconf 85' lang='lat' dir='ltr'>pars</span> <span class='ocrx_word' id='word_1_82' title='bbox 479 991 606 1034; x_wconf 85' lang='lat' dir='ltr'>Imperii</span> <span class='ocrx_word' id='word_1_83' title='bbox 618 989 786 1024; x_wconf 86' lang='lat' dir='ltr'>vobiscum</span> <span class='ocrx_word' id='word_1_84' title='bbox 798 1000 866 1022; x_wconf 91' lang='lat' dir='ltr'>erat</span> <span class='ocrx_word' id='word_1_85' title='bbox 891 1013 901 1030; x_wconf 91' lang='lat'><strong>,</strong></span> <span class='ocrx_word' id='word_1_86' title='bbox 925 998 1188 1024; x_wconf 85' lang='lat' dir='ltr'>commemorans</span> <span class='ocrx_word' id='word_1_87' title='bbox 1211 987 1267 1021; x_wconf 85' lang='lat' dir='ltr'>sci-</span> 
     </span>
     <span class='ocr_line' id='line_1_15' title="bbox 318 1036 1268 1086; baseline -0.003 -12"><span class='ocrx_word' id='word_1_88' title='bbox 318 1041 395 1076; x_wconf 72' lang='lat' dir='ltr'>licet</span> <span class='ocrx_word' id='word_1_89' title='bbox 423 1041 709 1086; x_wconf 89' lang='lat' dir='ltr'>Salzeburgensem</span> <span class='ocrx_word' id='word_1_90' title='bbox 730 1065 740 1080; x_wconf 94' lang='lat'>,</span> <span class='ocrx_word' id='word_1_91' title='bbox 767 1039 1010 1085; x_wconf 88' lang='lat' dir='ltr'>Moguntinum</span> <span class='ocrx_word' id='word_1_92' title='bbox 1029 1063 1040 1079; x_wconf 91' lang='lat'><em>‚</em></span> <span class='ocrx_word' id='word_1_93' title='bbox 1065 1039 1098 1073; x_wconf 90' lang='lat'>&amp;</span> <span class='ocrx_word' id='word_1_94' title='bbox 1119 1038 1202 1073; x_wconf 83' lang='lat' dir='ltr'>alios</span> <span class='ocrx_word' id='word_1_95' title='bbox 1226 1036 1268 1071; x_wconf 88' lang='lat' dir='ltr'>de</span> 
     </span>
     <span class='ocr_line' id='line_1_16' title="bbox 317 1087 1268 1133; baseline -0.004 -8"><span class='ocrx_word' id='word_1_96' title='bbox 317 1090 519 1126; x_wconf 83' lang='lat' dir='ltr'>Alemannia</span> <span class='ocrx_word' id='word_1_97' title='bbox 541 1115 554 1131; x_wconf 92' lang='lat'>‚</span> <span class='ocrx_word' id='word_1_98' title='bbox 587 1090 695 1125; x_wconf 88' lang='lat' dir='ltr'>vestrae</span> <span class='ocrx_word' id='word_1_99' title='bbox 717 1090 947 1133; x_wconf 82' lang='lat' dir='ltr'>obtemperarit</span> <span class='ocrx_word' id='word_1_100' title='bbox 969 1089 1163 1124; x_wconf 66' lang='lat' dir='ltr'>sanctitati.</span> <span class='ocrx_word' id='word_1_101' title='bbox 1202 1087 1268 1121; x_wconf 90' lang='lat' dir='ltr'>Ve-</span> 
     </span>
     <span class='ocr_line' id='line_1_17' title="bbox 315 1139 1267 1186; baseline -0.004 -11"><span class='ocrx_word' id='word_1_102' title='bbox 315 1151 502 1176; x_wconf 81' lang='lat' dir='ltr'>rumtamen</span> <span class='ocrx_word' id='word_1_103' title='bbox 515 1141 555 1175; x_wconf 83' lang='lat' dir='ltr'>ad</span> <span class='ocrx_word' id='word_1_104' title='bbox 577 1140 858 1186; x_wconf 81' lang='lat' dir='ltr'>magnificandum</span> <span class='ocrx_word' id='word_1_105' title='bbox 883 1141 1020 1184; x_wconf 85' lang='lat' dir='ltr'>seipsum</span> <span class='ocrx_word' id='word_1_106' title='bbox 1043 1139 1169 1182; x_wconf 84' lang='lat' dir='ltr'>inquit:</span> <span class='ocrx_word' id='word_1_107' title='bbox 1197 1140 1267 1171; x_wconf 85' lang='lat' dir='ltr'>Plu·</span> 
     </span>
     <span class='ocr_line' id='line_1_18' title="bbox 315 1188 1265 1235; baseline -0.004 -11"><span class='ocrx_word' id='word_1_108' title='bbox 315 1202 364 1225; x_wconf 77' lang='lat' dir='ltr'>res</span> <span class='ocrx_word' id='word_1_109' title='bbox 377 1194 469 1235; x_wconf 71' lang='lat' dir='ltr'>qucim</span> <span class='ocrx_word' id='word_1_110' title='bbox 483 1202 534 1224; x_wconf 87' lang='lat' dir='ltr'>nos</span> <span class='ocrx_word' id='word_1_111' title='bbox 542 1189 644 1234; x_wconf 77' lang='lat' dir='ltr'>sumus</span> <span class='ocrx_word' id='word_1_112' title='bbox 657 1193 701 1225; x_wconf 78' lang='lat' dir='ltr'>ad</span> <span class='ocrx_word' id='word_1_113' title='bbox 710 1191 908 1225; x_wconf 64' lang='lat' dir='ltr'>obedientiam</span> <span class='ocrx_word' id='word_1_114' title='bbox 921 1189 1072 1233; x_wconf 66' lang='lat' dir='ltr'>apostolici</span> <span class='ocrx_word' id='word_1_115' title='bbox 1095 1188 1182 1229; x_wconf 75' lang='lat' dir='ltr'>nostrl</span> <span class='ocrx_word' id='word_1_116' title='bbox 1203 1198 1265 1221; x_wconf 82' lang='lat' dir='ltr'>con-</span> 
     </span>
     <span class='ocr_line' id='line_1_19' title="bbox 316 1241 1264 1285; baseline -0.005 -10"><span class='ocrx_word' id='word_1_117' title='bbox 316 1241 438 1284; x_wconf 74' lang='lat' dir='ltr'>quaefivi</span> <span class='ocrx_word' id='word_1_118' title='bbox 451 1266 462 1283; x_wconf 90' lang='lat'>,</span> <span class='ocrx_word' id='word_1_119' title='bbox 487 1253 557 1284; x_wconf 85' lang='lat' dir='ltr'>quos</span> <span class='ocrx_word' id='word_1_120' title='bbox 577 1248 604 1275; x_wconf 76' lang='grc' dir='ltr'>εὶ</span> <span class='ocrx_word' id='word_1_121' title='bbox 612 1244 677 1274; x_wconf 84' lang='lat' dir='ltr'>Rex</span> <span class='ocrx_word' id='word_1_122' title='bbox 705 1243 864 1285; x_wconf 83' lang='lat' dir='ltr'>Anglorum</span> <span class='ocrx_word' id='word_1_123' title='bbox 881 1251 1000 1274; x_wconf 81' lang='lat' dir='ltr'>numero</span> <span class='ocrx_word' id='word_1_124' title='bbox 1020 1244 1264 1283; x_wconf 71' lang='lat' dir='ltr'><em>quinquaginta,</em></span> 
     </span>
     <span class='ocr_line' id='line_1_20' title="bbox 313 1288 1262 1335; baseline -0.006 -9"><span class='ocrx_word' id='word_1_125' title='bbox 313 1294 349 1326; x_wconf 61' lang='grc' dir='ltr'>ὁ·</span> <span class='ocrx_word' id='word_1_126' title='bbox 357 1294 461 1335; x_wconf 81' lang='lat' dir='ltr'>plures</span> <span class='ocrx_word' id='word_1_127' title='bbox 473 1316 484 1332; x_wconf 94' lang='lat'>,</span> <span class='ocrx_word' id='word_1_128' title='bbox 503 1294 599 1333; x_wconf 77' lang='lat' dir='ltr'>Juxta</span> <span class='ocrx_word' id='word_1_129' title='bbox 613 1294 732 1324; x_wconf 80' lang='lat' dir='ltr'><strong><em>Domini</em></strong></span> <span class='ocrx_word' id='word_1_130' title='bbox 750 1295 939 1333; x_wconf 70' lang='lat' dir='ltr'>Imperatoris</span> <span class='ocrx_word' id='word_1_131' title='bbox 952 1290 1164 1332; x_wconf 72' lang='lat' dir='ltr'>beneplacitum</span> <span class='ocrx_word' id='word_1_132' title='bbox 1177 1288 1262 1323; x_wconf 70' lang='lat' dir='ltr'>exhi-</span> 
     </span>
     <span class='ocr_line' id='line_1_21' title="bbox 311 1338 1262 1386; baseline -0.003 -10"><span class='ocrx_word' id='word_1_133' title='bbox 311 1342 414 1378; x_wconf 76' lang='lat' dir='ltr'>bebtt.</span> <span class='ocrx_word' id='word_1_134' title='bbox 444 1342 532 1377; x_wconf 77' lang='lat' dir='ltr'>Cum</span> <span class='ocrx_word' id='word_1_135' title='bbox 546 1342 646 1386; x_wconf 88' lang='lat' dir='ltr'>igitur</span> <span class='ocrx_word' id='word_1_136' title='bbox 659 1341 689 1376; x_wconf 92' lang='lat' dir='ltr'>ei</span> <span class='ocrx_word' id='word_1_137' title='bbox 701 1341 778 1376; x_wconf 80' lang='lat' dir='ltr'>talia</span> <span class='ocrx_word' id='word_1_138' title='bbox 804 1339 1031 1385; x_wconf 77' lang='lat' dir='ltr'>promittenti,</span> <span class='ocrx_word' id='word_1_139' title='bbox 1055 1341 1089 1375; x_wconf 75' lang='grc' dir='ltr'>ἀ</span> <span class='ocrx_word' id='word_1_140' title='bbox 1110 1340 1151 1374; x_wconf 90' lang='lat' dir='ltr'>ad</span> <span class='ocrx_word' id='word_1_141' title='bbox 1172 1338 1262 1374; x_wconf 85' lang='lat' dir='ltr'>certi·</span> 
     </span>
     <span class='ocr_line' id='line_1_22' title="bbox 312 1391 1266 1436; baseline -0.003 -8"><span class='ocrx_word' id='word_1_142' title='bbox 312 1393 465 1429; x_wconf 80' lang='lat' dir='ltr'>tudinem</span> <span class='ocrx_word' id='word_1_143' title='bbox 478 1391 574 1434; x_wconf 81' lang='lat' dir='ltr'>hujus</span> <span class='ocrx_word' id='word_1_144' title='bbox 585 1393 630 1426; x_wconf 89' lang='lat' dir='ltr'>rei</span> <span class='ocrx_word' id='word_1_145' title='bbox 643 1391 726 1426; x_wconf 86' lang='lat' dir='ltr'>duos</span> <span class='ocrx_word' id='word_1_146' title='bbox 748 1391 900 1426; x_wconf 89' lang='lat' dir='ltr'>Nuncios</span> <span class='ocrx_word' id='word_1_147' title='bbox 917 1391 1058 1436; x_wconf 71' lang='lat' dir='ltr'>praedisti</span> <span class='ocrx_word' id='word_1_148' title='bbox 1080 1391 1184 1436; x_wconf 86' lang='lat' dir='ltr'>Regis</span> <span class='ocrx_word' id='word_1_149' title='bbox 1195 1400 1266 1434; x_wconf 77' lang='lat' dir='ltr'>prz-</span> 
     </span>
     <span class='ocr_line' id='line_1_23' title="bbox 311 1440 1263 1486; baseline -0.005 -8"><span class='ocrx_word' id='word_1_150' title='bbox 311 1443 491 1478; x_wconf 86' lang='lat' dir='ltr'>sentialiter</span> <span class='ocrx_word' id='word_1_151' title='bbox 507 1440 693 1482; x_wconf 86' lang='lat' dir='ltr'>exhibenti,</span> <span class='ocrx_word' id='word_1_152' title='bbox 719 1441 760 1475; x_wconf 85' lang='lat' dir='ltr'>de</span> <span class='ocrx_word' id='word_1_153' title='bbox 782 1441 1006 1486; x_wconf 88' lang='lat' dir='ltr'>prosequendo</span> <span class='ocrx_word' id='word_1_154' title='bbox 1029 1441 1100 1484; x_wconf 86' lang='lat' dir='ltr'>ejus</span> <span class='ocrx_word' id='word_1_155' title='bbox 1121 1440 1263 1475; x_wconf 83' lang='lat' dir='ltr'>consilio</span> 
     </span>
     <span class='ocr_line' id='line_1_24' title="bbox 310 1489 1261 1533; baseline -0.005 -6"><span class='ocrx_word' id='word_1_156' title='bbox 310 1495 406 1527; x_wconf 85' lang='lat' dir='ltr'>suum</span> <span class='ocrx_word' id='word_1_157' title='bbox 420 1493 598 1533; x_wconf 81' lang='lat' dir='ltr'>Imperator</span> <span class='ocrx_word' id='word_1_158' title='bbox 616 1491 824 1533; x_wconf 81' lang='lat' dir='ltr'>polliceretur</span> <span class='ocrx_word' id='word_1_159' title='bbox 833 1492 1011 1529; x_wconf 74' lang='lat' dir='ltr'>assensum,</span> <span class='ocrx_word' id='word_1_160' title='bbox 1038 1491 1072 1524; x_wconf 86' lang='lat' dir='ltr'>in</span> <span class='ocrx_word' id='word_1_161' title='bbox 1094 1489 1261 1524; x_wconf 82' lang='lat' dir='ltr'>audientia</span> 
     </span>
     <span class='ocr_line' id='line_1_25' title="bbox 310 1538 1262 1582; baseline -0.005 -6"><span class='ocrx_word' id='word_1_162' title='bbox 310 1544 503 1576; x_wconf 65' lang='lat' dir='ltr'>cunctorum</span> <span class='ocrx_word' id='word_1_163' title='bbox 516 1538 708 1581; x_wconf 77' lang='lat' dir='ltr'>Principum</span> <span class='ocrx_word' id='word_1_164' title='bbox 722 1538 908 1580; x_wconf 82' lang='lat' dir='ltr'>hujusmodi</span> <span class='ocrx_word' id='word_1_165' title='bbox 921 1539 1096 1573; x_wconf 88' lang='lat' dir='ltr'>consilium</span> <span class='ocrx_word' id='word_1_166' title='bbox 1118 1540 1262 1582; x_wconf 83' lang='lat' dir='ltr'>Impera-</span> 
     </span>
     <span class='ocr_line' id='line_1_26' title="bbox 309 1586 1261 1633; baseline -0.006 -7"><span class='ocrx_word' id='word_1_167' title='bbox 309 1592 375 1627; x_wconf 84' lang='lat' dir='ltr'>tori</span> <span class='ocrx_word' id='word_1_168' title='bbox 394 1588 549 1625; x_wconf 85' lang='lat' dir='ltr'>formavit</span> <span class='ocrx_word' id='word_1_169' title='bbox 577 1598 585 1618; x_wconf 91' lang='lat'>:</span> <span class='ocrx_word' id='word_1_170' title='bbox 626 1586 728 1633; x_wconf 60' lang='lat' dir='ltr'>Qud</span> <span class='ocrx_word' id='word_1_171' title='bbox 750 1587 818 1630; x_wconf 88' lang='lat' dir='ltr'>ipse</span> <span class='ocrx_word' id='word_1_172' title='bbox 838 1586 991 1622; x_wconf 84' lang='lat' dir='ltr'>videlicet</span> <span class='ocrx_word' id='word_1_173' title='bbox 1023 1588 1204 1631; x_wconf 82' lang='lat' dir='ltr'>Imperator</span> <span class='ocrx_word' id='word_1_174' title='bbox 1226 1587 1261 1620; x_wconf 89' lang='lat' dir='ltr'>in</span> 
     </span>
     <span class='ocr_line' id='line_1_27' title="bbox 307 1636 1261 1685; baseline -0.004 -9"><span class='ocrx_word' id='word_1_175' title='bbox 307 1641 481 1685; x_wconf 69' lang='lat' dir='ltr'>conspeetu</span> <span class='ocrx_word' id='word_1_176' title='bbox 493 1638 597 1673; x_wconf 87' lang='lat' dir='ltr'>totius</span> <span class='ocrx_word' id='word_1_177' title='bbox 611 1637 718 1671; x_wconf 87' lang='lat' dir='ltr'>Curiae</span> <span class='ocrx_word' id='word_1_178' title='bbox 729 1636 855 1680; x_wconf 88' lang='lat' dir='ltr'>propria</span> <span class='ocrx_word' id='word_1_179' title='bbox 881 1648 981 1672; x_wconf 87' lang='lat' dir='ltr'>manu</span> <span class='ocrx_word' id='word_1_180' title='bbox 1003 1637 1141 1681; x_wconf 81' lang='lat' dir='ltr'>juraret,</span> <span class='ocrx_word' id='word_1_181' title='bbox 1170 1637 1261 1682; x_wconf 75' lang='lat' dir='ltr'>quod</span> 
     </span>
     <span class='ocr_line' id='line_1_28' title="bbox 307 1687 1262 1733; baseline -0.006 -6"><span class='ocrx_word' id='word_1_182' title='bbox 307 1692 405 1727; x_wconf 81' lang='lat' dir='ltr'>nullo</span> <span class='ocrx_word' id='word_1_183' title='bbox 418 1689 562 1733; x_wconf 75' lang='lat' dir='ltr'>unquam</span> <span class='ocrx_word' id='word_1_184' title='bbox 573 1687 676 1723; x_wconf 87' lang='lat' dir='ltr'>totius</span> <span class='ocrx_word' id='word_1_185' title='bbox 688 1689 760 1721; x_wconf 84' lang='lat' dir='ltr'>vitae</span> <span class='ocrx_word' id='word_1_186' title='bbox 772 1688 833 1720; x_wconf 87' lang='lat' dir='ltr'>suae</span> <span class='ocrx_word' id='word_1_187' title='bbox 849 1697 996 1730; x_wconf 89' lang='lat' dir='ltr'>tempore</span> <span class='ocrx_word' id='word_1_188' title='bbox 1020 1700 1078 1723; x_wconf 90' lang='lat' dir='ltr'>vos</span> <span class='ocrx_word' id='word_1_189' title='bbox 1091 1713 1102 1728; x_wconf 95' lang='lat'>,</span> <span class='ocrx_word' id='word_1_190' title='bbox 1131 1688 1182 1722; x_wconf 89' lang='lat' dir='ltr'>vel</span> <span class='ocrx_word' id='word_1_191' title='bbox 1205 1688 1262 1722; x_wconf 89' lang='lat' dir='ltr'>ali-</span> 
     </span>
     <span class='ocr_line' id='line_1_29' title="bbox 311 1735 1260 1787; baseline -0.006 -10"><span class='ocrx_word' id='word_1_192' title='bbox 311 1753 409 1787; x_wconf 87' lang='lat' dir='ltr'>quem</span> <span class='ocrx_word' id='word_1_193' title='bbox 423 1740 479 1785; x_wconf 85' lang='lat' dir='ltr'>qui</span> <span class='ocrx_word' id='word_1_194' title='bbox 491 1735 632 1783; x_wconf 81' lang='lat' dir='ltr'>exparte</span> <span class='ocrx_word' id='word_1_195' title='bbox 649 1737 748 1771; x_wconf 87' lang='lat' dir='ltr'>vestra</span> <span class='ocrx_word' id='word_1_196' title='bbox 766 1738 803 1771; x_wconf 86' lang='lat' dir='ltr'>fit</span> <span class='ocrx_word' id='word_1_197' title='bbox 820 1761 832 1777; x_wconf 92' lang='lat'>,</span> <span class='ocrx_word' id='word_1_198' title='bbox 859 1738 894 1771; x_wconf 88' lang='lat' dir='ltr'>in</span> <span class='ocrx_word' id='word_1_199' title='bbox 917 1737 1116 1772; x_wconf 89' lang='lat' dir='ltr'>Pontificem</span> <span class='ocrx_word' id='word_1_200' title='bbox 1139 1737 1260 1771; x_wconf 89' lang='lat' dir='ltr'>Roma·</span> 
     </span>
     <span class='ocr_line' id='line_1_30' title="bbox 308 1785 1259 1834; baseline -0.012 -6"><span class='ocrx_word' id='word_1_201' title='bbox 308 1804 392 1828; x_wconf 86' lang='lat' dir='ltr'>num</span> <span class='ocrx_word' id='word_1_202' title='bbox 405 1791 556 1834; x_wconf 85' lang='lat' dir='ltr'>recipiet,</span> <span class='ocrx_word' id='word_1_203' title='bbox 581 1788 634 1823; x_wconf 90' lang='lat' dir='ltr'>sed</span> <span class='ocrx_word' id='word_1_204' title='bbox 658 1787 831 1822; x_wconf 89' lang='lat' dir='ltr'>devotioni</span> <span class='ocrx_word' id='word_1_205' title='bbox 854 1786 949 1832; x_wconf 86' lang='lat' dir='ltr'>Papae</span> <span class='ocrx_word' id='word_1_206' title='bbox 962 1787 1009 1822; x_wconf 89' lang='lat' dir='ltr'>sui</span> <span class='ocrx_word' id='word_1_207' title='bbox 1033 1785 1259 1822; x_wconf 68' lang='lat' dir='ltr'>Paschalisin.</span> 
     </span>
     <span class='ocr_line' id='line_1_31' title="bbox 309 1836 1260 1884; baseline -0.007 -5"><span class='ocrx_word' id='word_1_208' title='bbox 309 1841 465 1879; x_wconf 75' lang='lat' dir='ltr'>concusse</span> <span class='ocrx_word' id='word_1_209' title='bbox 478 1840 643 1884; x_wconf 78' lang='lat' dir='ltr'>semper&amp;</span> <span class='ocrx_word' id='word_1_210' title='bbox 661 1836 914 1883; x_wconf 82' lang='lat' dir='ltr'>inseparabiliter</span> <span class='ocrx_word' id='word_1_211' title='bbox 935 1837 1110 1874; x_wconf 69' lang='lat' dir='ltr'>adhaereret</span> <span class='ocrx_word' id='word_1_212' title='bbox 1127 1863 1134 1870; x_wconf 94' lang='lat'><strong>.</strong></span> <span class='ocrx_word' id='word_1_213' title='bbox 1161 1838 1195 1871; x_wconf 91' lang='lat' dir='ltr'>Si</span> <span class='ocrx_word' id='word_1_214' title='bbox 1209 1848 1260 1872; x_wconf 87' lang='lat' dir='ltr'>ve-</span> 
     </span>
     <span class='ocr_line' id='line_1_32' title="bbox 306 1887 1260 1934; baseline -0.008 -5"><span class='ocrx_word' id='word_1_215' title='bbox 306 1894 347 1930; x_wconf 81' lang='grc' dir='ltr'>ι·ὸ</span> <span class='ocrx_word' id='word_1_216' title='bbox 360 1893 443 1928; x_wconf 89' lang='lat' dir='ltr'>mori</span> <span class='ocrx_word' id='word_1_217' title='bbox 456 1891 504 1925; x_wconf 90' lang='lat' dir='ltr'>illi</span> <span class='ocrx_word' id='word_1_218' title='bbox 523 1888 601 1925; x_wconf 61' lang='lat' dir='ltr'>ante</span> <span class='ocrx_word' id='word_1_219' title='bbox 622 1890 854 1934; x_wconf 86' lang='lat' dir='ltr'>contingeret,</span> <span class='ocrx_word' id='word_1_220' title='bbox 881 1887 947 1923; x_wconf 87' lang='lat' dir='ltr'>hoc</span> <span class='ocrx_word' id='word_1_221' title='bbox 970 1888 1077 1933; x_wconf 90' lang='lat' dir='ltr'>ipsum</span> <span class='ocrx_word' id='word_1_222' title='bbox 1099 1888 1260 1932; x_wconf 63' lang='lat' dir='ltr'>iuramen-</span> 
     </span>
     <span class='ocr_line' id='line_1_33' title="bbox 309 1938 1260 1982; baseline -0.006 -4"><span class='ocrx_word' id='word_1_223' title='bbox 309 1954 380 1978; x_wconf 85' lang='lat' dir='ltr'>tum</span> <span class='ocrx_word' id='word_1_224' title='bbox 397 1942 443 1977; x_wconf 90' lang='lat' dir='ltr'>sui</span> <span class='ocrx_word' id='word_1_225' title='bbox 458 1942 648 1976; x_wconf 82' lang='lat' dir='ltr'>successores</span> <span class='ocrx_word' id='word_1_226' title='bbox 659 1939 882 1974; x_wconf 84' lang='lat' dir='ltr'>observarent.</span> <span class='ocrx_word' id='word_1_227' title='bbox 908 1939 1076 1982; x_wconf 88' lang='lat' dir='ltr'>Principes</span> <span class='ocrx_word' id='word_1_228' title='bbox 1088 1938 1165 1972; x_wconf 75' lang='lat' dir='ltr'>vero</span> <span class='ocrx_word' id='word_1_229' title='bbox 1185 1939 1260 1972; x_wconf 88' lang='lat' dir='ltr'>suos</span> 
     </span>
     <span class='ocr_line' id='line_1_34' title="bbox 310 1987 1257 2038; baseline -0.006 -10"><span class='ocrx_word' id='word_1_230' title='bbox 310 1993 347 2028; x_wconf 76' lang='lat' dir='ltr'>id</span> <span class='ocrx_word' id='word_1_231' title='bbox 371 1995 475 2038; x_wconf 89' lang='lat' dir='ltr'>ipsum</span> <span class='ocrx_word' id='word_1_232' title='bbox 494 1992 597 2035; x_wconf 82' lang='lat' dir='ltr'>jurare</span> <span class='ocrx_word' id='word_1_233' title='bbox 620 1990 854 2034; x_wconf 88' lang='lat' dir='ltr'>compelleret,</span> <span class='ocrx_word' id='word_1_234' title='bbox 880 1989 1005 2032; x_wconf 59' lang='lat' dir='ltr'>adjecto</span> <span class='ocrx_word' id='word_1_235' title='bbox 1019 1990 1052 2023; x_wconf 90' lang='lat' dir='ltr'>in</span> <span class='ocrx_word' id='word_1_236' title='bbox 1077 1987 1257 2023; x_wconf 86' lang='lat' dir='ltr'>eorundem</span> 
     </span>
     <span class='ocr_line' id='line_1_35' title="bbox 309 2038 1261 2085; baseline -0.006 -7"><span class='ocrx_word' id='word_1_237' title='bbox 309 2044 501 2085; x_wconf 84' lang='lat' dir='ltr'>Principum</span> <span class='ocrx_word' id='word_1_238' title='bbox 515 2042 716 2085; x_wconf 83' lang='lat' dir='ltr'>juramento,</span> <span class='ocrx_word' id='word_1_239' title='bbox 747 2040 869 2084; x_wconf 88' lang='lat' dir='ltr'>quodsi</span> <span class='ocrx_word' id='word_1_240' title='bbox 884 2038 971 2084; x_wconf 74' lang='lat' dir='ltr'>prius</span> <span class='ocrx_word' id='word_1_241' title='bbox 991 2040 1170 2082; x_wconf 84' lang='lat' dir='ltr'>Imperator</span> <span class='ocrx_word' id='word_1_242' title='bbox 1190 2038 1261 2072; x_wconf 87' lang='lat' dir='ltr'>obi·</span> 
     </span>
     <span class='ocr_line' id='line_1_36' title="bbox 310 2087 1263 2136; baseline -0.006 -8"><span class='ocrx_word' id='word_1_243' title='bbox 310 2104 364 2128; x_wconf 79' lang='lat' dir='ltr'>ret</span> <span class='ocrx_word' id='word_1_244' title='bbox 379 2116 389 2133; x_wconf 94' lang='lat'>‚</span> <span class='ocrx_word' id='word_1_245' title='bbox 416 2091 646 2136; x_wconf 83' lang='lat' dir='ltr'>Principesipsi</span> <span class='ocrx_word' id='word_1_246' title='bbox 660 2091 788 2125; x_wconf 86' lang='lat' dir='ltr'>nullum</span> <span class='ocrx_word' id='word_1_247' title='bbox 800 2089 895 2124; x_wconf 68' lang='lat' dir='ltr'>antea</span> <span class='ocrx_word' id='word_1_248' title='bbox 919 2099 1114 2124; x_wconf 87' lang='lat' dir='ltr'>coronarent</span> <span class='ocrx_word' id='word_1_249' title='bbox 1135 2090 1171 2122; x_wconf 87' lang='lat' dir='ltr'>in</span> <span class='ocrx_word' id='word_1_250' title='bbox 1196 2087 1263 2122; x_wconf 88' lang='lat' dir='ltr'>Re·</span> 
     </span>
     <span class='ocr_line' id='line_1_37' title="bbox 311 2138 1259 2188; baseline -0.005 -11"><span class='ocrx_word' id='word_1_251' title='bbox 311 2154 388 2188; x_wconf 87' lang='lat' dir='ltr'>gem</span> <span class='ocrx_word' id='word_1_252' title='bbox 404 2166 415 2183; x_wconf 84' lang='lat'>,</span> <span class='ocrx_word' id='word_1_253' title='bbox 441 2142 538 2186; x_wconf 60' lang='lat' dir='ltr'>qulam</span> <span class='ocrx_word' id='word_1_254' title='bbox 552 2143 577 2175; x_wconf 92' lang='lat' dir='ltr'>is</span> <span class='ocrx_word' id='word_1_255' title='bbox 589 2142 646 2185; x_wconf 86' lang='lat' dir='ltr'>qui</span> <span class='ocrx_word' id='word_1_256' title='bbox 657 2138 866 2174; x_wconf 80' lang='lat' dir='ltr'>coronandus</span> <span class='ocrx_word' id='word_1_257' title='bbox 876 2140 953 2174; x_wconf 77' lang='lat' dir='ltr'>effer</span> <span class='ocrx_word' id='word_1_258' title='bbox 966 2164 977 2181; x_wconf 90' lang='lat'><strong>‚</strong></span> <span class='ocrx_word' id='word_1_259' title='bbox 1001 2139 1044 2174; x_wconf 85' lang='lat' dir='ltr'>de</span> <span class='ocrx_word' id='word_1_260' title='bbox 1067 2138 1211 2173; x_wconf 85' lang='lat' dir='ltr'>tenendo</span> <span class='ocrx_word' id='word_1_261' title='bbox 1225 2139 1259 2172; x_wconf 84' lang='lat'>&amp;</span> 
     </span>
     <span class='ocr_line' id='line_1_38' title="bbox 308 2187 1259 2232; baseline -0.006 -6"><span class='ocrx_word' id='word_1_262' title='bbox 308 2191 455 2229; x_wconf 83' lang='lat' dir='ltr'>fovendo</span> <span class='ocrx_word' id='word_1_263' title='bbox 466 2192 582 2225; x_wconf 86' lang='lat' dir='ltr'>eodem</span> <span class='ocrx_word' id='word_1_264' title='bbox 599 2191 811 2226; x_wconf 78' lang='lat' dir='ltr'>schismatico</span> <span class='ocrx_word' id='word_1_265' title='bbox 822 2216 832 2232; x_wconf 88' lang='lat'><em>‚</em></span> <span class='ocrx_word' id='word_1_266' title='bbox 859 2190 973 2232; x_wconf 80' lang='lat' dir='ltr'>&amp;ejus</span> <span class='ocrx_word' id='word_1_267' title='bbox 992 2187 1222 2222; x_wconf 78' lang='lat' dir='ltr'>successoribus</span> <span class='ocrx_word' id='word_1_268' title='bbox 1247 2209 1259 2226; x_wconf 88' lang='lat'>‚</span> 
     </span>
     <span class='ocr_line' id='line_1_39' title="bbox 308 2237 1257 2284; baseline -0.006 -7"><span class='ocrx_word' id='word_1_269' title='bbox 308 2242 399 2277; x_wconf 87' lang='lat' dir='ltr'>idem</span> <span class='ocrx_word' id='word_1_270' title='bbox 412 2244 550 2276; x_wconf 88' lang='lat' dir='ltr'>facerent</span> <span class='ocrx_word' id='word_1_271' title='bbox 563 2242 785 2284; x_wconf 77' lang='lat' dir='ltr'>juramentum</span> <span class='ocrx_word' id='word_1_272' title='bbox 799 2264 806 2271; x_wconf 93' lang='lat'><strong>.</strong></span> <span class='ocrx_word' id='word_1_273' title='bbox 834 2240 879 2272; x_wconf 84' lang='lat' dir='ltr'>Et</span> <span class='ocrx_word' id='word_1_274' title='bbox 891 2237 980 2282; x_wconf 76' lang='lat' dir='ltr'>quod</span> <span class='ocrx_word' id='word_1_275' title='bbox 992 2237 1160 2279; x_wconf 86' lang='lat' dir='ltr'>Principes</span> <span class='ocrx_word' id='word_1_276' title='bbox 1171 2237 1257 2271; x_wconf 86' lang='lat' dir='ltr'>infra</span> 
     </span>
     <span class='ocr_line' id='line_1_40' title="bbox 308 2286 1257 2332; baseline -0.008 -5"><span class='ocrx_word' id='word_1_277' title='bbox 308 2295 364 2327; x_wconf 78' lang='lat' dir='ltr'>sex</span> <span class='ocrx_word' id='word_1_278' title='bbox 379 2291 597 2326; x_wconf 78' lang='lat' dir='ltr'>hebdomadas</span> <span class='ocrx_word' id='word_1_279' title='bbox 608 2314 618 2329; x_wconf 90' lang='lat'>,</span> <span class='ocrx_word' id='word_1_280' title='bbox 645 2289 814 2332; x_wconf 64' lang='lat' dir='ltr'>postquam</span> <span class='ocrx_word' id='word_1_281' title='bbox 827 2288 868 2321; x_wconf 90' lang='lat' dir='ltr'>de</span> <span class='ocrx_word' id='word_1_282' title='bbox 881 2288 982 2320; x_wconf 88' lang='lat' dir='ltr'>Curia</span> <span class='ocrx_word' id='word_1_283' title='bbox 1000 2286 1040 2320; x_wconf 84' lang='lat' dir='ltr'>ad</span> <span class='ocrx_word' id='word_1_284' title='bbox 1062 2287 1190 2330; x_wconf 80' lang='lat' dir='ltr'>propria</span> <span class='ocrx_word' id='word_1_285' title='bbox 1204 2287 1257 2320; x_wconf 83' lang='lat' dir='ltr'>lo-</span> 
     </span>
     <span class='ocr_line' id='line_1_41' title="bbox 314 2336 1256 2382; baseline -0.007 -6"><span class='ocrx_word' id='word_1_286' title='bbox 314 2354 352 2376; x_wconf 89' lang='lat' dir='ltr'>ca</span> <span class='ocrx_word' id='word_1_287' title='bbox 365 2343 539 2382; x_wconf 73' lang='lat' dir='ltr'>redissent,</span> <span class='ocrx_word' id='word_1_288' title='bbox 567 2350 684 2372; x_wconf 87' lang='lat' dir='ltr'>omnes</span> <span class='ocrx_word' id='word_1_289' title='bbox 696 2338 862 2379; x_wconf 86' lang='lat' dir='ltr'>Abbates,</span> <span class='ocrx_word' id='word_1_290' title='bbox 889 2336 1079 2380; x_wconf 83' lang='lat' dir='ltr'>Praepositos</span> <span class='ocrx_word' id='word_1_291' title='bbox 1092 2360 1103 2377; x_wconf 90' lang='lat'>‚</span> <span class='ocrx_word' id='word_1_292' title='bbox 1127 2338 1163 2370; x_wconf 76' lang='grc' dir='ltr'>δε</span> <span class='ocrx_word' id='word_1_293' title='bbox 1174 2337 1256 2371; x_wconf 86' lang='lat' dir='ltr'>alios</span> 
     </span>
     <span class='ocr_line' id='line_1_42' title="bbox 310 2387 1258 2432; baseline -0.006 -6"><span class='ocrx_word' id='word_1_294' title='bbox 310 2391 526 2426; x_wconf 76' lang='lat' dir='ltr'>Ecclesiarum</span> <span class='ocrx_word' id='word_1_295' title='bbox 542 2389 693 2423; x_wconf 83' lang='lat' dir='ltr'>Praelatos</span> <span class='ocrx_word' id='word_1_296' title='bbox 705 2413 716 2428; x_wconf 89' lang='lat'>‚</span> <span class='ocrx_word' id='word_1_297' title='bbox 742 2388 863 2422; x_wconf 81' lang='lat' dir='ltr'>milites</span> <span class='ocrx_word' id='word_1_298' title='bbox 872 2387 1000 2432; x_wconf 71' lang='lat' dir='ltr'>quoque</span> <span class='ocrx_word' id='word_1_299' title='bbox 1013 2412 1023 2428; x_wconf 92' lang='lat'><strong><em>,</em></strong></span> <span class='ocrx_word' id='word_1_300' title='bbox 1046 2387 1079 2420; x_wconf 90' lang='lat'>&amp;</span> <span class='ocrx_word' id='word_1_301' title='bbox 1091 2387 1174 2421; x_wconf 89' lang='lat' dir='ltr'>alios</span> <span class='ocrx_word' id='word_1_302' title='bbox 1188 2398 1258 2420; x_wconf 89' lang='lat' dir='ltr'>om-</span> 
     </span>
     <span class='ocr_line' id='line_1_43' title="bbox 311 2436 1257 2484; baseline -0.006 -8"><span class='ocrx_word' id='word_1_303' title='bbox 311 2453 368 2476; x_wconf 83' lang='lat' dir='ltr'>nes</span> <span class='ocrx_word' id='word_1_304' title='bbox 383 2466 393 2482; x_wconf 91' lang='lat'><strong>,</strong></span> <span class='ocrx_word' id='word_1_305' title='bbox 418 2441 475 2484; x_wconf 90' lang='lat' dir='ltr'>qui</span> <span class='ocrx_word' id='word_1_306' title='bbox 487 2441 521 2473; x_wconf 90' lang='lat' dir='ltr'>in</span> <span class='ocrx_word' id='word_1_307' title='bbox 537 2440 618 2472; x_wconf 86' lang='lat' dir='ltr'>locis</span> <span class='ocrx_word' id='word_1_308' title='bbox 629 2449 743 2472; x_wconf 89' lang='lat' dir='ltr'>eorum</span> <span class='ocrx_word' id='word_1_309' title='bbox 755 2439 883 2481; x_wconf 85' lang='lat' dir='ltr'>aliquos</span> <span class='ocrx_word' id='word_1_310' title='bbox 894 2436 1035 2471; x_wconf 87' lang='lat' dir='ltr'>honores</span> <span class='ocrx_word' id='word_1_311' title='bbox 1046 2436 1235 2471; x_wconf 80' lang='lat' dir='ltr'>obtinerent</span> <span class='ocrx_word' id='word_1_312' title='bbox 1247 2462 1257 2478; x_wconf 93' lang='lat'><em>‚</em></span> 
     </span>
     <span class='ocr_line' id='line_1_44' title="bbox 311 2486 1256 2534; baseline -0.005 -9"><span class='ocrx_word' id='word_1_313' title='bbox 311 2491 379 2526; x_wconf 87' lang='lat' dir='ltr'>hoc</span> <span class='ocrx_word' id='word_1_314' title='bbox 390 2492 493 2534; x_wconf 78' lang='lat' dir='ltr'>jurare</span> <span class='ocrx_word' id='word_1_315' title='bbox 505 2488 753 2532; x_wconf 81' lang='lat' dir='ltr'>compellerent.</span> <span class='ocrx_word' id='word_1_316' title='bbox 786 2488 893 2522; x_wconf 87' lang='lat' dir='ltr'>Eteos</span> <span class='ocrx_word' id='word_1_317' title='bbox 905 2488 962 2531; x_wconf 93' lang='lat' dir='ltr'>qui</span> <span class='ocrx_word' id='word_1_318' title='bbox 982 2487 1109 2522; x_wconf 88' lang='lat' dir='ltr'>nollent</span> <span class='ocrx_word' id='word_1_319' title='bbox 1133 2486 1196 2521; x_wconf 90' lang='lat' dir='ltr'>hoc</span> <span class='ocrx_word' id='word_1_320' title='bbox 1208 2487 1256 2520; x_wconf 85' lang='lat' dir='ltr'>fa-</span> 
     </span>
     <span class='ocr_line' id='line_1_45' title="bbox 311 2537 1256 2582; baseline -0.004 -6"><span class='ocrx_word' id='word_1_321' title='bbox 311 2553 383 2576; x_wconf 88' lang='lat' dir='ltr'>cere</span> <span class='ocrx_word' id='word_1_322' title='bbox 395 2567 405 2582; x_wconf 88' lang='lat'>‚</span> <span class='ocrx_word' id='word_1_323' title='bbox 432 2540 525 2575; x_wconf 89' lang='lat' dir='ltr'>rebus</span> <span class='ocrx_word' id='word_1_324' title='bbox 537 2550 649 2572; x_wconf 87' lang='lat' dir='ltr'>eorum</span> <span class='ocrx_word' id='word_1_325' title='bbox 663 2537 790 2581; x_wconf 77' lang='lat' dir='ltr'>penitus</span> <span class='ocrx_word' id='word_1_326' title='bbox 809 2538 994 2572; x_wconf 84' lang='lat' dir='ltr'>confiscatis</span> <span class='ocrx_word' id='word_1_327' title='bbox 1013 2537 1176 2581; x_wconf 76' lang='lat' dir='ltr'>depositos</span> <span class='ocrx_word' id='word_1_328' title='bbox 1183 2562 1194 2578; x_wconf 87' lang='lat'><em>‚</em></span> <span class='ocrx_word' id='word_1_329' title='bbox 1223 2539 1256 2572; x_wconf 76' lang='grc' dir='ltr'>ὅ(</span> 
     </span>
     <span class='ocr_line' id='line_1_46' title="bbox 311 2587 1257 2632; baseline -0.003 -7"><span class='ocrx_word' id='word_1_330' title='bbox 311 2591 449 2626; x_wconf 85' lang='lat' dir='ltr'>honoris</span> <span class='ocrx_word' id='word_1_331' title='bbox 462 2588 652 2632; x_wconf 82' lang='lat' dir='ltr'>suicingulo</span> <span class='ocrx_word' id='word_1_332' title='bbox 666 2588 840 2631; x_wconf 84' lang='lat' dir='ltr'>spoliatos,</span> <span class='ocrx_word' id='word_1_333' title='bbox 862 2587 911 2622; x_wconf 90' lang='lat' dir='ltr'>vel</span> <span class='ocrx_word' id='word_1_334' title='bbox 934 2588 956 2620; x_wconf 91' lang='lat' dir='ltr'>si</span> <span class='ocrx_word' id='word_1_335' title='bbox 978 2587 1093 2631; x_wconf 88' lang='lat' dir='ltr'>privati</span> <span class='ocrx_word' id='word_1_336' title='bbox 1104 2587 1257 2622; x_wconf 89' lang='lat' dir='ltr'>homines</span> 
     </span>
     <span class='ocr_line' id='line_1_47' title="bbox 314 2637 1256 2681; baseline -0.003 -6"><span class='ocrx_word' id='word_1_337' title='bbox 314 2638 434 2676; x_wconf 78' lang='lat' dir='ltr'>fuerint</span> <span class='ocrx_word' id='word_1_338' title='bbox 449 2665 459 2680; x_wconf 92' lang='lat'>‚</span> <span class='ocrx_word' id='word_1_339' title='bbox 485 2640 519 2672; x_wconf 87' lang='lat' dir='ltr'>in</span> <span class='ocrx_word' id='word_1_340' title='bbox 532 2638 684 2672; x_wconf 86' lang='lat' dir='ltr'>membris</span> <span class='ocrx_word' id='word_1_341' title='bbox 706 2637 842 2681; x_wconf 85' lang='lat' dir='ltr'>propriis</span> <span class='ocrx_word' id='word_1_342' title='bbox 863 2637 1038 2679; x_wconf 65' lang='lat' dir='ltr'>crudeliter</span> <span class='ocrx_word' id='word_1_343' title='bbox 1058 2638 1256 2673; x_wconf 84' lang='lat' dir='ltr'>mutilatosa</span> 
     </span>
     <span class='ocr_line' id='line_1_48' title="bbox 313 2687 942 2732; baseline -0.008 -7"><span class='ocrx_word' id='word_1_344' title='bbox 313 2701 389 2726; x_wconf 84' lang='lat' dir='ltr'>toto</span> <span class='ocrx_word' id='word_1_345' title='bbox 402 2689 541 2732; x_wconf 85' lang='lat' dir='ltr'>Imperio</span> <span class='ocrx_word' id='word_1_346' title='bbox 552 2688 785 2730; x_wconf 88' lang='lat' dir='ltr'>compellerent</span> <span class='ocrx_word' id='word_1_347' title='bbox 795 2687 925 2722; x_wconf 66' lang='lat' dir='ltr'>exulare</span> <span class='ocrx_word' id='word_1_348' title='bbox 935 2713 942 2720; x_wconf 94' lang='lat'>.</span> 
     </span>
    </p>

    <p class='ocr_par' dir='ltr' id='par_1_5' title="bbox 310 2735 1259 3481">
     <span class='ocr_line' id='line_1_49' title="bbox 364 2735 1257 2780; baseline -0.001 -6"><span class='ocrx_word' id='word_1_349' title='bbox 364 2739 492 2774; x_wconf 86' lang='lat' dir='ltr'>Placuit</span> <span class='ocrx_word' id='word_1_350' title='bbox 513 2738 703 2780; x_wconf 75' lang='lat' dir='ltr'>Imperatori</span> <span class='ocrx_word' id='word_1_351' title='bbox 722 2737 831 2778; x_wconf 51' lang='lat' dir='ltr'>‚forma</span> <span class='ocrx_word' id='word_1_352' title='bbox 860 2735 986 2772; x_wconf 79' lang='lat' dir='ltr'>cbnsilii</span> <span class='ocrx_word' id='word_1_353' title='bbox 1009 2762 1021 2778; x_wconf 89' lang='lat'>‚</span> <span class='ocrx_word' id='word_1_354' title='bbox 1056 2737 1109 2772; x_wconf 85' lang='lat' dir='ltr'>sed</span> <span class='ocrx_word' id='word_1_355' title='bbox 1135 2737 1257 2773; x_wconf 86' lang='lat' dir='ltr'>Archi·-</span> 
     </span>
     <span class='ocr_line' id='line_1_50' title="bbox 314 2775 1257 2838; baseline 0 -15"><span class='ocrx_word' id='word_1_356' title='bbox 314 2792 484 2835; x_wconf 84' lang='lat' dir='ltr'>Episcopo</span> <span class='ocrx_word' id='word_1_357' title='bbox 504 2787 776 2832; x_wconf 83' lang='lat' dir='ltr'>Magdeburgensi</span> <span class='ocrx_word' id='word_1_358' title='bbox 809 2811 821 2827; x_wconf 87' lang='lat'>‚</span> <span class='ocrx_word' id='word_1_359' title='bbox 864 2775 899 2838; x_wconf 63' lang='lat' dir='ltr'>dt</span> <span class='ocrx_word' id='word_1_360' title='bbox 920 2788 990 2821; x_wconf 88' lang='lat' dir='ltr'>aliis</span> <span class='ocrx_word' id='word_1_361' title='bbox 1013 2788 1071 2832; x_wconf 89' lang='lat' dir='ltr'>qui</span> <span class='ocrx_word' id='word_1_362' title='bbox 1091 2790 1257 2832; x_wconf 80' lang='lat' dir='ltr'>praesentes</span> 
     </span>
     <span class='ocr_line' id='line_1_51' title="bbox 310 2836 1255 2882; baseline -0.004 -7"><span class='ocrx_word' id='word_1_363' title='bbox 310 2851 403 2875; x_wconf 84' lang='lat' dir='ltr'>erant</span> <span class='ocrx_word' id='word_1_364' title='bbox 418 2840 588 2882; x_wconf 84' lang='lat' dir='ltr'>Episcopis</span> <span class='ocrx_word' id='word_1_365' title='bbox 598 2837 676 2870; x_wconf 87' lang='lat' dir='ltr'>dura</span> <span class='ocrx_word' id='word_1_366' title='bbox 690 2836 806 2870; x_wconf 85' lang='lat' dir='ltr'>visaest</span> <span class='ocrx_word' id='word_1_367' title='bbox 828 2837 1007 2872; x_wconf 74' lang='lat' dir='ltr'>admodum</span> <span class='ocrx_word' id='word_1_368' title='bbox 1030 2838 1064 2872; x_wconf 91' lang='lat'>&amp;</span> <span class='ocrx_word' id='word_1_369' title='bbox 1087 2839 1223 2873; x_wconf 86' lang='lat' dir='ltr'>molesta</span> <span class='ocrx_word' id='word_1_370' title='bbox 1248 2863 1255 2871; x_wconf 95' lang='lat'><em>.</em></span> 
     </span>
     <span class='ocr_line' id='line_1_52' title="bbox 310 2886 1255 2933; baseline -0.004 -7"><span class='ocrx_word' id='word_1_371' title='bbox 310 2891 361 2926; x_wconf 67' lang='lat' dir='ltr'>Ita</span> <span class='ocrx_word' id='word_1_372' title='bbox 372 2888 559 2933; x_wconf 75' lang='lat' dir='ltr'>quodidem</span> <span class='ocrx_word' id='word_1_373' title='bbox 583 2886 872 2932; x_wconf 79' lang='lat' dir='ltr'>Magdeburgensis</span> <span class='ocrx_word' id='word_1_374' title='bbox 899 2887 1026 2922; x_wconf 91' lang='lat' dir='ltr'>nullum</span> <span class='ocrx_word' id='word_1_375' title='bbox 1037 2888 1255 2931; x_wconf 82' lang='lat' dir='ltr'>juramentum</span> 
     </span>
     <span class='ocr_line' id='line_1_53' title="bbox 311 2937 1259 2984; baseline 0 -12"><span class='ocrx_word' id='word_1_376' title='bbox 311 2941 498 2984; x_wconf 64' lang='lat' dir='ltr'>stpraestare</span> <span class='ocrx_word' id='word_1_377' title='bbox 509 2937 708 2982; x_wconf 85' lang='lat' dir='ltr'>responderit</span> <span class='ocrx_word' id='word_1_378' title='bbox 726 2961 737 2977; x_wconf 93' lang='lat'><strong>,</strong></span> <span class='ocrx_word' id='word_1_379' title='bbox 765 2937 822 2969; x_wconf 84' lang='lat' dir='ltr'>nisi</span> <span class='ocrx_word' id='word_1_380' title='bbox 834 2937 921 2980; x_wconf 71' lang='lat' dir='ltr'>prius</span> <span class='ocrx_word' id='word_1_381' title='bbox 940 2937 1148 2973; x_wconf 86' lang='lat' dir='ltr'>Coloniensis</span> <span class='ocrx_word' id='word_1_382' title='bbox 1169 2939 1259 2974; x_wconf 87' lang='lat' dir='ltr'>ordi-</span> 
     </span>
     <span class='ocr_line' id='line_1_54' title="bbox 311 2987 1256 3030; baseline -0.001 -4"><span class='ocrx_word' id='word_1_383' title='bbox 311 2991 415 3026; x_wconf 81' lang='lat' dir='ltr'>nes&amp;</span> <span class='ocrx_word' id='word_1_384' title='bbox 426 2987 703 3024; x_wconf 84' lang='lat' dir='ltr'>consecrationem</span> <span class='ocrx_word' id='word_1_385' title='bbox 726 2987 879 3030; x_wconf 85' lang='lat' dir='ltr'>reciperet</span> <span class='ocrx_word' id='word_1_386' title='bbox 892 3011 902 3027; x_wconf 92' lang='lat'><strong>,</strong></span> <span class='ocrx_word' id='word_1_387' title='bbox 928 2997 984 3030; x_wconf 91' lang='lat' dir='ltr'>per</span> <span class='ocrx_word' id='word_1_388' title='bbox 1004 2999 1102 3030; x_wconf 89' lang='lat' dir='ltr'>quam</span> <span class='ocrx_word' id='word_1_389' title='bbox 1119 3001 1256 3024; x_wconf 89' lang='lat' dir='ltr'>omnem</span> 
     </span>
     <span class='ocr_line' id='line_1_55' title="bbox 312 3037 1256 3081; baseline 0 -6"><span class='ocrx_word' id='word_1_390' title='bbox 312 3040 557 3075; x_wconf 83' lang='lat' dir='ltr'>dubitationem</span> <span class='ocrx_word' id='word_1_391' title='bbox 577 3037 618 3074; x_wconf 85' lang='lat' dir='ltr'>ab</span> <span class='ocrx_word' id='word_1_392' title='bbox 638 3037 749 3081; x_wconf 83' lang='lat' dir='ltr'>ejus&amp;</span> <span class='ocrx_word' id='word_1_393' title='bbox 769 3038 908 3071; x_wconf 84' lang='lat' dir='ltr'>aliorum</span> <span class='ocrx_word' id='word_1_394' title='bbox 917 3038 1096 3079; x_wconf 65' lang='lat' dir='ltr'>pectoribus</span> <span class='ocrx_word' id='word_1_395' title='bbox 1114 3052 1256 3075; x_wconf 86' lang='lat' dir='ltr'>remove-</span> 
     </span>
     <span class='ocr_line' id='line_1_56' title="bbox 313 3085 1257 3131; baseline -0.001 -6"><span class='ocrx_word' id='word_1_396' title='bbox 313 3101 378 3126; x_wconf 86' lang='lat' dir='ltr'>ret.</span> <span class='ocrx_word' id='word_1_397' title='bbox 408 3087 600 3125; x_wconf 66' lang='lat' dir='ltr'>Undecum</span> <span class='ocrx_word' id='word_1_398' title='bbox 612 3087 668 3121; x_wconf 92' lang='lat' dir='ltr'>ille</span> <span class='ocrx_word' id='word_1_399' title='bbox 680 3087 713 3122; x_wconf 92' lang='lat' dir='ltr'>id</span> <span class='ocrx_word' id='word_1_400' title='bbox 738 3090 926 3131; x_wconf 86' lang='lat' dir='ltr'>promittere</span> <span class='ocrx_word' id='word_1_401' title='bbox 947 3085 1153 3130; x_wconf 67' lang='lat' dir='ltr'>detreflaret,</span> <span class='ocrx_word' id='word_1_402' title='bbox 1179 3091 1257 3124; x_wconf 88' lang='lat' dir='ltr'>acri-</span> 
     </span>
     <span class='ocr_line' id='line_1_57' title="bbox 314 3138 1255 3184; baseline -0.002 -8"><span class='ocrx_word' id='word_1_403' title='bbox 314 3151 363 3176; x_wconf 86' lang='lat' dir='ltr'>tet</span> <span class='ocrx_word' id='word_1_404' title='bbox 374 3152 448 3175; x_wconf 86' lang='lat' dir='ltr'>eum</span> <span class='ocrx_word' id='word_1_405' title='bbox 468 3139 631 3184; x_wconf 68' lang='lat' dir='ltr'>aggressus</span> <span class='ocrx_word' id='word_1_406' title='bbox 649 3138 845 3180; x_wconf 86' lang='lat' dir='ltr'>Imperator,</span> <span class='ocrx_word' id='word_1_407' title='bbox 873 3138 1027 3180; x_wconf 86' lang='lat' dir='ltr'>suamque</span> <span class='ocrx_word' id='word_1_408' title='bbox 1052 3140 1081 3172; x_wconf 90' lang='lat' dir='ltr'>ei</span> <span class='ocrx_word' id='word_1_409' title='bbox 1104 3141 1255 3184; x_wconf 86' lang='lat' dir='ltr'>maligni·</span> 
     </span>
     <span class='ocr_line' id='line_1_58' title="bbox 314 3186 1255 3234; baseline -0.002 -9"><span class='ocrx_word' id='word_1_410' title='bbox 314 3200 415 3226; x_wconf 85' lang='lat' dir='ltr'>tatem</span> <span class='ocrx_word' id='word_1_411' title='bbox 425 3190 648 3234; x_wconf 86' lang='lat' dir='ltr'>improperans</span> <span class='ocrx_word' id='word_1_412' title='bbox 658 3213 668 3228; x_wconf 93' lang='lat'>,</span> <span class='ocrx_word' id='word_1_413' title='bbox 696 3188 728 3222; x_wconf 81' lang='lat' dir='ltr'>in</span> <span class='ocrx_word' id='word_1_414' title='bbox 737 3199 812 3222; x_wconf 88' lang='lat' dir='ltr'>eum</span> <span class='ocrx_word' id='word_1_415' title='bbox 825 3187 919 3222; x_wconf 89' lang='lat' dir='ltr'>verba</span> <span class='ocrx_word' id='word_1_416' title='bbox 929 3186 1113 3230; x_wconf 89' lang='lat' dir='ltr'>hujusmodi</span> <span class='ocrx_word' id='word_1_417' title='bbox 1126 3189 1171 3222; x_wconf 87' lang='lat' dir='ltr'>est</span> <span class='ocrx_word' id='word_1_418' title='bbox 1185 3201 1255 3232; x_wconf 85' lang='lat' dir='ltr'>pro·</span> 
     </span>
     <span class='ocr_line' id='line_1_59' title="bbox 312 3236 1252 3280; baseline -0.004 -4"><span class='ocrx_word' id='word_1_419' title='bbox 312 3243 456 3276; x_wconf 87' lang='lat' dir='ltr'>secutus:</span> <span class='ocrx_word' id='word_1_420' title='bbox 484 3243 560 3274; x_wconf 82' lang='lat' dir='ltr'>Ecce</span> <span class='ocrx_word' id='word_1_421' title='bbox 570 3237 721 3279; x_wconf 70' lang='lat' dir='ltr'>manifeste?</span> <span class='ocrx_word' id='word_1_422' title='bbox 735 3246 863 3280; x_wconf 84' lang='lat' dir='ltr'>apparet</span> <span class='ocrx_word' id='word_1_423' title='bbox 889 3262 899 3278; x_wconf 88' lang='lat'><strong>,</strong></span> <span class='ocrx_word' id='word_1_424' title='bbox 924 3239 1004 3279; x_wconf 64' lang='lat' dir='ltr'>quad</span> <span class='ocrx_word' id='word_1_425' title='bbox 1019 3236 1094 3277; x_wconf 83' lang='lat' dir='ltr'>ficut</span> <span class='ocrx_word' id='word_1_426' title='bbox 1122 3240 1252 3272; x_wconf 79' lang='lat' dir='ltr'>traditor</span> 
     </span>
     <span class='ocr_line' id='line_1_60' title="bbox 317 3287 1253 3333; baseline -0.001 -9"><span class='ocrx_word' id='word_1_427' title='bbox 317 3293 492 3333; x_wconf 67' lang='lat' dir='ltr'>&amp;deceptor</span> <span class='ocrx_word' id='word_1_428' title='bbox 513 3294 545 3323; x_wconf 82' lang='lat' dir='ltr'>in</span> <span class='ocrx_word' id='word_1_429' title='bbox 565 3288 729 3332; x_wconf 68' lang='lat' dir='ltr'>periculum</span> <span class='ocrx_word' id='word_1_430' title='bbox 749 3299 845 3321; x_wconf 84' lang='lat' dir='ltr'>meum</span> <span class='ocrx_word' id='word_1_431' title='bbox 858 3290 976 3330; x_wconf 83' lang='lat' dir='ltr'>Papam</span> <span class='ocrx_word' id='word_1_432' title='bbox 996 3287 1070 3320; x_wconf 69' lang='lat' dir='ltr'>mihi</span> <span class='ocrx_word' id='word_1_433' title='bbox 1079 3288 1253 3331; x_wconf 80' lang='lat' dir='ltr'>praefeceris</span> 
     </span>
     <span class='ocr_line' id='line_1_61' title="bbox 314 3339 1252 3383; baseline 0 -10"><span class='ocrx_word' id='word_1_434' title='bbox 314 3345 483 3383; x_wconf 49' lang='lat' dir='ltr'>&amp;gnoruntss</span> <span class='ocrx_word' id='word_1_435' title='bbox 510 3340 574 3374; x_wconf 63' lang='lat' dir='ltr'>cuim</span> <span class='ocrx_word' id='word_1_436' title='bbox 583 3343 671 3372; x_wconf 82' lang='lat' dir='ltr'>etiam</span> <span class='ocrx_word' id='word_1_437' title='bbox 682 3347 752 3371; x_wconf 86' lang='lat' dir='ltr'>ante</span> <span class='ocrx_word' id='word_1_438' title='bbox 771 3344 961 3379; x_wconf 82' lang='lat' dir='ltr'>receptionem</span> <span class='ocrx_word' id='word_1_439' title='bbox 978 3339 1148 3371; x_wconf 83' lang='lat' dir='ltr'>litterarum</span> <span class='ocrx_word' id='word_1_440' title='bbox 1173 3351 1252 3373; x_wconf 82' lang='lat' dir='ltr'>mea-</span> 
     </span>
     <span class='ocr_line' id='line_1_62' title="bbox 314 3387 1245 3432; baseline -0.001 -10"><span class='ocrx_word' id='word_1_441' title='bbox 314 3401 383 3422; x_wconf 79' lang='lat' dir='ltr'>rum</span> <span class='ocrx_word' id='word_1_442' title='bbox 395 3413 406 3427; x_wconf 86' lang='lat'><em>,</em></span> <span class='ocrx_word' id='word_1_443' title='bbox 431 3392 467 3424; x_wconf 75' lang='grc' dir='ltr'><strong><em>ηὲ</em></strong></span> <span class='ocrx_word' id='word_1_444' title='bbox 479 3391 514 3423; x_wconf 87' lang='lat' dir='ltr'>de</span> <span class='ocrx_word' id='word_1_445' title='bbox 521 3389 714 3432; x_wconf 58' lang='lat' dir='ltr'>substituendi</span> <span class='ocrx_word' id='word_1_446' title='bbox 731 3387 883 3430; x_wconf 75' lang='lat' dir='ltr'>Pontificis</span> <span class='ocrx_word' id='word_1_447' title='bbox 904 3387 1038 3421; x_wconf 65' lang='lat' dir='ltr'>elefflone</span> <span class='ocrx_word' id='word_1_448' title='bbox 1060 3388 1209 3422; x_wconf 65' lang='lat' dir='ltr'>traHares</span> <span class='ocrx_word' id='word_1_449' title='bbox 1235 3415 1245 3431; x_wconf 94' lang='lat'>,</span> 
     </span>
     <span class='ocr_line' id='line_1_63' title="bbox 313 3437 1248 3481; baseline 0.001 -10"><span class='ocrx_word' id='word_1_450' title='bbox 313 3448 347 3473; x_wconf 79' lang='lat' dir='ltr'>tu</span> <span class='ocrx_word' id='word_1_451' title='bbox 355 3437 457 3479; x_wconf 72' lang='lat' dir='ltr'>statim</span> <span class='ocrx_word' id='word_1_452' title='bbox 467 3448 529 3471; x_wconf 86' lang='lat' dir='ltr'>cum</span> <span class='ocrx_word' id='word_1_453' title='bbox 538 3439 594 3473; x_wconf 88' lang='lat' dir='ltr'>Te</span> <span class='ocrx_word' id='word_1_454' title='bbox 606 3439 717 3473; x_wconf 90' lang='lat' dir='ltr'>Deum</span> <span class='ocrx_word' id='word_1_455' title='bbox 730 3438 921 3481; x_wconf 86' lang='lat' dir='ltr'>laudamus,</span> <span class='ocrx_word' id='word_1_456' title='bbox 946 3440 980 3473; x_wconf 57' lang='grc' dir='ltr'>(ν</span> <span class='ocrx_word' id='word_1_457' title='bbox 995 3440 1091 3479; x_wconf 79' lang='lat' dir='ltr'>juxta</span> <span class='ocrx_word' id='word_1_458' title='bbox 1113 3438 1248 3480; x_wconf 84' lang='lat' dir='ltr'>benepla-</span> 
     </span>
    </p>
   </div>
   <div class='ocr_carea' id='block_1_3' title="bbox 315 3488 1283 3534">
    <p class='ocr_par' dir='ltr' id='par_1_6' title="bbox 315 3488 1283 3534">
     <span class='ocr_line' id='line_1_64' title="bbox 315 3488 1283 3534; baseline 0 -10"><span class='ocrx_word' id='word_1_459' title='bbox 315 3494 404 3525; x_wconf 74' lang='lat' dir='ltr'>citum</span> <span class='ocrx_word' id='word_1_460' title='bbox 413 3494 497 3522; x_wconf 80' lang='lat' dir='ltr'>tuum</span> <span class='ocrx_word' id='word_1_461' title='bbox 518 3499 626 3524; x_wconf 83' lang='lat' dir='ltr'>novum</span> <span class='ocrx_word' id='word_1_462' title='bbox 644 3488 718 3524; x_wconf 65' lang='lat' dir='ltr'>mih}</span> <span class='ocrx_word' id='word_1_463' title='bbox 742 3489 911 3532; x_wconf 78' lang='lat' dir='ltr'>Pontificem</span> <span class='ocrx_word' id='word_1_464' title='bbox 933 3489 1058 3534; x_wconf 75' lang='lat' dir='ltr'>elegisti,</span> <span class='ocrx_word' id='word_1_465' title='bbox 1081 3490 1149 3533; x_wconf 85' lang='lat' dir='ltr'>plus</span> <span class='ocrx_word' id='word_1_466' title='bbox 1173 3490 1250 3524; x_wconf 65' lang='lat' dir='ltr'>mibi</span> <span class='ocrx_word' id='word_1_467' title='bbox 1280 3522 1283 3530; x_wconf 23' lang='lat' dir='ltr'>k</span> 
     </span>
    </p>
   </div>
   <div class='ocr_carea' id='block_1_4' title="bbox 1291 2762 1315 3505">
    <p class='ocr_par' dir='ltr' id='par_1_7' title="bbox 1291 2762 1315 3505">
     <span class='ocr_line' id='line_1_65' title="bbox 1291 2762 1315 3505; baseline 0 -650"><span class='ocrx_word' id='word_1_468' title='bbox 1291 2762 1315 3505; x_wconf 95' lang='lat' dir='ltr'>  </span> 
     </span>
    </p>
   </div>
   <div class='ocr_carea' id='block_1_5' title="bbox 1032 151 2281 286">
    <p class='ocr_par' dir='ltr' id='par_1_8' title="bbox 1032 151 2281 286">
     <span class='ocr_line' id='line_1_66' title="bbox 1032 151 1590 202; baseline 0.002 -1"><span class='ocrx_word' id='word_1_469' title='bbox 1032 154 1072 201; x_wconf 84' lang='lat' dir='ltr'>E</span> <span class='ocrx_word' id='word_1_470' title='bbox 1108 155 1142 200; x_wconf 90' lang='grc' dir='ltr'>Ρ</span> <span class='ocrx_word' id='word_1_471' title='bbox 1180 156 1200 202; x_wconf 96' lang='lat' dir='ltr'>I</span> <span class='ocrx_word' id='word_1_472' title='bbox 1238 155 1263 200; x_wconf 91' lang='lat' dir='ltr'>S</span> <span class='ocrx_word' id='word_1_473' title='bbox 1302 151 1348 200; x_wconf 42' lang='lat' dir='ltr'>T*</span> <span class='ocrx_word' id='word_1_474' title='bbox 1378 152 1424 201; x_wconf 86' lang='lat' dir='ltr'>O</span> <span class='ocrx_word' id='word_1_475' title='bbox 1458 157 1495 202; x_wconf 92' lang='lat' dir='ltr'>L</span> <span class='ocrx_word' id='word_1_476' title='bbox 1531 157 1590 202; x_wconf 87' lang='lat' dir='ltr'><strong>AE</strong></span> 
     </span>
     <span class='ocr_line' id='line_1_67' title="bbox 1303 238 2281 286; baseline 0 -16"><span class='ocrx_word' id='word_1_477' title='bbox 1303 271 1309 285; x_wconf 63' lang='lat'>„-</span> <span class='ocrx_word' id='word_1_478' title='bbox 1341 239 1476 272; x_wconf 75' lang='lat' dir='ltr'>Proditor</span> <span class='ocrx_word' id='word_1_479' title='bbox 1479 238 1606 280; x_wconf 54' lang='lat' dir='ltr'>fabius,</span> <span class='ocrx_word' id='word_1_480' title='bbox 1633 240 1726 280; x_wconf 54' lang='lat' dir='ltr'>quam</span> <span class='ocrx_word' id='word_1_481' title='bbox 1740 242 1935 281; x_wconf 74' lang='lat' dir='ltr'>Magantinus</span> <span class='ocrx_word' id='word_1_482' title='bbox 1949 240 2090 284; x_wconf 59' lang='lat' dir='ltr'>Rham,</span> <span class='ocrx_word' id='word_1_483' title='bbox 2115 253 2204 286; x_wconf 75' lang='lat' dir='ltr'>quem</span> <span class='ocrx_word' id='word_1_484' title='bbox 2223 242 2281 278; x_wconf 73' lang='lat' dir='ltr'>bu.</span> 
     </span>
    </p>
   </div>
   <div class='ocr_carea' id='block_1_6' title="bbox 1318 287 2285 3232">
    <p class='ocr_par' dir='ltr' id='par_1_9' title="bbox 1333 287 2285 837">
     <span class='ocr_line' id='line_1_68' title="bbox 1333 287 2285 331; baseline 0.002 -11"><span class='ocrx_word' id='word_1_485' title='bbox 1333 288 1387 328; x_wconf 80' lang='lat' dir='ltr'>J&#39;us</span> <span class='ocrx_word' id='word_1_486' title='bbox 1398 295 1533 322; x_wconf 73' lang='lat' dir='ltr'>criminis</span> <span class='ocrx_word' id='word_1_487' title='bbox 1552 301 1634 322; x_wconf 81' lang='lat' dir='ltr'>reum</span> <span class='ocrx_word' id='word_1_488' title='bbox 1645 288 1822 330; x_wconf 70' lang='lat' dir='ltr'>deferebas.</span> <span class='ocrx_word' id='word_1_489' title='bbox 1853 287 2028 331; x_wconf 71' lang='lat' dir='ltr'>Praefi’rttm</span> <span class='ocrx_word' id='word_1_490' title='bbox 2049 293 2174 328; x_wconf 71' lang='lat' dir='ltr'>cz‘emrlle</span> <span class='ocrx_word' id='word_1_491' title='bbox 2191 294 2285 327; x_wconf 78' lang='lat' dir='ltr'>dede-</span> 
     </span>
     <span class='ocr_line' id='line_1_69' title="bbox 1339 338 2274 384; baseline 0.004 -15"><span class='ocrx_word' id='word_1_492' title='bbox 1339 342 1379 371; x_wconf 73' lang='lat' dir='ltr'>rit</span> <span class='ocrx_word' id='word_1_493' title='bbox 1388 338 1586 382; x_wconf 81' lang='lat' dir='ltr'>mibisalubre</span> <span class='ocrx_word' id='word_1_494' title='bbox 1606 339 1748 380; x_wconf 79' lang='lat' dir='ltr'>confilium</span> <span class='ocrx_word' id='word_1_495' title='bbox 1758 362 1769 378; x_wconf 95' lang='lat'>‚</span> <span class='ocrx_word' id='word_1_496' title='bbox 1794 348 1828 372; x_wconf 90' lang='lat' dir='ltr'>ut</span> <span class='ocrx_word' id='word_1_497' title='bbox 1850 349 1889 372; x_wconf 83' lang='lat' dir='ltr'>ex</span> <span class='ocrx_word' id='word_1_498' title='bbox 1899 350 1956 380; x_wconf 76' lang='lat' dir='ltr'>quo</span> <span class='ocrx_word' id='word_1_499' title='bbox 1978 342 2058 373; x_wconf 85' lang='lat' dir='ltr'>Deus</span> <span class='ocrx_word' id='word_1_500' title='bbox 2073 343 2094 373; x_wconf 77' lang='grc' dir='ltr'><strong><em>ἆ</em></strong></span> <span class='ocrx_word' id='word_1_501' title='bbox 2107 348 2217 384; x_wconf 62' lang='lat' dir='ltr'>prims</span> <span class='ocrx_word' id='word_1_502' title='bbox 2227 355 2274 378; x_wconf 73' lang='lat' dir='ltr'>me</span> 
     </span>
     <span class='ocr_line' id='line_1_70' title="bbox 1334 389 2279 438; baseline 0.005 -18"><span class='ocrx_word' id='word_1_503' title='bbox 1334 392 1458 429; x_wconf 71' lang='lat' dir='ltr'>periculo</span> <span class='ocrx_word' id='word_1_504' title='bbox 1468 391 1612 422; x_wconf 59' lang='lat' dir='ltr'>liberavit</span> <span class='ocrx_word' id='word_1_505' title='bbox 1621 414 1630 430; x_wconf 92' lang='lat'><strong><em>,</em></strong></span> <span class='ocrx_word' id='word_1_506' title='bbox 1661 391 1828 422; x_wconf 59' lang='lat' dir='ltr'>nullatenus</span> <span class='ocrx_word' id='word_1_507' title='bbox 1843 400 1889 422; x_wconf 86' lang='lat' dir='ltr'>me</span> <span class='ocrx_word' id='word_1_508' title='bbox 1909 389 2279 438; x_wconf 73' lang='lat' dir='ltr'>obnoxiumfaceremsuc-</span> 
     </span>
     <span class='ocr_line' id='line_1_71' title="bbox 1337 439 2277 485; baseline 0.01 -16"><span class='ocrx_word' id='word_1_509' title='bbox 1337 439 1441 480; x_wconf 74' lang='lat' dir='ltr'>ceffori.</span> <span class='ocrx_word' id='word_1_510' title='bbox 1475 444 1568 474; x_wconf 84' lang='lat' dir='ltr'>Nunc</span> <span class='ocrx_word' id='word_1_511' title='bbox 1580 442 1651 473; x_wconf 68' lang='lat' dir='ltr'>verb</span> <span class='ocrx_word' id='word_1_512' title='bbox 1663 440 1812 483; x_wconf 65' lang='lat' dir='ltr'>necessaria</span> <span class='ocrx_word' id='word_1_513' title='bbox 1823 449 1852 473; x_wconf 82' lang='lat' dir='ltr'>te</span> <span class='ocrx_word' id='word_1_514' title='bbox 1865 445 1987 473; x_wconf 68' lang='lat' dir='ltr'>noveris</span> <span class='ocrx_word' id='word_1_515' title='bbox 2008 442 2239 482; x_wconf 69' lang='lat' dir='ltr'>compellendum</span> <span class='ocrx_word' id='word_1_516' title='bbox 2262 467 2277 485; x_wconf 75' lang='lat'>‚</span> 
     </span>
     <span class='ocr_line' id='line_1_72' title="bbox 1336 490 2276 532; baseline 0.005 -11"><span class='ocrx_word' id='word_1_517' title='bbox 1336 497 1369 520; x_wconf 85' lang='lat' dir='ltr'>ut</span> <span class='ocrx_word' id='word_1_518' title='bbox 1381 490 1516 531; x_wconf 80' lang='lat' dir='ltr'>laqueum</span> <span class='ocrx_word' id='word_1_519' title='bbox 1533 514 1544 530; x_wconf 90' lang='lat'>‚</span> <span class='ocrx_word' id='word_1_520' title='bbox 1570 501 1656 532; x_wconf 85' lang='lat' dir='ltr'>quem</span> <span class='ocrx_word' id='word_1_521' title='bbox 1664 490 1780 531; x_wconf 77' lang='lat' dir='ltr'>parasti</span> <span class='ocrx_word' id='word_1_522' title='bbox 1790 514 1802 530; x_wconf 92' lang='lat'>,</span> <span class='ocrx_word' id='word_1_523' title='bbox 1825 496 1946 532; x_wconf 80' lang='lat' dir='ltr'>primus</span> <span class='ocrx_word' id='word_1_524' title='bbox 1958 496 2094 524; x_wconf 79' lang='lat' dir='ltr'>incurras</span> <span class='ocrx_word' id='word_1_525' title='bbox 2108 505 2119 525; x_wconf 93' lang='lat'>.·</span> <span class='ocrx_word' id='word_1_526' title='bbox 2146 494 2194 525; x_wconf 79' lang='lat' dir='ltr'>Ee</span> <span class='ocrx_word' id='word_1_527' title='bbox 2206 495 2276 531; x_wconf 69' lang='lat' dir='ltr'>allis</span> 
     </span>
     <span class='ocr_line' id='line_1_73' title="bbox 1335 539 2278 584; baseline 0.006 -14"><span class='ocrx_word' id='word_1_528' title='bbox 1335 539 1424 572; x_wconf 75' lang='lat' dir='ltr'>ettam</span> <span class='ocrx_word' id='word_1_529' title='bbox 1433 540 1576 582; x_wconf 79' lang='lat' dir='ltr'>idfacere</span> <span class='ocrx_word' id='word_1_530' title='bbox 1588 539 1793 582; x_wconf 77' lang='lat' dir='ltr'>recusantibus</span> <span class='ocrx_word' id='word_1_531' title='bbox 1799 539 1882 584; x_wconf 82' lang='lat' dir='ltr'>solus</span> <span class='ocrx_word' id='word_1_532' title='bbox 1893 539 2014 574; x_wconf 74' lang='lat' dir='ltr'>babebis</span> <span class='ocrx_word' id='word_1_533' title='bbox 2035 539 2136 584; x_wconf 72' lang='lat' dir='ltr'>subire</span> <span class='ocrx_word' id='word_1_534' title='bbox 2154 546 2278 584; x_wconf 72' lang='lat' dir='ltr'>pericu·-</span> 
     </span>
     <span class='ocr_line' id='line_1_74' title="bbox 1333 588 2277 634; baseline 0.006 -13"><span class='ocrx_word' id='word_1_535' title='bbox 1333 588 1417 629; x_wconf 84' lang='lat' dir='ltr'>lum,</span> <span class='ocrx_word' id='word_1_536' title='bbox 1443 592 1524 632; x_wconf 86' lang='lat' dir='ltr'>quod</span> <span class='ocrx_word' id='word_1_537' title='bbox 1543 600 1595 624; x_wconf 81' lang='lat' dir='ltr'>tua</span> <span class='ocrx_word' id='word_1_538' title='bbox 1620 591 1737 623; x_wconf 83' lang='lat' dir='ltr'>malma</span> <span class='ocrx_word' id='word_1_539' title='bbox 1757 589 1880 633; x_wconf 69' lang='lat' dir='ltr'>noscitur</span> <span class='ocrx_word' id='word_1_540' title='bbox 1904 597 2018 625; x_wconf 82' lang='lat' dir='ltr'>caeteris</span> <span class='ocrx_word' id='word_1_541' title='bbox 2029 600 2244 634; x_wconf 74' lang='lat' dir='ltr'>preparatum</span> <span class='ocrx_word' id='word_1_542' title='bbox 2267 618 2277 627; x_wconf 85' lang='grc'><strong>.</strong></span> 
     </span>
     <span class='ocr_line' id='line_1_75' title="bbox 1334 636 2282 685; baseline 0.007 -15"><span class='ocrx_word' id='word_1_543' title='bbox 1334 636 1387 671; x_wconf 86' lang='lat' dir='ltr'>Sic</span> <span class='ocrx_word' id='word_1_544' title='bbox 1398 640 1476 685; x_wconf 77' lang='lat' dir='ltr'>ergo</span> <span class='ocrx_word' id='word_1_545' title='bbox 1487 640 1544 674; x_wconf 91' lang='lat' dir='ltr'>ille</span> <span class='ocrx_word' id='word_1_546' title='bbox 1555 640 1764 675; x_wconf 89' lang='lat' dir='ltr'>vehementer</span> <span class='ocrx_word' id='word_1_547' title='bbox 1774 640 1938 675; x_wconf 70' lang='lat' dir='ltr'>adstrictus</span> <span class='ocrx_word' id='word_1_548' title='bbox 1950 653 2020 676; x_wconf 89' lang='lat' dir='ltr'>non</span> <span class='ocrx_word' id='word_1_549' title='bbox 2034 642 2143 685; x_wconf 89' lang='lat' dir='ltr'>potuit</span> <span class='ocrx_word' id='word_1_550' title='bbox 2162 640 2282 678; x_wconf 78' lang='lat' dir='ltr'>evade-</span> 
     </span>
     <span class='ocr_line' id='line_1_76' title="bbox 1334 690 2277 736; baseline 0.007 -16"><span class='ocrx_word' id='word_1_551' title='bbox 1334 697 1386 728; x_wconf 84' lang='lat' dir='ltr'>re,</span> <span class='ocrx_word' id='word_1_552' title='bbox 1413 691 1491 732; x_wconf 89' lang='lat' dir='ltr'>quin</span> <span class='ocrx_word' id='word_1_553' title='bbox 1503 701 1580 725; x_wconf 85' lang='lat' dir='ltr'>cum</span> <span class='ocrx_word' id='word_1_554' title='bbox 1590 691 1739 725; x_wconf 79' lang='lat' dir='ltr'>maximo</span> <span class='ocrx_word' id='word_1_555' title='bbox 1751 690 1829 726; x_wconf 90' lang='lat' dir='ltr'>fletu</span> <span class='ocrx_word' id='word_1_556' title='bbox 1841 692 1963 735; x_wconf 89' lang='lat' dir='ltr'>primus</span> <span class='ocrx_word' id='word_1_557' title='bbox 1986 691 2081 735; x_wconf 80' lang='lat' dir='ltr'>juxta</span> <span class='ocrx_word' id='word_1_558' title='bbox 2091 691 2277 736; x_wconf 70' lang='lat' dir='ltr'>praedistam</span> 
     </span>
     <span class='ocr_line' id='line_1_77' title="bbox 1334 737 2282 787; baseline 0.007 -17"><span class='ocrx_word' id='word_1_559' title='bbox 1334 737 1472 773; x_wconf 81' lang='lat' dir='ltr'>formam</span> <span class='ocrx_word' id='word_1_560' title='bbox 1482 739 1599 775; x_wconf 83' lang='lat' dir='ltr'>faceret</span> <span class='ocrx_word' id='word_1_561' title='bbox 1610 742 1828 784; x_wconf 83' lang='lat' dir='ltr'>juramentum</span> <span class='ocrx_word' id='word_1_562' title='bbox 1841 765 1853 782; x_wconf 86' lang='lat'>‚</span> <span class='ocrx_word' id='word_1_563' title='bbox 1878 742 1914 776; x_wconf 72' lang='grc' dir='ltr'>δε</span> <span class='ocrx_word' id='word_1_564' title='bbox 1931 742 2084 787; x_wconf 84' lang='lat' dir='ltr'>susceptis</span> <span class='ocrx_word' id='word_1_565' title='bbox 2105 741 2282 783; x_wconf 70' lang='lat' dir='ltr'>ordinibus</span> 
     </span>
     <span class='ocr_line' id='line_1_78' title="bbox 1333 789 2284 837; baseline 0.004 -16"><span class='ocrx_word' id='word_1_566' title='bbox 1333 789 1611 825; x_wconf 86' lang='lat' dir='ltr'>consecrationem</span> <span class='ocrx_word' id='word_1_567' title='bbox 1623 791 1753 835; x_wconf 71' lang='lat' dir='ltr'>quoque</span> <span class='ocrx_word' id='word_1_568' title='bbox 1761 793 1790 827; x_wconf 90' lang='lat' dir='ltr'>se</span> <span class='ocrx_word' id='word_1_569' title='bbox 1800 793 2004 835; x_wconf 87' lang='lat' dir='ltr'>promitteret</span> <span class='ocrx_word' id='word_1_570' title='bbox 2024 802 2229 837; x_wconf 85' lang='lat' dir='ltr'>recepturum</span> <span class='ocrx_word' id='word_1_571' title='bbox 2241 816 2259 827; x_wconf 87' lang='lat'>..</span> <span class='ocrx_word' id='word_1_572' title='bbox 2277 806 2284 815; x_wconf 83' lang='lat'><em>·</em></span> 
     </span>
    </p>

    <p class='ocr_par' dir='ltr' id='par_1_10' title="bbox 1321 837 2282 2580">
     <span class='ocr_line' id='line_1_79' title="bbox 1383 837 2282 888; baseline 0.007 -17"><span class='ocrx_word' id='word_1_573' title='bbox 1383 837 1544 874; x_wconf 85' lang='lat' dir='ltr'>Exhibuit</span> <span class='ocrx_word' id='word_1_574' title='bbox 1555 843 1653 875; x_wconf 88' lang='lat' dir='ltr'>etiam</span> <span class='ocrx_word' id='word_1_575' title='bbox 1667 842 1829 885; x_wconf 72' lang='lat' dir='ltr'>praedistos</span> <span class='ocrx_word' id='word_1_576' title='bbox 1841 841 1995 877; x_wconf 85' lang='lat' dir='ltr'>Nuncios</span> <span class='ocrx_word' id='word_1_577' title='bbox 2007 843 2110 888; x_wconf 84' lang='lat' dir='ltr'>Regis</span> <span class='ocrx_word' id='word_1_578' title='bbox 2119 843 2253 888; x_wconf 76' lang='lat' dir='ltr'>Angliae</span> <span class='ocrx_word' id='word_1_579' title='bbox 2262 862 2282 885; x_wconf 83' lang='lat'>,·</span> 
     </span>
     <span class='ocr_line' id='line_1_80' title="bbox 1331 888 2281 942; baseline 0.006 -21"><span class='ocrx_word' id='word_1_580' title='bbox 1331 888 1387 942; x_wconf 62' lang='lat' dir='ltr'>gui</span> <span class='ocrx_word' id='word_1_581' title='bbox 1400 889 1434 922; x_wconf 91' lang='lat' dir='ltr'>in</span> <span class='ocrx_word' id='word_1_582' title='bbox 1447 891 1582 934; x_wconf 85' lang='lat' dir='ltr'>persona</span> <span class='ocrx_word' id='word_1_583' title='bbox 1595 891 1698 936; x_wconf 87' lang='lat' dir='ltr'>Regis</span> <span class='ocrx_word' id='word_1_584' title='bbox 1712 893 1839 937; x_wconf 76' lang='lat' dir='ltr'>Angliae</span> <span class='ocrx_word' id='word_1_585' title='bbox 1851 892 1981 936; x_wconf 73' lang='lat' dir='ltr'>publice</span> <span class='ocrx_word' id='word_1_586' title='bbox 1993 904 2103 928; x_wconf 88' lang='lat' dir='ltr'>coram</span> <span class='ocrx_word' id='word_1_587' title='bbox 2115 892 2281 937; x_wconf 74' lang='lat' dir='ltr'>omnibus</span> 
     </span>
     <span class='ocr_line' id='line_1_81' title="bbox 1330 941 2280 987; baseline 0.006 -16"><span class='ocrx_word' id='word_1_588' title='bbox 1330 948 1533 982; x_wconf 70' lang='lat' dir='ltr'>juraverunt,</span> <span class='ocrx_word' id='word_1_589' title='bbox 1559 941 1651 986; x_wconf 76' lang='lat' dir='ltr'>quod</span> <span class='ocrx_word' id='word_1_590' title='bbox 1673 941 1832 986; x_wconf 80' lang='lat' dir='ltr'>quidquid</span> <span class='ocrx_word' id='word_1_591' title='bbox 1853 942 2034 986; x_wconf 87' lang='lat' dir='ltr'>Imperator</span> <span class='ocrx_word' id='word_1_592' title='bbox 2057 945 2150 987; x_wconf 88' lang='lat' dir='ltr'>super</span> <span class='ocrx_word' id='word_1_593' title='bbox 2170 941 2234 977; x_wconf 92' lang='lat' dir='ltr'>hoc</span> <span class='ocrx_word' id='word_1_594' title='bbox 2246 944 2280 977; x_wconf 89' lang='lat' dir='ltr'>se</span> 
     </span>
     <span class='ocr_line' id='line_1_82' title="bbox 1333 988 2282 1038; baseline 0.007 -18"><span class='ocrx_word' id='word_1_595' title='bbox 1333 988 1529 1025; x_wconf 85' lang='lat' dir='ltr'>servaturum</span> <span class='ocrx_word' id='word_1_596' title='bbox 1541 991 1694 1038; x_wconf 83' lang='lat' dir='ltr'>jurayerit</span> <span class='ocrx_word' id='word_1_597' title='bbox 1707 1017 1719 1033; x_wconf 92' lang='lat'>,</span> <span class='ocrx_word' id='word_1_598' title='bbox 1745 993 1810 1035; x_wconf 91' lang='lat' dir='ltr'>ipse</span> <span class='ocrx_word' id='word_1_599' title='bbox 1820 993 1952 1036; x_wconf 73' lang='lat' dir='ltr'>quoque</span> <span class='ocrx_word' id='word_1_600' title='bbox 1961 992 2085 1028; x_wconf 86' lang='lat' dir='ltr'>tenebit</span> <span class='ocrx_word' id='word_1_601' title='bbox 2097 993 2231 1027; x_wconf 85' lang='lat' dir='ltr'>firmiter</span> <span class='ocrx_word' id='word_1_602' title='bbox 2242 993 2282 1027; x_wconf 75' lang='grc' dir='ltr'>δε.</span> 
     </span>
     <span class='ocr_line' id='line_1_83' title="bbox 1331 1038 2278 1087; baseline 0.006 -16"><span class='ocrx_word' id='word_1_603' title='bbox 1331 1038 1486 1074; x_wconf 88' lang='lat' dir='ltr'>servabit.</span> <span class='ocrx_word' id='word_1_604' title='bbox 1512 1040 1566 1075; x_wconf 84' lang='lat' dir='ltr'>sie</span> <span class='ocrx_word' id='word_1_605' title='bbox 1587 1041 1667 1087; x_wconf 74' lang='lat' dir='ltr'>ergo</span> <span class='ocrx_word' id='word_1_606' title='bbox 1689 1042 1816 1085; x_wconf 88' lang='lat' dir='ltr'>propria</span> <span class='ocrx_word' id='word_1_607' title='bbox 1837 1052 1936 1076; x_wconf 80' lang='lat' dir='ltr'>manu</span> <span class='ocrx_word' id='word_1_608' title='bbox 1964 1042 2181 1086; x_wconf 72' lang='lat' dir='ltr'>supradistum</span> <span class='ocrx_word' id='word_1_609' title='bbox 2201 1054 2278 1087; x_wconf 79' lang='lat' dir='ltr'>prae-</span> 
     </span>
     <span class='ocr_line' id='line_1_84' title="bbox 1330 1087 2279 1137; baseline 0.006 -16"><span class='ocrx_word' id='word_1_610' title='bbox 1330 1087 1411 1123; x_wconf 83' lang='lat' dir='ltr'>stitit</span> <span class='ocrx_word' id='word_1_611' title='bbox 1418 1089 1636 1133; x_wconf 84' lang='lat' dir='ltr'>juramentum</span> <span class='ocrx_word' id='word_1_612' title='bbox 1646 1116 1657 1132; x_wconf 92' lang='lat'><em>,</em></span> <span class='ocrx_word' id='word_1_613' title='bbox 1683 1102 1724 1125; x_wconf 91' lang='lat' dir='ltr'>eo</span> <span class='ocrx_word' id='word_1_614' title='bbox 1735 1101 1844 1125; x_wconf 86' lang='lat' dir='ltr'>tamen</span> <span class='ocrx_word' id='word_1_615' title='bbox 1856 1091 1897 1125; x_wconf 86' lang='lat' dir='ltr'>ad</span> <span class='ocrx_word' id='word_1_616' title='bbox 1908 1091 2044 1127; x_wconf 84' lang='lat' dir='ltr'>verbum</span> <span class='ocrx_word' id='word_1_617' title='bbox 2064 1091 2279 1137; x_wconf 80' lang='lat' dir='ltr'>Archi-Epis·</span> 
     </span>
     <span class='ocr_line' id='line_1_85' title="bbox 1330 1139 2282 1186; baseline 0.004 -14"><span class='ocrx_word' id='word_1_618' title='bbox 1330 1140 1405 1182; x_wconf 89' lang='lat' dir='ltr'>copi</span> <span class='ocrx_word' id='word_1_619' title='bbox 1444 1140 1737 1186; x_wconf 83' lang='lat' dir='ltr'>Magdeburgensis</span> <span class='ocrx_word' id='word_1_620' title='bbox 1771 1139 1992 1176; x_wconf 87' lang='lat' dir='ltr'>determinato</span> <span class='ocrx_word' id='word_1_621' title='bbox 2012 1166 2025 1182; x_wconf 92' lang='lat'>,</span> <span class='ocrx_word' id='word_1_622' title='bbox 2050 1151 2088 1175; x_wconf 90' lang='lat' dir='ltr'>ut</span> <span class='ocrx_word' id='word_1_623' title='bbox 2107 1142 2131 1175; x_wconf 84' lang='lat' dir='ltr'>fi</span> <span class='ocrx_word' id='word_1_624' title='bbox 2156 1151 2216 1176; x_wconf 81' lang='lat' dir='ltr'>vos</span> <span class='ocrx_word' id='word_1_625' title='bbox 2239 1142 2282 1186; x_wconf 60' lang='grc' dir='ltr'>ἐς</span> 
     </span>
     <span class='ocr_line' id='line_1_86' title="bbox 1332 1189 2278 1236; baseline 0.003 -13"><span class='ocrx_word' id='word_1_626' title='bbox 1332 1189 1583 1226; x_wconf 82' lang='lat' dir='ltr'>Schismaticum</span> <span class='ocrx_word' id='word_1_627' title='bbox 1594 1192 1692 1226; x_wconf 72' lang='lat' dir='ltr'>villurn</span> <span class='ocrx_word' id='word_1_628' title='bbox 1702 1191 1820 1226; x_wconf 92' lang='lat' dir='ltr'>eodem</span> <span class='ocrx_word' id='word_1_629' title='bbox 1841 1202 1984 1236; x_wconf 88' lang='lat' dir='ltr'>tempore</span> <span class='ocrx_word' id='word_1_630' title='bbox 1993 1191 2087 1227; x_wconf 89' lang='lat' dir='ltr'>obire</span> <span class='ocrx_word' id='word_1_631' title='bbox 2103 1191 2278 1236; x_wconf 79' lang='lat' dir='ltr'>continge-</span> 
     </span>
     <span class='ocr_line' id='line_1_87' title="bbox 1329 1239 2277 1286; baseline 0.003 -13"><span class='ocrx_word' id='word_1_632' title='bbox 1329 1249 1397 1280; x_wconf 90' lang='lat' dir='ltr'>ret,</span> <span class='ocrx_word' id='word_1_633' title='bbox 1424 1241 1457 1274; x_wconf 86' lang='lat'>&amp;</span> <span class='ocrx_word' id='word_1_634' title='bbox 1470 1239 1659 1276; x_wconf 86' lang='lat' dir='ltr'>Cardinales</span> <span class='ocrx_word' id='word_1_635' title='bbox 1680 1243 1846 1286; x_wconf 90' lang='lat' dir='ltr'>utriusque</span> <span class='ocrx_word' id='word_1_636' title='bbox 1867 1242 1966 1286; x_wconf 87' lang='lat' dir='ltr'>partis</span> <span class='ocrx_word' id='word_1_637' title='bbox 1986 1241 2021 1275; x_wconf 90' lang='lat' dir='ltr'>in</span> <span class='ocrx_word' id='word_1_638' title='bbox 2041 1241 2186 1286; x_wconf 77' lang='lat' dir='ltr'>aliquem</span> <span class='ocrx_word' id='word_1_639' title='bbox 2197 1251 2277 1276; x_wconf 69' lang='lat' dir='ltr'>unn-</span> 
     </span>
     <span class='ocr_line' id='line_1_88' title="bbox 1329 1289 2278 1336; baseline 0.003 -13"><span class='ocrx_word' id='word_1_640' title='bbox 1329 1289 1462 1324; x_wconf 85' lang='lat' dir='ltr'>nimiter</span> <span class='ocrx_word' id='word_1_641' title='bbox 1473 1293 1707 1334; x_wconf 84' lang='lat' dir='ltr'>convenirent,</span> <span class='ocrx_word' id='word_1_642' title='bbox 1735 1292 1871 1327; x_wconf 90' lang='lat' dir='ltr'>liberum</span> <span class='ocrx_word' id='word_1_643' title='bbox 1893 1291 2039 1326; x_wconf 78' lang='lat' dir='ltr'>fibieffet</span> <span class='ocrx_word' id='word_1_644' title='bbox 2060 1302 2135 1326; x_wconf 89' lang='lat' dir='ltr'>eum</span> <span class='ocrx_word' id='word_1_645' title='bbox 2156 1291 2278 1336; x_wconf 81' lang='lat' dir='ltr'>recipe·</span> 
     </span>
     <span class='ocr_line' id='line_1_89' title="bbox 1327 1340 2277 1387; baseline 0.002 -13"><span class='ocrx_word' id='word_1_646' title='bbox 1327 1351 1359 1374; x_wconf 93' lang='lat' dir='ltr'>re</span> <span class='ocrx_word' id='word_1_647' title='bbox 1369 1365 1380 1382; x_wconf 92' lang='lat'>,</span> <span class='ocrx_word' id='word_1_648' title='bbox 1407 1340 1430 1373; x_wconf 86' lang='lat' dir='ltr'>fi</span> <span class='ocrx_word' id='word_1_649' title='bbox 1445 1352 1554 1376; x_wconf 87' lang='lat' dir='ltr'>tamen</span> <span class='ocrx_word' id='word_1_650' title='bbox 1567 1366 1579 1383; x_wconf 90' lang='lat'>,</span> <span class='ocrx_word' id='word_1_651' title='bbox 1604 1341 1694 1387; x_wconf 88' lang='lat' dir='ltr'>quod</span> <span class='ocrx_word' id='word_1_652' title='bbox 1708 1342 1843 1386; x_wconf 86' lang='lat' dir='ltr'>quidem</span> <span class='ocrx_word' id='word_1_653' title='bbox 1854 1341 2061 1376; x_wconf 82' lang='lat' dir='ltr'>Coloniensis</span> <span class='ocrx_word' id='word_1_654' title='bbox 2074 1343 2153 1376; x_wconf 88' lang='lat' dir='ltr'>fecit</span> <span class='ocrx_word' id='word_1_655' title='bbox 2172 1352 2277 1385; x_wconf 65' lang='lat' dir='ltr'>appo-⁴</span> 
     </span>
     <span class='ocr_line' id='line_1_90' title="bbox 1328 1389 2278 1436; baseline 0.005 -13"><span class='ocrx_word' id='word_1_656' title='bbox 1328 1390 1383 1431; x_wconf 89' lang='lat' dir='ltr'>ni,</span> <span class='ocrx_word' id='word_1_657' title='bbox 1409 1389 1450 1425; x_wconf 84' lang='lat' dir='ltr'>de</span> <span class='ocrx_word' id='word_1_658' title='bbox 1460 1392 1668 1436; x_wconf 80' lang='lat' dir='ltr'>Imperatoris</span> <span class='ocrx_word' id='word_1_659' title='bbox 1677 1393 1800 1427; x_wconf 69' lang='lat' dir='ltr'>assensu</span> <span class='ocrx_word' id='word_1_660' title='bbox 1811 1392 1926 1427; x_wconf 90' lang='lat' dir='ltr'>eadem</span> <span class='ocrx_word' id='word_1_661' title='bbox 1937 1392 2053 1427; x_wconf 66' lang='lat' dir='ltr'>electio</span> <span class='ocrx_word' id='word_1_662' title='bbox 2074 1392 2278 1436; x_wconf 49' lang='lat' dir='ltr'>proveniret*</span> 
     </span>
     <span class='ocr_line' id='line_1_91' title="bbox 1328 1441 2279 1487; baseline 0.002 -13"><span class='ocrx_word' id='word_1_663' title='bbox 1328 1441 1459 1476; x_wconf 76' lang='lat' dir='ltr'>Deinde</span> <span class='ocrx_word' id='word_1_664' title='bbox 1477 1444 1535 1486; x_wconf 92' lang='lat' dir='ltr'>qui</span> <span class='ocrx_word' id='word_1_665' title='bbox 1561 1444 1728 1487; x_wconf 74' lang='lat' dir='ltr'>pra-,sentes</span> <span class='ocrx_word' id='word_1_666' title='bbox 1746 1453 1838 1478; x_wconf 85' lang='lat' dir='ltr'>erant</span> <span class='ocrx_word' id='word_1_667' title='bbox 1860 1442 2051 1486; x_wconf 88' lang='lat' dir='ltr'>Principes,</span> <span class='ocrx_word' id='word_1_668' title='bbox 2077 1442 2159 1476; x_wconf 84' lang='lat' dir='ltr'>sicut</span> <span class='ocrx_word' id='word_1_669' title='bbox 2179 1441 2279 1485; x_wconf 52' lang='lat' dir='ltr'>supr&amp;</span> 
     </span>
     <span class='ocr_line' id='line_1_92' title="bbox 1326 1490 2278 1539; baseline 0.002 -15"><span class='ocrx_word' id='word_1_670' title='bbox 1326 1490 1448 1525; x_wconf 73' lang='lat' dir='ltr'>dictum</span> <span class='ocrx_word' id='word_1_671' title='bbox 1457 1491 1504 1525; x_wconf 90' lang='lat' dir='ltr'>est</span> <span class='ocrx_word' id='word_1_672' title='bbox 1518 1517 1529 1533; x_wconf 91' lang='lat'>,</span> <span class='ocrx_word' id='word_1_673' title='bbox 1567 1492 1661 1527; x_wconf 87' lang='lat' dir='ltr'>suum</span> <span class='ocrx_word' id='word_1_674' title='bbox 1679 1490 1856 1537; x_wconf 84' lang='lat' dir='ltr'>&#39;praestitere</span> <span class='ocrx_word' id='word_1_675' title='bbox 1876 1493 1996 1539; x_wconf 77' lang='lat' dir='ltr'>singuli</span> <span class='ocrx_word' id='word_1_676' title='bbox 2016 1493 2236 1536; x_wconf 81' lang='lat' dir='ltr'>jurameutum</span> <span class='ocrx_word' id='word_1_677' title='bbox 2262 1508 2278 1526; x_wconf 59' lang='lat' dir='ltr'>a</span> 
     </span>
     <span class='ocr_line' id='line_1_93' title="bbox 1327 1540 2277 1587; baseline 0.002 -13"><span class='ocrx_word' id='word_1_678' title='bbox 1327 1540 1415 1574; x_wconf 57' lang='lat' dir='ltr'>Olim</span> <span class='ocrx_word' id='word_1_679' title='bbox 1427 1540 1504 1576; x_wconf 69' lang='lat' dir='ltr'>vero</span> <span class='ocrx_word' id='word_1_680' title='bbox 1519 1541 1560 1577; x_wconf 84' lang='lat' dir='ltr'>ad</span> <span class='ocrx_word' id='word_1_681' title='bbox 1583 1543 1764 1587; x_wconf 86' lang='lat' dir='ltr'>Episcopos</span> <span class='ocrx_word' id='word_1_682' title='bbox 1787 1553 1920 1578; x_wconf 85' lang='lat' dir='ltr'>ventum</span> <span class='ocrx_word' id='word_1_683' title='bbox 1940 1543 2035 1584; x_wconf 81' lang='lat' dir='ltr'>esset,</span> <span class='ocrx_word' id='word_1_684' title='bbox 2059 1542 2277 1585; x_wconf 74' lang='lat' dir='ltr'>dicerentque</span> 
     </span>
     <span class='ocr_line' id='line_1_94' title="bbox 1324 1591 2276 1636; baseline 0.005 -15"><span class='ocrx_word' id='word_1_685' title='bbox 1324 1599 1459 1630; x_wconf 88' lang='lat' dir='ltr'>omnes,</span> <span class='ocrx_word' id='word_1_686' title='bbox 1483 1600 1623 1635; x_wconf 86' lang='lat' dir='ltr'>excepto</span> <span class='ocrx_word' id='word_1_687' title='bbox 1644 1593 1801 1627; x_wconf 88' lang='lat' dir='ltr'>Verdensi</span> <span class='ocrx_word' id='word_1_688' title='bbox 1821 1617 1833 1634; x_wconf 91' lang='lat'>‚</span> <span class='ocrx_word' id='word_1_689' title='bbox 1859 1594 1943 1628; x_wconf 90' lang='lat' dir='ltr'>velle</span> <span class='ocrx_word' id='word_1_690' title='bbox 1964 1594 1997 1628; x_wconf 86' lang='lat' dir='ltr'>se</span> <span class='ocrx_word' id='word_1_691' title='bbox 2018 1593 2128 1636; x_wconf 74' lang='lat' dir='ltr'>potius</span> <span class='ocrx_word' id='word_1_692' title='bbox 2139 1591 2276 1636; x_wconf 57' lang='lat' dir='ltr'>Regalia</span> 
     </span>
     <span class='ocr_line' id='line_1_95' title="bbox 1325 1636 2278 1685; baseline 0.006 -13"><span class='ocrx_word' id='word_1_693' title='bbox 1325 1636 1384 1673; x_wconf 88' lang='lat' dir='ltr'>bus</span> <span class='ocrx_word' id='word_1_694' title='bbox 1397 1639 1511 1674; x_wconf 85' lang='lat' dir='ltr'>cedere</span> <span class='ocrx_word' id='word_1_695' title='bbox 1522 1664 1534 1681; x_wconf 90' lang='lat'><strong>,</strong></span> <span class='ocrx_word' id='word_1_696' title='bbox 1559 1640 1657 1685; x_wconf 71' lang='lat' dir='ltr'>quam</span> <span class='ocrx_word' id='word_1_697' title='bbox 1666 1639 1855 1684; x_wconf 71' lang='lat' dir='ltr'>huiusmodi</span> <span class='ocrx_word' id='word_1_698' title='bbox 1869 1643 2082 1675; x_wconf 71' lang='lat' dir='ltr'>Sacramenta</span> <span class='ocrx_word' id='word_1_699' title='bbox 2095 1641 2247 1685; x_wconf 57' lang='lat' dir='ltr'>prostat:</span> <span class='ocrx_word' id='word_1_700' title='bbox 2257 1659 2278 1683; x_wconf 60' lang='lat' dir='ltr'>‚x</span> 
     </span>
     <span class='ocr_line' id='line_1_96' title="bbox 1326 1688 2279 1735; baseline 0.003 -13"><span class='ocrx_word' id='word_1_701' title='bbox 1326 1689 1514 1732; x_wconf 80' lang='lat' dir='ltr'>responsum</span> <span class='ocrx_word' id='word_1_702' title='bbox 1525 1690 1570 1724; x_wconf 89' lang='lat' dir='ltr'>est</span> <span class='ocrx_word' id='word_1_703' title='bbox 1591 1691 1638 1725; x_wconf 91' lang='lat' dir='ltr'>eis</span> <span class='ocrx_word' id='word_1_704' title='bbox 1655 1700 1809 1735; x_wconf 87' lang='lat' dir='ltr'>oportere</span> <span class='ocrx_word' id='word_1_705' title='bbox 1827 1701 1903 1731; x_wconf 86' lang='lat' dir='ltr'>eos,</span> <span class='ocrx_word' id='word_1_706' title='bbox 1931 1690 2055 1725; x_wconf 87' lang='lat' dir='ltr'>vellent</span> <span class='ocrx_word' id='word_1_707' title='bbox 2065 1703 2087 1731; x_wconf 60' lang='lat'>‚⁴</span> <span class='ocrx_word' id='word_1_708' title='bbox 2105 1688 2279 1732; x_wconf 64' lang='lat' dir='ltr'>nollem.</span> 
     </span>
     <span class='ocr_line' id='line_1_97' title="bbox 1323 1739 2278 1785; baseline 0.003 -13"><span class='ocrx_word' id='word_1_709' title='bbox 1323 1739 1544 1781; x_wconf 86' lang='lat' dir='ltr'>juramentum</span> <span class='ocrx_word' id='word_1_710' title='bbox 1570 1742 1696 1778; x_wconf 87' lang='lat' dir='ltr'>facere,</span> <span class='ocrx_word' id='word_1_711' title='bbox 1733 1741 1766 1774; x_wconf 78' lang='grc' dir='ltr'>δε</span> <span class='ocrx_word' id='word_1_712' title='bbox 1787 1740 1927 1785; x_wconf 68' lang='lat' dir='ltr'>Regalis</span> <span class='ocrx_word' id='word_1_713' title='bbox 1945 1740 2086 1774; x_wconf 88' lang='lat' dir='ltr'>retinere</span> <span class='ocrx_word' id='word_1_714' title='bbox 2106 1765 2114 1772; x_wconf 90' lang='lat'>.</span> <span class='ocrx_word' id='word_1_715' title='bbox 2153 1739 2278 1785; x_wconf 66' lang='lat' dir='ltr'>Siuq‘nfl</span> 
     </span>
     <span class='ocr_line' id='line_1_98' title="bbox 1323 1787 2281 1835; baseline 0.004 -13"><span class='ocrx_word' id='word_1_716' title='bbox 1323 1798 1399 1822; x_wconf 88' lang='lat' dir='ltr'>cum</span> <span class='ocrx_word' id='word_1_717' title='bbox 1411 1788 1507 1822; x_wconf 68' lang='lat' dir='ltr'>flestu</span> <span class='ocrx_word' id='word_1_718' title='bbox 1520 1787 1554 1822; x_wconf 78' lang='grc' dir='ltr'>δε</span> <span class='ocrx_word' id='word_1_719' title='bbox 1565 1789 1697 1832; x_wconf 63' lang='lat' dir='ltr'>planctu</span> <span class='ocrx_word' id='word_1_720' title='bbox 1708 1789 1854 1824; x_wconf 81' lang='lat' dir='ltr'>maximo</span> <span class='ocrx_word' id='word_1_721' title='bbox 1864 1790 1981 1832; x_wconf 82' lang='lat' dir='ltr'>juravit</span> <span class='ocrx_word' id='word_1_722' title='bbox 1994 1790 2118 1834; x_wconf 86' lang='lat' dir='ltr'>primus</span> <span class='ocrx_word' id='word_1_723' title='bbox 2129 1789 2281 1835; x_wconf 62' lang='lat' dir='ltr'>Magoa-.-</span> 
     </span>
     <span class='ocr_line' id='line_1_99' title="bbox 1324 1837 2272 1884; baseline 0.003 -12"><span class='ocrx_word' id='word_1_724' title='bbox 1324 1837 1491 1884; x_wconf 87' lang='lat' dir='ltr'>burgenfis</span> <span class='ocrx_word' id='word_1_725' title='bbox 1507 1862 1518 1879; x_wconf 91' lang='lat'><strong>,</strong></span> <span class='ocrx_word' id='word_1_726' title='bbox 1545 1838 1602 1873; x_wconf 91' lang='lat' dir='ltr'>sub</span> <span class='ocrx_word' id='word_1_727' title='bbox 1612 1849 1648 1871; x_wconf 90' lang='lat' dir='ltr'>ea</span> <span class='ocrx_word' id='word_1_728' title='bbox 1659 1847 1770 1873; x_wconf 85' lang='lat' dir='ltr'>tamen</span> <span class='ocrx_word' id='word_1_729' title='bbox 1781 1839 1975 1873; x_wconf 88' lang='lat' dir='ltr'>conditione</span> <span class='ocrx_word' id='word_1_730' title='bbox 1987 1853 2002 1879; x_wconf 57' lang='grc'>,’</span> <span class='ocrx_word' id='word_1_731' title='bbox 2028 1839 2050 1872; x_wconf 83' lang='lat' dir='ltr'>si</span> <span class='ocrx_word' id='word_1_732' title='bbox 2062 1850 2177 1874; x_wconf 79' lang='lat' dir='ltr'>omnes</span> <span class='ocrx_word' id='word_1_733' title='bbox 2185 1839 2244 1875; x_wconf 83' lang='lat' dir='ltr'>alii</span> <span class='ocrx_word' id='word_1_734' title='bbox 2257 1862 2272 1881; x_wconf 85' lang='lat'><strong>,</strong></span> 
     </span>
     <span class='ocr_line' id='line_1_100' title="bbox 1323 1887 2271 1933; baseline 0.001 -11"><span class='ocrx_word' id='word_1_735' title='bbox 1323 1888 1547 1933; x_wconf 85' lang='lat' dir='ltr'>quiaberant,</span> <span class='ocrx_word' id='word_1_736' title='bbox 1578 1889 1679 1922; x_wconf 79' lang='lat' dir='ltr'>effent</span> <span class='ocrx_word' id='word_1_737' title='bbox 1690 1889 1848 1932; x_wconf 81' lang='lat' dir='ltr'>juraturi,</span> <span class='ocrx_word' id='word_1_738' title='bbox 1875 1889 1908 1922; x_wconf 90' lang='lat'>&amp;</span> <span class='ocrx_word' id='word_1_739' title='bbox 1923 1889 2012 1933; x_wconf 74' lang='lat' dir='ltr'>quod</span> <span class='ocrx_word' id='word_1_740' title='bbox 2026 1888 2153 1923; x_wconf 76' lang='lat' dir='ltr'>solutus</span> <span class='ocrx_word' id='word_1_741' title='bbox 2162 1887 2271 1924; x_wconf 51' lang='lat' dir='ltr'>esset&amp;</span> 
     </span>
     <span class='ocr_line' id='line_1_101' title="bbox 1321 1937 2269 1984; baseline 0.003 -12"><span class='ocrx_word' id='word_1_742' title='bbox 1321 1937 1529 1980; x_wconf 85' lang='lat' dir='ltr'>juramento,</span> <span class='ocrx_word' id='word_1_743' title='bbox 1556 1949 1765 1983; x_wconf 87' lang='lat' dir='ltr'>quocumque</span> <span class='ocrx_word' id='word_1_744' title='bbox 1783 1949 1929 1981; x_wconf 88' lang='lat' dir='ltr'>tempore</span> <span class='ocrx_word' id='word_1_745' title='bbox 1950 1940 2105 1973; x_wconf 79' lang='lat' dir='ltr'>desineret</span> <span class='ocrx_word' id='word_1_746' title='bbox 2127 1939 2269 1984; x_wconf 76' lang='lat' dir='ltr'>Regalia</span> 
     </span>
     <span class='ocr_line' id='line_1_102' title="bbox 1323 1987 2270 2034; baseline 0.002 -11"><span class='ocrx_word' id='word_1_747' title='bbox 1323 1987 1493 2031; x_wconf 82' lang='lat' dir='ltr'>poffidere.</span> <span class='ocrx_word' id='word_1_748' title='bbox 1532 1988 1823 2034; x_wconf 86' lang='lat' dir='ltr'>Panamburgenfis</span> <span class='ocrx_word' id='word_1_749' title='bbox 1846 1989 1923 2024; x_wconf 70' lang='lat' dir='ltr'>vero</span> <span class='ocrx_word' id='word_1_750' title='bbox 1945 1990 2127 2033; x_wconf 87' lang='lat' dir='ltr'>Episcopus</span> <span class='ocrx_word' id='word_1_751' title='bbox 2146 2012 2158 2029; x_wconf 91' lang='lat'>,</span> <span class='ocrx_word' id='word_1_752' title='bbox 2195 1989 2270 2034; x_wconf 77' lang='lat' dir='ltr'>post</span> 
     </span>
     <span class='ocr_line' id='line_1_103' title="bbox 1323 2038 2273 2083; baseline 0.002 -11"><span class='ocrx_word' id='word_1_753' title='bbox 1323 2038 1484 2072; x_wconf 86' lang='lat' dir='ltr'>multas&amp;</span> <span class='ocrx_word' id='word_1_754' title='bbox 1499 2038 1600 2072; x_wconf 81' lang='lat' dir='ltr'>varias</span> <span class='ocrx_word' id='word_1_755' title='bbox 1610 2040 1834 2074; x_wconf 82' lang='lat' dir='ltr'>excusationes</span> <span class='ocrx_word' id='word_1_756' title='bbox 1843 2064 1853 2079; x_wconf 89' lang='lat'><em>,</em></span> <span class='ocrx_word' id='word_1_757' title='bbox 1884 2039 1929 2073; x_wconf 74' lang='lat' dir='ltr'>ita</span> <span class='ocrx_word' id='word_1_758' title='bbox 1943 2040 1998 2082; x_wconf 78' lang='lat' dir='ltr'>ipsi</span> <span class='ocrx_word' id='word_1_759' title='bbox 2008 2039 2201 2083; x_wconf 80' lang='lat' dir='ltr'>Imperatori</span> <span class='ocrx_word' id='word_1_760' title='bbox 2210 2039 2273 2083; x_wconf 57' lang='lat' dir='ltr'>{juae</span> 
     </span>
     <span class='ocr_line' id='line_1_104' title="bbox 1322 2087 2269 2134; baseline 0.002 -12"><span class='ocrx_word' id='word_1_761' title='bbox 1322 2089 1427 2129; x_wconf 87' lang='lat' dir='ltr'>tavit,</span> <span class='ocrx_word' id='word_1_762' title='bbox 1455 2087 1546 2132; x_wconf 75' lang='lat' dir='ltr'>quod</span> <span class='ocrx_word' id='word_1_763' title='bbox 1557 2089 1713 2132; x_wconf 86' lang='lat' dir='ltr'>quamdiu</span> <span class='ocrx_word' id='word_1_764' title='bbox 1725 2090 1867 2124; x_wconf 89' lang='lat' dir='ltr'>voluerit</span> <span class='ocrx_word' id='word_1_765' title='bbox 1881 2090 2020 2134; x_wconf 83' lang='lat' dir='ltr'>Regalia</span> <span class='ocrx_word' id='word_1_766' title='bbox 2037 2090 2197 2131; x_wconf 71' lang='lat' dir='ltr'>retinere,</span> <span class='ocrx_word' id='word_1_767' title='bbox 2218 2090 2269 2124; x_wconf 69' lang='lat' dir='ltr'>⁴si:-</span> 
     </span>
     <span class='ocr_line' id='line_1_105' title="bbox 1322 2133 2267 2184; baseline 0.004 -13"><span class='ocrx_word' id='word_1_768' title='bbox 1322 2138 1573 2182; x_wconf 57' lang='lat' dir='ltr'>cundum‘quod</span> <span class='ocrx_word' id='word_1_769' title='bbox 1583 2139 1615 2173; x_wconf 88' lang='lat' dir='ltr'>ei</span> <span class='ocrx_word' id='word_1_770' title='bbox 1639 2133 1786 2184; x_wconf 75' lang='lat' dir='ltr'>propi-ius</span> <span class='ocrx_word' id='word_1_771' title='bbox 1806 2140 1913 2174; x_wconf 86' lang='lat' dir='ltr'>sensus</span> <span class='ocrx_word' id='word_1_772' title='bbox 1934 2138 2102 2173; x_wconf 69' lang='lat' dir='ltr'>dictaverit</span> <span class='ocrx_word' id='word_1_773' title='bbox 2118 2162 2130 2178; x_wconf 90' lang='lat'>,</span> <span class='ocrx_word' id='word_1_774' title='bbox 2157 2139 2267 2175; x_wconf 79' lang='lat' dir='ltr'>eidem</span> 
     </span>
     <span class='ocr_line' id='line_1_106' title="bbox 1323 2188 2265 2234; baseline 0.002 -13"><span class='ocrx_word' id='word_1_775' title='bbox 1323 2188 1514 2231; x_wconf 86' lang='lat' dir='ltr'>Imperatori</span> <span class='ocrx_word' id='word_1_776' title='bbox 1525 2189 1617 2232; x_wconf 89' lang='lat' dir='ltr'>supet</span> <span class='ocrx_word' id='word_1_777' title='bbox 1626 2190 1763 2234; x_wconf 88' lang='lat' dir='ltr'>negotio</span> <span class='ocrx_word' id='word_1_778' title='bbox 1773 2189 1934 2224; x_wconf 84' lang='lat' dir='ltr'>auxilium</span> <span class='ocrx_word' id='word_1_779' title='bbox 1953 2190 1988 2223; x_wconf 75' lang='grc' dir='ltr'>δε</span> <span class='ocrx_word' id='word_1_780' title='bbox 2008 2189 2185 2224; x_wconf 87' lang='lat' dir='ltr'>confilium</span> <span class='ocrx_word' id='word_1_781' title='bbox 2205 2189 2265 2224; x_wconf 88' lang='lat' dir='ltr'>mi-</span> 
     </span>
     <span class='ocr_line' id='line_1_107' title="bbox 1323 2237 2269 2274; baseline 0.004 -4"><span class='ocrx_word' id='word_1_782' title='bbox 1323 2237 1471 2272; x_wconf 82' lang='lat' dir='ltr'>nistrabit</span> <span class='ocrx_word' id='word_1_783' title='bbox 1483 2262 1491 2270; x_wconf 91' lang='lat'>.</span> <span class='ocrx_word' id='word_1_784' title='bbox 1522 2237 1740 2274; x_wconf 85' lang='lat' dir='ltr'>Verdensis&amp;</span> <span class='ocrx_word' id='word_1_785' title='bbox 1752 2239 1892 2274; x_wconf 83' lang='lat' dir='ltr'>intrusus</span> <span class='ocrx_word' id='word_1_786' title='bbox 1909 2239 2192 2274; x_wconf 86' lang='lat' dir='ltr'>Haldestaldensis</span> <span class='ocrx_word' id='word_1_787' title='bbox 2211 2239 2269 2274; x_wconf 72' lang='lat' dir='ltr'>ab·</span> 
     </span>
     <span class='ocr_line' id='line_1_108' title="bbox 1323 2286 2267 2332; baseline 0.005 -13"><span class='ocrx_word' id='word_1_788' title='bbox 1323 2286 1450 2327; x_wconf 73' lang='lat' dir='ltr'>solute,</span> <span class='ocrx_word' id='word_1_789' title='bbox 1477 2288 1558 2321; x_wconf 86' lang='lat' dir='ltr'>ficut</span> <span class='ocrx_word' id='word_1_790' title='bbox 1569 2289 1796 2330; x_wconf 84' lang='lat' dir='ltr'>Coloniensis,</span> <span class='ocrx_word' id='word_1_791' title='bbox 1822 2288 2026 2332; x_wconf 83' lang='lat' dir='ltr'>juraverunt.</span> <span class='ocrx_word' id='word_1_792' title='bbox 2052 2287 2267 2324; x_wconf 70' lang='lat' dir='ltr'>virdunensis</span> 
     </span>
     <span class='ocr_line' id='line_1_109' title="bbox 1322 2336 2267 2382; baseline 0.004 -12"><span class='ocrx_word' id='word_1_793' title='bbox 1322 2337 1355 2370; x_wconf 74' lang='grc' dir='ltr'>ὅ(</span> <span class='ocrx_word' id='word_1_794' title='bbox 1369 2336 1575 2381; x_wconf 80' lang='lat' dir='ltr'>Frisingensrs</span> <span class='ocrx_word' id='word_1_795' title='bbox 1587 2361 1598 2377; x_wconf 93' lang='lat'>‚</span> <span class='ocrx_word' id='word_1_796' title='bbox 1619 2350 1674 2382; x_wconf 87' lang='lat' dir='ltr'>pet</span> <span class='ocrx_word' id='word_1_797' title='bbox 1694 2338 2052 2382; x_wconf 84' lang='lat' dir='ltr'>Archi-Episcoporum</span> <span class='ocrx_word' id='word_1_798' title='bbox 2071 2341 2202 2373; x_wconf 81' lang='lat' dir='ltr'>suorum</span> <span class='ocrx_word' id='word_1_799' title='bbox 2211 2338 2267 2374; x_wconf 72' lang='lat' dir='ltr'>ab·</span> 
     </span>
     <span class='ocr_line' id='line_1_110' title="bbox 1322 2387 2267 2431; baseline 0.004 -11"><span class='ocrx_word' id='word_1_800' title='bbox 1322 2387 1457 2420; x_wconf 88' lang='lat' dir='ltr'>sentiam</span> <span class='ocrx_word' id='word_1_801' title='bbox 1468 2387 1611 2421; x_wconf 83' lang='lat' dir='ltr'>excusati</span> <span class='ocrx_word' id='word_1_802' title='bbox 1625 2411 1636 2428; x_wconf 93' lang='lat'>‚</span> <span class='ocrx_word' id='word_1_803' title='bbox 1661 2388 1880 2431; x_wconf 86' lang='lat' dir='ltr'>juramentum</span> <span class='ocrx_word' id='word_1_804' title='bbox 1900 2389 2001 2422; x_wconf 89' lang='lat' dir='ltr'>facere</span> <span class='ocrx_word' id='word_1_805' title='bbox 2021 2388 2162 2422; x_wconf 72' lang='lat' dir='ltr'>minime</span> <span class='ocrx_word' id='word_1_806' title='bbox 2188 2390 2267 2424; x_wconf 84' lang='lat' dir='ltr'>sunt</span> 
     </span>
     <span class='ocr_line' id='line_1_111' title="bbox 1321 2434 2266 2481; baseline 0.002 -11"><span class='ocrx_word' id='word_1_807' title='bbox 1321 2437 1424 2471; x_wconf 60' lang='lat' dir='ltr'>coacti</span> <span class='ocrx_word' id='word_1_808' title='bbox 1437 2461 1448 2477; x_wconf 92' lang='lat'>‚</span> <span class='ocrx_word' id='word_1_809' title='bbox 1474 2435 1527 2470; x_wconf 87' lang='lat' dir='ltr'>sed</span> <span class='ocrx_word' id='word_1_810' title='bbox 1548 2434 1663 2471; x_wconf 90' lang='lat' dir='ltr'>habita</span> <span class='ocrx_word' id='word_1_811' title='bbox 1685 2438 1818 2472; x_wconf 86' lang='lat' dir='ltr'>licentia</span> <span class='ocrx_word' id='word_1_812' title='bbox 1835 2436 1933 2470; x_wconf 74' lang='lat' dir='ltr'>libere</span> <span class='ocrx_word' id='word_1_813' title='bbox 1952 2437 1993 2471; x_wconf 87' lang='lat' dir='ltr'>ad</span> <span class='ocrx_word' id='word_1_814' title='bbox 2016 2437 2144 2481; x_wconf 86' lang='lat' dir='ltr'>propria</span> <span class='ocrx_word' id='word_1_815' title='bbox 2166 2438 2266 2472; x_wconf 86' lang='lat' dir='ltr'>redie-</span> 
     </span>
     <span class='ocr_line' id='line_1_112' title="bbox 1322 2486 2264 2530; baseline 0 -10"><span class='ocrx_word' id='word_1_816' title='bbox 1322 2496 1399 2521; x_wconf 86' lang='lat' dir='ltr'>ruut</span> <span class='ocrx_word' id='word_1_817' title='bbox 1409 2512 1420 2528; x_wconf 90' lang='lat'>‚</span> <span class='ocrx_word' id='word_1_818' title='bbox 1446 2487 1545 2530; x_wconf 89' lang='lat' dir='ltr'>usque</span> <span class='ocrx_word' id='word_1_819' title='bbox 1555 2487 1596 2521; x_wconf 87' lang='lat' dir='ltr'>ad</span> <span class='ocrx_word' id='word_1_820' title='bbox 1610 2486 1752 2522; x_wconf 57' lang='lat' dir='ltr'>Festum</span> <span class='ocrx_word' id='word_1_821' title='bbox 1762 2488 1932 2521; x_wconf 83' lang='lat' dir='ltr'>beatorum</span> <span class='ocrx_word' id='word_1_822' title='bbox 1956 2486 2192 2530; x_wconf 83' lang='lat' dir='ltr'>Apostolorum</span> <span class='ocrx_word' id='word_1_823' title='bbox 2207 2486 2264 2521; x_wconf 86' lang='lat' dir='ltr'>Pe-</span> 
     </span>
     <span class='ocr_line' id='line_1_113' title="bbox 1321 2536 2005 2580; baseline -0.001 -10"><span class='ocrx_word' id='word_1_824' title='bbox 1321 2537 1409 2571; x_wconf 87' lang='lat' dir='ltr'>tri&amp;</span> <span class='ocrx_word' id='word_1_825' title='bbox 1424 2536 1517 2571; x_wconf 88' lang='lat' dir='ltr'>Pauli</span> <span class='ocrx_word' id='word_1_826' title='bbox 1530 2536 1587 2571; x_wconf 89' lang='lat' dir='ltr'>sibi</span> <span class='ocrx_word' id='word_1_827' title='bbox 1599 2537 1765 2572; x_wconf 86' lang='lat' dir='ltr'>licentiam</span> <span class='ocrx_word' id='word_1_828' title='bbox 1778 2537 1984 2580; x_wconf 84' lang='lat' dir='ltr'>impetrantes</span> <span class='ocrx_word' id='word_1_829' title='bbox 1996 2559 2005 2568; x_wconf 90' lang='lat'><strong>.</strong></span> 
     </span>
    </p>

    <p class='ocr_par' dir='ltr' id='par_1_11' title="bbox 1318 2586 2264 3232">
     <span class='ocr_line' id='line_1_114' title="bbox 1369 2586 2264 2630; baseline 0.002 -10"><span class='ocrx_word' id='word_1_830' title='bbox 1369 2587 1420 2620; x_wconf 91' lang='lat' dir='ltr'>Hi</span> <span class='ocrx_word' id='word_1_831' title='bbox 1432 2587 1667 2622; x_wconf 76' lang='lat' dir='ltr'>tantummodo</span> <span class='ocrx_word' id='word_1_832' title='bbox 1689 2586 1857 2630; x_wconf 84' lang='lat' dir='ltr'>Principes</span> <span class='ocrx_word' id='word_1_833' title='bbox 1876 2586 2082 2629; x_wconf 84' lang='lat' dir='ltr'>juraverunt:</span> <span class='ocrx_word' id='word_1_834' title='bbox 2109 2587 2188 2621; x_wconf 82' lang='lat' dir='ltr'>Dux</span> <span class='ocrx_word' id='word_1_835' title='bbox 2208 2587 2264 2627; x_wconf 70' lang='lat' dir='ltr'>Sa·</span> 
     </span>
     <span class='ocr_line' id='line_1_115' title="bbox 1320 2633 2262 2678; baseline 0 -7"><span class='ocrx_word' id='word_1_836' title='bbox 1320 2637 1506 2678; x_wconf 76' lang='lat' dir='ltr'>xoniensis,</span> <span class='ocrx_word' id='word_1_837' title='bbox 1532 2635 1688 2672; x_wconf 86' lang='lat' dir='ltr'>Marchio</span> <span class='ocrx_word' id='word_1_838' title='bbox 1709 2636 1887 2678; x_wconf 67' lang='lat' dir='ltr'>Alba-tus,</span> <span class='ocrx_word' id='word_1_839' title='bbox 1912 2636 2034 2670; x_wconf 90' lang='lat' dir='ltr'>Comes</span> <span class='ocrx_word' id='word_1_840' title='bbox 2054 2633 2233 2671; x_wconf 60' lang='lat' dir='ltr'>Palatinus</span> <span class='ocrx_word' id='word_1_841' title='bbox 2248 2661 2262 2678; x_wconf 80' lang='lat'><em>‚</em></span> 
     </span>
     <span class='ocr_line' id='line_1_116' title="bbox 1320 2686 2261 2731; baseline -0.001 -10"><span class='ocrx_word' id='word_1_842' title='bbox 1320 2688 1431 2721; x_wconf 87' lang='lat' dir='ltr'>Frater</span> <span class='ocrx_word' id='word_1_843' title='bbox 1441 2686 1648 2730; x_wconf 86' lang='lat' dir='ltr'>Imperatoris</span> <span class='ocrx_word' id='word_1_844' title='bbox 1656 2710 1667 2725; x_wconf 92' lang='lat'><strong><em>‚</em></strong></span> <span class='ocrx_word' id='word_1_845' title='bbox 1694 2688 1728 2721; x_wconf 77' lang='grc' dir='ltr'>ἀ</span> <span class='ocrx_word' id='word_1_846' title='bbox 1739 2687 1872 2731; x_wconf 86' lang='lat' dir='ltr'>quidam</span> <span class='ocrx_word' id='word_1_847' title='bbox 1883 2686 2033 2722; x_wconf 86' lang='lat' dir='ltr'>Sororius</span> <span class='ocrx_word' id='word_1_848' title='bbox 2043 2686 2261 2729; x_wconf 83' lang='lat' dir='ltr'>Imperatoris.</span> 
     </span>
     <span class='ocr_line' id='line_1_117' title="bbox 1323 2736 2263 2782; baseline 0.002 -11"><span class='ocrx_word' id='word_1_849' title='bbox 1323 2738 1370 2771; x_wconf 90' lang='lat' dir='ltr'>Hi</span> <span class='ocrx_word' id='word_1_850' title='bbox 1382 2739 1456 2772; x_wconf 88' lang='lat' dir='ltr'>suut</span> <span class='ocrx_word' id='word_1_851' title='bbox 1469 2737 1738 2781; x_wconf 86' lang='lat' dir='ltr'>Archi-Episcopi</span> <span class='ocrx_word' id='word_1_852' title='bbox 1753 2738 1808 2781; x_wconf 90' lang='lat' dir='ltr'>qui</span> <span class='ocrx_word' id='word_1_853' title='bbox 1819 2737 2018 2780; x_wconf 82' lang='lat' dir='ltr'>juraverunt:</span> <span class='ocrx_word' id='word_1_854' title='bbox 2059 2736 2263 2782; x_wconf 71' lang='lat' dir='ltr'>Magdebur-</span> 
     </span>
     <span class='ocr_line' id='line_1_118' title="bbox 1319 2785 2261 2832; baseline 0.001 -11"><span class='ocrx_word' id='word_1_855' title='bbox 1319 2788 1424 2832; x_wconf 83' lang='lat' dir='ltr'>gensis</span> <span class='ocrx_word' id='word_1_856' title='bbox 1435 2789 1468 2822; x_wconf 91' lang='lat'>&amp;</span> <span class='ocrx_word' id='word_1_857' title='bbox 1477 2786 1725 2832; x_wconf 84' lang='lat' dir='ltr'>Pamburgenfis</span> <span class='ocrx_word' id='word_1_858' title='bbox 1737 2813 1744 2820; x_wconf 94' lang='lat'>.</span> <span class='ocrx_word' id='word_1_859' title='bbox 1771 2787 1837 2821; x_wconf 91' lang='lat' dir='ltr'>Sub</span> <span class='ocrx_word' id='word_1_860' title='bbox 1850 2785 2045 2820; x_wconf 87' lang='lat' dir='ltr'>conditione</span> <span class='ocrx_word' id='word_1_861' title='bbox 2058 2795 2168 2821; x_wconf 87' lang='lat' dir='ltr'>tamen</span> <span class='ocrx_word' id='word_1_862' title='bbox 2183 2798 2261 2831; x_wconf 77' lang='lat' dir='ltr'>prae·</span> 
     </span>
     <span class='ocr_line' id='line_1_119' title="bbox 1321 2835 2261 2881; baseline 0 -9"><span class='ocrx_word' id='word_1_863' title='bbox 1321 2838 1493 2872; x_wconf 87' lang='lat' dir='ltr'>nominata</span> <span class='ocrx_word' id='word_1_864' title='bbox 1515 2863 1523 2871; x_wconf 87' lang='lat'><strong>.</strong></span> <span class='ocrx_word' id='word_1_865' title='bbox 1562 2838 1767 2872; x_wconf 81' lang='lat' dir='ltr'>Coloniensis</span> <span class='ocrx_word' id='word_1_866' title='bbox 1785 2848 1893 2870; x_wconf 86' lang='lat' dir='ltr'>autem</span> <span class='ocrx_word' id='word_1_867' title='bbox 1910 2837 1943 2870; x_wconf 91' lang='lat'>&amp;</span> <span class='ocrx_word' id='word_1_868' title='bbox 1970 2835 2038 2870; x_wconf 89' lang='lat' dir='ltr'>duo</span> <span class='ocrx_word' id='word_1_869' title='bbox 2062 2837 2261 2881; x_wconf 71' lang='lat' dir='ltr'>suffraganci</span> 
     </span>
     <span class='ocr_line' id='line_1_120' title="bbox 1319 2885 2261 2931; baseline 0 -9"><span class='ocrx_word' id='word_1_870' title='bbox 1319 2889 1387 2931; x_wconf 83' lang='lat' dir='ltr'>ejus</span> <span class='ocrx_word' id='word_1_871' title='bbox 1397 2887 1543 2922; x_wconf 73' lang='lat' dir='ltr'>absolute</span> <span class='ocrx_word' id='word_1_872' title='bbox 1551 2888 1738 2931; x_wconf 79' lang='lat' dir='ltr'>juraverunt</span> <span class='ocrx_word' id='word_1_873' title='bbox 1749 2912 1757 2920; x_wconf 90' lang='lat'>.</span> <span class='ocrx_word' id='word_1_874' title='bbox 1782 2887 1886 2920; x_wconf 89' lang='lat' dir='ltr'>Filius</span> <span class='ocrx_word' id='word_1_875' title='bbox 1897 2885 1972 2919; x_wconf 73' lang='lat' dir='ltr'>vero</span> <span class='ocrx_word' id='word_1_876' title='bbox 1985 2886 2147 2920; x_wconf 86' lang='lat' dir='ltr'>Conrardi</span> <span class='ocrx_word' id='word_1_877' title='bbox 2162 2909 2173 2926; x_wconf 93' lang='lat'><em>‚</em></span> <span class='ocrx_word' id='word_1_878' title='bbox 2198 2887 2261 2931; x_wconf 77' lang='lat' dir='ltr'>qui</span> 
     </span>
     <span class='ocr_line' id='line_1_121' title="bbox 1320 2935 2260 2980; baseline 0.001 -9"><span class='ocrx_word' id='word_1_879' title='bbox 1320 2938 1361 2973; x_wconf 87' lang='lat' dir='ltr'>ad</span> <span class='ocrx_word' id='word_1_880' title='bbox 1373 2937 1509 2972; x_wconf 88' lang='lat' dir='ltr'>Curiam</span> <span class='ocrx_word' id='word_1_881' title='bbox 1520 2948 1595 2973; x_wconf 88' lang='lat' dir='ltr'>cum</span> <span class='ocrx_word' id='word_1_882' title='bbox 1607 2936 1698 2971; x_wconf 88' lang='lat' dir='ltr'>mille</span> <span class='ocrx_word' id='word_1_883' title='bbox 1710 2937 1900 2980; x_wconf 86' lang='lat' dir='ltr'>quingentis</span> <span class='ocrx_word' id='word_1_884' title='bbox 1912 2935 2074 2970; x_wconf 88' lang='lat' dir='ltr'>militibus</span> <span class='ocrx_word' id='word_1_885' title='bbox 2087 2938 2175 2971; x_wconf 88' lang='lat' dir='ltr'>venit</span> <span class='ocrx_word' id='word_1_886' title='bbox 2185 2962 2196 2979; x_wconf 94' lang='lat'>‚</span> <span class='ocrx_word' id='word_1_887' title='bbox 2220 2945 2260 2972; x_wconf 76' lang='lat' dir='ltr'>ut</span> 
     </span>
     <span class='ocr_line' id='line_1_122' title="bbox 1319 2986 2259 3029; baseline 0.001 -7"><span class='ocrx_word' id='word_1_888' title='bbox 1319 2986 1447 3023; x_wconf 79' lang='lat' dir='ltr'>audivit</span> <span class='ocrx_word' id='word_1_889' title='bbox 1458 2987 1527 3022; x_wconf 90' lang='lat' dir='ltr'>fieri</span> <span class='ocrx_word' id='word_1_890' title='bbox 1539 2988 1742 3022; x_wconf 88' lang='lat' dir='ltr'>mentionem</span> <span class='ocrx_word' id='word_1_891' title='bbox 1753 2986 1986 3029; x_wconf 81' lang='lat' dir='ltr'>dejuramento</span> <span class='ocrx_word' id='word_1_892' title='bbox 1996 3010 2007 3027; x_wconf 95' lang='lat'><strong><em>‚</em></strong></span> <span class='ocrx_word' id='word_1_893' title='bbox 2031 2986 2154 3021; x_wconf 84' lang='lat' dir='ltr'>receffit</span> <span class='ocrx_word' id='word_1_894' title='bbox 2165 2986 2259 3022; x_wconf 47' lang='lat' dir='ltr'>«Pa-</span> 
     </span>
     <span class='ocr_line' id='line_1_123' title="bbox 1319 3035 2258 3082; baseline -0.001 -9"><span class='ocrx_word' id='word_1_895' title='bbox 1319 3036 1458 3074; x_wconf 88' lang='lat' dir='ltr'>ttiatcha</span> <span class='ocrx_word' id='word_1_896' title='bbox 1470 3037 1686 3082; x_wconf 69' lang='lat' dir='ltr'>Aquileiensis</span> <span class='ocrx_word' id='word_1_897' title='bbox 1697 3049 1764 3070; x_wconf 89' lang='lat' dir='ltr'>non</span> <span class='ocrx_word' id='word_1_898' title='bbox 1776 3035 1880 3071; x_wconf 90' lang='lat' dir='ltr'>adfuit</span> <span class='ocrx_word' id='word_1_899' title='bbox 1894 3060 1905 3077; x_wconf 92' lang='lat'>‚</span> <span class='ocrx_word' id='word_1_900' title='bbox 1932 3047 2039 3080; x_wconf 88' lang='lat' dir='ltr'>neque</span> <span class='ocrx_word' id='word_1_901' title='bbox 2058 3037 2176 3081; x_wconf 85' lang='lat' dir='ltr'>aliquis</span> <span class='ocrx_word' id='word_1_902' title='bbox 2187 3035 2258 3072; x_wconf 65' lang='lat' dir='ltr'>,fuf-</span> 
     </span>
     <span class='ocr_line' id='line_1_124' title="bbox 1318 3084 2254 3134; baseline -0.003 -11"><span class='ocrx_word' id='word_1_903' title='bbox 1318 3090 1544 3134; x_wconf 85' lang='lat' dir='ltr'>fraganeorum</span> <span class='ocrx_word' id='word_1_904' title='bbox 1554 3089 1684 3121; x_wconf 81' lang='lat' dir='ltr'>suorum</span> <span class='ocrx_word' id='word_1_905' title='bbox 1695 3111 1702 3117; x_wconf 93' lang='lat'>.</span> <span class='ocrx_word' id='word_1_906' title='bbox 1728 3086 1886 3121; x_wconf 89' lang='lat' dir='ltr'>Similiter</span> <span class='ocrx_word' id='word_1_907' title='bbox 1900 3097 1959 3121; x_wconf 90' lang='lat' dir='ltr'>nec</span> <span class='ocrx_word' id='word_1_908' title='bbox 1970 3084 2217 3130; x_wconf 77' lang='lat' dir='ltr'>salisburgensis</span> <span class='ocrx_word' id='word_1_909' title='bbox 2242 3109 2254 3126; x_wconf 88' lang='lat'><strong>,</strong></span> 
     </span>
     <span class='ocr_line' id='line_1_125' title="bbox 1319 3134 2256 3182; baseline -0.003 -9"><span class='ocrx_word' id='word_1_910' title='bbox 1319 3139 1370 3174; x_wconf 82' lang='lat' dir='ltr'>vel</span> <span class='ocrx_word' id='word_1_911' title='bbox 1389 3138 1508 3182; x_wconf 87' lang='lat' dir='ltr'>aliquis</span> <span class='ocrx_word' id='word_1_912' title='bbox 1529 3138 1682 3172; x_wconf 82' lang='lat' dir='ltr'>suorum.</span> <span class='ocrx_word' id='word_1_913' title='bbox 1728 3137 1801 3171; x_wconf 90' lang='lat' dir='ltr'>Nec</span> <span class='ocrx_word' id='word_1_914' title='bbox 1821 3137 2049 3178; x_wconf 85' lang='lat' dir='ltr'>Treverenfis,</span> <span class='ocrx_word' id='word_1_915' title='bbox 2075 3136 2125 3169; x_wconf 89' lang='lat' dir='ltr'>vel</span> <span class='ocrx_word' id='word_1_916' title='bbox 2135 3134 2256 3180; x_wconf 81' lang='lat' dir='ltr'>aliquis</span> 
     </span>
     <span class='ocr_line' id='line_1_126' title="bbox 1318 3185 2205 3232; baseline -0.007 -8"><span class='ocrx_word' id='word_1_917' title='bbox 1318 3191 1465 3224; x_wconf 85' lang='lat' dir='ltr'>suorum.</span> <span class='ocrx_word' id='word_1_918' title='bbox 1500 3188 1544 3223; x_wconf 92' lang='lat' dir='ltr'>Et</span> <span class='ocrx_word' id='word_1_919' title='bbox 1555 3187 1651 3223; x_wconf 88' lang='lat' dir='ltr'>multi</span> <span class='ocrx_word' id='word_1_920' title='bbox 1663 3187 1705 3223; x_wconf 89' lang='lat' dir='ltr'>de</span> <span class='ocrx_word' id='word_1_921' title='bbox 1713 3186 1920 3232; x_wconf 85' lang='lat' dir='ltr'>Principibus</span> <span class='ocrx_word' id='word_1_922' title='bbox 1931 3198 2000 3222; x_wconf 90' lang='lat' dir='ltr'>non</span> <span class='ocrx_word' id='word_1_923' title='bbox 2010 3185 2185 3222; x_wconf 88' lang='lat' dir='ltr'>adfuerunt</span> <span class='ocrx_word' id='word_1_924' title='bbox 2196 3210 2205 3218; x_wconf 95' lang='lat'>.</span> 
     </span>
    </p>
   </div>
   <div class='ocr_carea' id='block_1_7' title="bbox 2102 3533 2212 3577">
    <p class='ocr_par' dir='ltr' id='par_1_12' title="bbox 2102 3533 2212 3577">
     <span class='ocr_line' id='line_1_127' title="bbox 2102 3533 2212 3577; baseline -0.018 -5"><span class='ocrx_word' id='word_1_925' title='bbox 2102 3533 2212 3577; x_wconf 49' lang='lat'>8912</span> 
     </span>
    </p>
   </div>
  </div>
 </body>
</html>
