2358 3776
568 157 607 204 S.
647 148 938 203 THOMAE
973 148 1368 199 CANTUAR·
1406 147 1541 198 LIB.
1589 157 1646 201 V.

155 240 287 278 serenda
300 266 310 282 ,
336 251 494 286 quantum
507 238 730 276 translationis
739 238 844 283 gloria
867 236 902 269 fit
925 235 1083 269 fruauosa

155 290 306 326 fidelibus
321 317 332 333 ,
343 303 420 326 mox
429 291 590 326 declarare
604 290 717 323 volens
727 288 894 332 adjungit:
906 286 984 328 quid
995 290 1084 320 enim

156 341 284 376 bonum
295 343 362 385 ejus
373 342 417 376 est
430 353 440 383 3
452 343 483 376 ἀ
498 340 576 385 quid
591 340 761 383 pulchrum
773 340 840 379 ejus
851 360 862 376 ,
876 335 931 368 nisi
946 336 1085 369 frumen-

156 401 225 426 tum
238 394 413 427 elestorum
427 392 461 425 &
474 392 587 424 vinum
598 392 785 435 germinans
797 387 938 430 virgines
951 385 968 416 ἒ
993 386 1089 419 subfi—

156 443 248 476 dium
259 443 293 477 δε
303 441 488 484 exemplum
503 465 514 480 ‚
541 452 614 484 qua>
622 439 664 474 de
675 437 841 472 solemniis
852 436 1003 469 oriuntur-
1021 459 1033 476 ,
1056 436 1092 468 fi-

154 504 209 526 cut
224 493 367 535 superius
377 492 423 526 est
446 491 610 525 ostensum
622 513 633 530 ‚
658 490 857 522 frumentum
877 484 1000 519 indicat
1031 484 1091 519 ele-

156 544 282 576 &orum
295 567 303 575 .
331 543 422 577 Sicut
433 543 524 576 enim
540 544 573 574 in
584 551 656 574 area
671 538 860 576 trituratur,
887 546 923 568 ut
945 546 1085 580 granum

155 592 173 625 ὲ
186 593 274 636 palea
287 593 446 636 separetur
458 613 469 630 ,
493 592 535 624 sse
554 591 590 623 in
606 588 748 623 Ecclesia
757 585 892 620 discussa
906 586 977 620 sunt
990 585 1089 620 Gesta

156 644 346 677 San-storum
357 667 368 683 ‚
396 653 433 676 ut
446 641 573 675 excussa
586 639 676 683 palea
687 636 840 671 vanitatis
850 645 917 669 tam
930 637 1034 670 sancta
1055 636 1090 668 fit

153 703 267 726 eorum
284 694 443 727 memoria
455 717 466 733 ,
492 693 588 735 quam
601 687 774 723 solemnis:
803 686 838 720 &—
852 696 951 730 grana
964 686 1029 720 fine
1042 696 1090 729 pa-

154 742 216 776 leis
226 743 420 777 reservantes
433 752 548 775 eorum
557 740 744 781 adjuvemur
755 735 886 770 auxiliis
897 760 908 775 ,
936 736 970 770 &
992 736 1091 770 insor-

152 802 283 825 memut
297 792 455 835 exemplis
465 816 472 824 .
489 792 699 825 Frumentum
711 787 809 821 etiam
825 788 857 820 in
869 784 988 820 horreo
999 797 1092 820 mun-

153 841 204 875 do
232 845 398 886 reponitur
408 867 418 882 ,
451 851 487 874 ut
509 841 645 872 serv-etur
658 850 671 870 :-
708 847 768 870 nec
788 835 906 879 absque
928 834 1092 869 mundicia

155 893 306 926 cordium
340 892 470 936 poffunt
492 890 600 923 v0tiva
622 886 779 922 solemnia
799 908 810 925 ‚
845 896 941 930 prout
962 886 1056 920 decet
1081 909 1092 926 ,

156 941 321 975 observari
337 966 344 974 .

210 990 241 1026 6.
269 991 442 1026 Gaudium
457 999 566 1023 autem
584 988 740 1022 Sanctum
755 1011 766 1028 ,
792 987 881 1031 quod
899 985 1080 1021 Festivitati

154 1039 216 1075 bus
227 1042 271 1074 est
287 1050 453 1074 annexum
466 1064 476 1080 ‚
504 1050 559 1083 per
570 1039 682 1072 vinum
694 1039 882 1082 germinans
894 1039 1035 1081 virgines
1047 1036 1090 1069 in-

153 1090 299 1124 dicatur.
328 1090 455 1124 Vinum
471 1099 610 1130 namque
622 1087 793 1131 spiritualis
816 1087 934 1120 laetiiiae
958 1084 1090 1119 mundi-

155 1141 238 1174 tiam
249 1141 410 1185 germinat
423 1139 618 1184 virg'inalem
627 1163 638 1179 ‚
665 1138 741 1182 quia
752 1137 930 1171 castitatem
943 1137 1046 1169 nutrit
1058 1137 1091 1169 ὅ(

157 1190 261 1224 servat
273 1215 280 1222 .
308 1190 369 1225 Sed
382 1189 496 1224 vinum
509 1190 626 1223 laetitiae
638 1188 791 1222 saecularis
801 1198 934 1231 generat
948 1197 1003 1220 aut
1025 1197 1090 1230 ger·

154 1241 262 1275 minat
275 1240 457 1275 meretrices
469 1264 480 1280 ,
508 1240 584 1283 quia
597 1238 767 1271 libidinem
782 1238 895 1270 incitat
908 1236 942 1269 δι
966 1235 1091 1268 inflam-

154 1300 240 1324 mat.
271 1288 543 1324 Afestivitatibus
557 1287 784 1321 Ecclefiasticis
799 1286 834 1318 fit
857 1286 1001 1318 alienum
1024 1285 1089 1317 hoc

153 1341 271 1372 vinum
282 1363 292 1378 ,
320 1341 353 1372 in
368 1339 542 1381 quibusest
569 1336 681 1367 vinum
706 1333 794 1365 aliud
818 1334 1058 1375 propinandum
1080 1358 1089 1366 .

151 1388 263 1423 ⁴'Unde
275 1388 443 1421 Dominus
468 1397 522 1429 per
534 1381 732 1427 prophetam
746 1381 924 1416 Eunuchos
937 1383 1007 1425 ejus
1017 1382 1091 1417 Sab-

127 1432 132 1468 ν’
150 1436 254 1471 batha
276 1435 440 1470 custodire
452 1435 585 1469 testatur
599 1458 607 1465 .
636 1433 714 1466 illos
729 1433 863 1473 inquam
879 1432 1055 1465 Eunuchos
1081 1456 1092 1471 ,

154 1487 212 1530 qui
227 1487 306 1520 ficut
320 1486 352 1519 in
370 1483 625 1530 Evangelioipse
635 1482 716 1516 dicit
732 1495 743 1520 ⁴,
763 1481 950 1523 semetipsos
965 1492 1091 1525 propter

156 1537 276 1580 Regna
289 1534 431 1569 Caelestia
445 1535 661 1568 castraverunt
676 1555 682 1562 .
708 1531 758 1564 Hi
773 1531 844 1564 sunt
857 1531 911 1572 qui
925 1542 981 1574 pro
994 1531 1089 1565 Caele·

152 1585 210 1619 stis
226 1585 335 1631 Regni
350 1586 504 1619 deiiderio
516 1582 754 1626 turpitudinem
767 1582 874 1615 noxiae
888 1582 1062 1625 voluptatis
1074 1583 1091 1615 a

154 1636 210 1670 sua
224 1647 321 1670 carne
334 1638 476 1671 resecant
489 1635 521 1669 ἀ
533 1631 724 1668 abscindunt
741 1657 748 1665 .
774 1632 970 1668 Notandum
983 1644 1090 1666 autem

153 1685 245 1729 quod
255 1687 385 1733 egregie
396 1687 641 1721 solemnitatum
666 1684 792 1718 utilitas
808 1682 1056 1718 commendatur
1080 1708 1090 1723 ,

153 1736 234 1769 dum
246 1738 287 1771 ad
298 1748 368 1771 eam
380 1737 557 1771 sublimiter
570 1733 795 1768 extollendam
818 1733 953 1768 bonitas
969 1736 1003 1768 δε
1026 1739 1091 1776 pul-

152 1784 308 1820 chritudo
317 1787 500 1831 junguntur
511 1810 518 1817 .
531 1787 584 1819 Sic
598 1795 710 1826 nempe
722 1785 870 1818 Fratrum
881 1782 1090 1816 concordiam

150 1834 396 1869 commendavit
410 1834 580 1869 Psalmiiia
592 1855 602 1869 ,
628 1833 706 1865 cum
717 1843 761 1865 ait
774 1835 870 1865 :Ecce
880 1835 969 1874 quam
984 1832 1089 1865 bonum

151 1886 186 1919 Θ
198 1887 461 1927 ᾳιιᾶηιῂιειιηᾰιιω
468 1883 606 1917 habitare
618 1885 746 1915 Fratres
758 1889 791 1914 m
803 1894 895 1915 unum
910 1908 914 1913 .
927 1881 980 1915 Sic
990 1883 1090 1916 etiam

150 1934 349 1970 Christianae
360 1934 549 1970 devotionis
562 1932 762 1975 obsequium
772 1933 805 1963 in
817 1932 937 1965 timore
959 1932 1087 1965 Divino

149 1985 328 2029 consistens
353 1987 385 2019 δι
407 1982 612 2019 observantia
626 1980 852 2015 mandatorum
862 2005 871 2020 ‚
908 1981 956 2013 vir
970 1982 1093 2024 sapiens

147 2033 263 2069 laudat
274 2036 403 2069 dicens:
433 2033 526 2067 Naba
549 2032 653 2066 meluis
666 2032 757 2073 quim
776 2035 878 2064 timere
900 2032 993 2063 Deum
1019 2055 1031 2072 ,
1057 2033 1091 2066 (ς

149 2083 232 2118 mbr}
239 2086 342 2117 mlier
353 2087 447 2127 quim
456 2081 600 2126 respicere
612 2094 645 2114 m
658 2083 813 2114 mandaris
825 2082 907 2114 illius
918 2105 926 2112 .

202 2146 233 2178 7.
261 2135 345 2169 Tria
357 2135 501 2176 superius
522 2140 701 2166 memorata
712 2155 724 2170 ,
751 2130 872 2164 scilicet
894 2130 1049 2176 gaudium
1079 2154 1089 2170 ,

151 2182 329 2218 subsidium
338 2208 349 2223 ‚
376 2184 409 2217 ὅ(
422 2182 614 2224 exemplum
625 2205 637 2222 ‚
662 2191 732 2223 quae
743 2180 973 2214 festivitatibus
985 2193 1016 2215 ui
1043 2179 1090 2213 di·

150 2235 266 2269 ximus
278 2258 289 2273 ,
318 2234 392 2267 sunt
408 2244 533 2267 annexa
546 2255 557 2272 ,
586 2232 714 2265 notavit
728 2231 897 2264 Dominus
909 2255 919 2270 ‚
947 2242 1000 2273 per
1014 2231 1090 2263 Pro·

150 2284 284 2328 phetam
296 2283 406 2317 dicens
424 2296 431 2315 ι
458 2284 552 2315 Filios
568 2282 702 2314 Advenae
714 2304 725 2321 ‚
750 2289 801 2322 qui
815 2280 971 2314 adbaerem
985 2283 1089 2313 Domi-

151 2346 191 2368 no
202 2343 234 2366 ut
244 2335 342 2365 colant
353 2344 419 2366 tum
434 2358 442 2372 ,
470 2343 555 2365 omne
564 2329 768 2371 custodientem
779 2329 961 2363 sabbathum
974 2342 1010 2363 ne
1029 2331 1089 2372 pol-

149 2385 218 2418 luat
230 2385 322 2423 illud,
351 2384 544 2417 &tenentem
545 2381 653 2423 foedus
676 2390 774 2414 meum
786 2404 797 2420 ‚
822 2381 969 2413 adducam
988 2391 1035 2413 eos
1057 2386 1089 2412 in

151 2437 283 2467 Momem
295 2430 433 2464 samum
445 2443 542 2464 meum
550 2456 560 2471 ‚
584 2432 618 2464 &
627 2431 735 2463 levabo
744 2441 790 2463 eos
803 2436 836 2463 m
848 2431 931 2462 domo
941 2435 1085 2462 orationis

148 2481 224 2516 meae‘
241 2507 248 2513 .
276 2481 448 2521 Holocaustae
458 2492 554 2514 eorum
565 2482 599 2514 ὑ
614 2479 749 2514 viHimae
761 2491 858 2513 eorum
866 2481 1028 2520 placebunt
1037 2484 1089 2512 ml-

149 2532 182 2565 bi·
189 2530 280 2575 super
295 2532 398 2564 Altaere
409 2541 508 2563 meum
518 2554 525 2561 .
557 2529 730 2563 Advenam
744 2531 837 2564 Sacra
850 2529 1012 2572 Scriptura
1028 2539 1088 2572 po·-

152 2583 270 2626 pulum
282 2579 438 2624 gentilem
452 2578 593 2622 appellat
604 2602 612 2610 .
642 2578 749 2612 Unde
760 2578 881 2622 populo
895 2579 1030 2621 ludaico
1042 2578 1086 2612 di-

151 2634 241 2666 aum
253 2632 297 2664 est
313 2643 325 2663 :
353 2630 479 2662 advena
489 2636 540 2671 qui
551 2636 643 2661 tecum
653 2626 815 2669 versatur,
839 2628 873 2659 in
896 2638 976 2660 terra
996 2627 1088 2671 ascen-

150 2683 204 2715 det
214 2679 301 2723 super
311 2689 340 2712 te
350 2703 361 2719 ‚
388 2685 502 2720 eritque
519 2677 671 2721 sublimior
680 2699 692 2715 ,
716 2686 748 2709 tu
771 2686 869 2710 autem
889 2676 1042 2719 descendes
1055 2681 1089 2713 (ς

153 2738 215 2766 eris
227 2730 354 2771 inferior
367 2754 374 2761 .
401 2728 480 2762 Hoc
491 2738 598 2762 autern
610 2727 654 2760 est
677 2726 845 2761 evidenter
870 2727 1039 2770 impletum
1055 2739 1087 2761 in

152 2780 278 2825 populo
295 2779 432 2823 Iudaico
445 2780 481 2813 &
492 2778 620 2812 Gentili
634 2800 641 2809 .
670 2778 742 2810 Nos
752 2776 851 2821 igitur
862 2777 990 2812 advenae
1010 2778 1087 2812 Filii

150 2833 259 2865 sumus
269 2840 387 2864 omnes
398 2853 410 2869 ,
435 2831 490 2873 qui
506 2829 546 2861 de
555 2825 706 2872 gentibus
717 2829 779 2860 orti
794 2829 900 2862 sumus
910 2853 917 2859 .
950 2829 1089 2862 Eviden-

151 2891 200 2914 ter
215 2891 326 2914 autem
338 2879 445 2913 cultus
459 2879 578 2912 Divini
592 2878 724 2912 modurn
737 2877 769 2910 &
781 2877 918 2910 formam
934 2878 1085 2921 expreffit

131 2972 133 2976 ‚
153 2932 258 2965 fermo
272 2928 508 2971 Propheticus,
537 2926 858 2962 cumdecolentibus
881 2929 1050 2962 Deumait
1077 2939 1102 2976 ε]

148 2983 221 3024 ,Qui
233 2979 389 3013 adherent
400 2982 543 3018 Domino,
556 2988 589 3010 ut
602 2979 698 3010 colant
710 2988 791 3010 eum.
820 2979 980 3021 Scriptum
994 2980 1048 3023 qui
1054 2991 1083 3023 p-

149 3041 193 3075 pe
204 3030 249 3062 est
262 3043 268 3061 z
299 3030 362 3071 ,Qui
374 3028 529 3061 adbaerent
543 3030 667 3061 Domino
675 3053 685 3068 ,
713 3027 839 3070 spiritus
852 3040 927 3061 unus
939 3029 987 3069 est.

202 3078 230 3117 8.
260 3079 370 3112 Docet
381 3088 491 3111 autem
505 3078 569 3110 Dei
583 3080 722 3112 cultores
732 3100 742 3115 ,
768 3079 870 3119 ipsum
897 3079 928 3111 in
953 3079 1101 3114 Festivia

144 3131 467 3166 tatibusvenerantes
479 3151 489 3167 ,
509 3127 570 3160 effi·
583 3127 736 3170 Spiritum
746 3153 755 3168 ,
784 3128 816 3161 &
839 3140 906 3161 non
933 3141 1062 3163 carnem
1077 3142 1084 3162 :
1098 3121 1102 3193 ¹

149 3182 228 3225 quia
245 3178 446 3223 spiritualem
460 3176 605 3210 laetitiam
616 3198 630 3216 ,
657 3189 721 3211 non
736 3177 896 3212 carnalem
906 3179 1009 3223 exigit
1021 3180 1085 3212 cul-

147 3240 199 3265 tus
211 3230 296 3264 Dei.
327 3229 356 3262 E
369 3227 535 3262 contrario
556 3228 596 3260 de
616 3229 706 3271 equis
728 3226 872 3272 AEgypti
890 3255 895 3266 ,
927 3239 981 3271 per
1000 3240 1083 3273 quos

146 3289 294 3326 potentes
304 3279 403 3312 recuii
417 3277 630 3320 designantur
643 3301 652 3316 ,
677 3276 794 3312 dicitur
807 3290 859 3321 per
872 3277 1080 3321 prophetam:

149 3335 233 3373 Equi
244 3326 343 3363 eorum
353 3338 420 3360 caro
433 3351 444 3366 ,
469 3338 526 3358 non
535 3325 676 3368 spiritus.
703 3327 783 3365 Sunt
795 3340 883 3362 enim
896 3329 1085 3373 plerumque
1097 3330 1100 3389 Ι

147 3381 271 3415 Mundi
286 3387 434 3422 potentes
447 3375 487 3410 ad
502 3376 675 3419 spiritualia
687 3378 838 3426 segnes&
849 3380 929 3413 tardi
942 3403 954 3419 ‚
982 3380 1032 3412 sed
1044 3380 1084 3413 ad
1098 3397 1100 3400 .

149 3429 292 3465 carnalia
313 3427 443 3462 veloces
455 3427 487 3460 ἀ
499 3426 665 3468 prompti,
690 3426 722 3461 &
735 3428 882 3470 impletur
895 3428 927 3462 in
952 3407 1102 3463 eisiilud!

150 3479 389 3525 propheticum
404 3490 415 3510 .·
443 3478 564 3509 attendi·
590 3475 825 3522 &auscultavh
850 3491 933 3515 nemo
943 3481 1021 3524 quod
1039 3480 1103 3525 bii-1

249 3528 356 3571 Christ.
370 3530 445 3571 Lupi
458 3531 557 3570 Opera
568 3529 645 3561 Tom.
656 3529 687 3560 X
691 3551 698 3560 .

1154 243 1222 266 num
1236 232 1275 272 est
1285 234 1411 276 loquitur
1420 256 1432 272 ,
1457 235 1556 267 nullus
1565 241 1618 276 qui
1635 235 1723 277 super
1731 237 1918 287 pmjtaesuae
1938 256 2012 290 agat
2018 240 2090 290 μή.

1146 289 1314 317 -nmnnam
1326 308 1338 324 ,
1363 286 1486 316 dicens:
1513 284 1678 327 qutdfect?
1705 296 1812 325 omnes
1823 295 2006 336 conversi-vd
2025 308 2087 331 cur-

1149 331 1215 378 fiam
1221 331 1309 377 suum
1322 333 1408 377 quast
1419 345 1511 377 equus
1522 343 1635 376 impetu
1647 339 1764 370 vadens
1776 345 1818 374 ad
1835 349 1975 383 praelium
1986 371 1993 378 .
2023 347 2088 382 Re-

1153 383 1200 417 &e
1211 385 1287 417 vero
1301 386 1316 416 s
1315 397 1332 416 u
1339 385 1503 428 bjui‚gitur
1523 398 1533 427 ;
1562 389 1656 419 omne
1667 388 1868 426 custodientem
1879 395 2063 429 sabbathum
2073 421 2086 437 ,

1155 442 1211 466 non
1223 433 1337 476 polluat
1346 435 1424 467 illud
1433 439 1471 469 U
1479 444 1628 468 tenentem
1631 436 1742 476 fadus
1765 450 1861 472 meum
1874 466 1881 472 .
1908 445 1976 491 Qi
1997 449 2089 480 enim

1154 483 1373 518 Festivitatem
1386 485 1515 519 Divino
1535 487 1640 519 cultui
1653 487 1842 531 deputatam
1865 488 1971 531 aliqua
1992 497 2091 530 trans·

1153 534 1311 579 gteffione
1325 535 1449 576 violat,
1476 535 1580 569 soedus
1602 547 1678 569 curn
1704 539 1855 572 Domino
1879 539 1998 573 initum
2022 548 2090 580 nou

1153 585 1318 618 observat.
1346 585 1542 629 Antiquitas
1552 597 1661 619 autem
1673 586 1778 621 foedus
1788 588 1945 622 effusione
1965 591 2093 638 sangui-

1154 635 1204 668 nis
1227 633 1414 668 firmabatur
1431 659 1439 667 .
1468 635 1542 669 Nos
1564 638 1662 680 igitur
1684 638 1718 670 in
1741 638 1844 673 Festis
1860 643 1973 674 eorum
1995 663 2006 680 ‚
2033 638 2094 684 qiii

1155 687 1344 729 sanguinem
1358 686 1449 719 suum
1463 697 1521 729 pro
1534 685 1668 720 Chrizio
1683 688 1858 726 fuderunt,
1884 691 1990 723 foedus
2000 690 2091 732 quod

1153 746 1228 768 cum
1243 735 1394 768 Domino
1405 735 1515 770 nostro
1526 738 1750 771 contraximus
1765 763 1774 778 ,
1801 751 1874 773 toto
1887 742 2003 774 mentis
2013 742 2094 776 defi-

1153 784 1244 819 derio
1255 784 1483 818 confirmemus
1495 810 1502 818 .
1531 786 1667 831 Legitur
1680 789 1769 830 quod
1789 790 1920 831 quando
1950 791 2091 834 populus

1153 833 1246 868 Israel
1261 836 1365 869 foeuus
1381 847 1456 869 cum
1472 837 1622 871 Domino
1636 838 1731 881 josue
1743 839 1907 873 mediante
1921 835 2092 884 percuffit‘‚

1154 885 1219 928 'ipse
1253 884 1464 929 pergrandem
1482 887 1622 929 lapidem
1661 889 1695 921 in
1717 888 1908 923 sanctuario
1941 890 2051 925 statuit
2079 916 2091 933 ,

1152 944 1249 978 quem
1262 934 1354 976 hujus
1367 938 1493 979 negotii
1507 940 1624 970 testem
1633 937 1711 971 fecit
1727 962 1734 969 .
1762 938 1799 971 ln
1823 941 1916 974 Sacra
1939 942 2092 983 scriptura

1155 995 1206 1026 per
1217 985 1339 1028 iapides
1356 986 1542 1029 plerumque
1553 986 1658 1020 Sanffl
1668 987 1838 1031 Martyres
1847 989 2054 1034 designantur
2071 1004 2092 1033 *,

1153 1034 1231 1068 ficut
1245 1034 1408 1080 sequentia
1421 1037 1659 1071 declarabunt-2
1679 1038 1776 1082 Lapis
1801 1050 1880 1084 ergo
1905 1041 2094 1085 pergrandis

1155 1085 1186 1117 in
1201 1085 1389 1119 Sanstuario
1406 1086 1545 1119 Domini
1558 1087 1722 1133 erigitur?
1744 1089 1819 1123 cum
1835 1089 1978 1132 ‘alicujus
2004 1090 2094 1124 Mar-

1153 1147 1235 1178 tyris
1251 1137 1363 1181 magni
1385 1135 1546 1180 Reliquiae
1567 1136 1604 1171 in
1631 1139 1775 1173 ecclelia
1802 1140 1984 1176 sublimiter
2006 1140 2096 1176 exal-

1155 1195 1266 1219 tantur
1278 1210 1285 1217 .

1204 1246 1237 1280 9.
1265 1235 1353 1269 Cum
1376 1236 1474 1281 igitur
1494 1235 1595 1271 hodie
1614 1240 1813 1282 recolamus,
1851 1241 1997 1285 qualiter'
2011 1241 2093 1284 lapis

1153 1285 1329 1327 grandisin
1353 1286 1541 1319 Sanetuario
1568 1288 1605 1319 sit
1621 1292 1760 1327 ereans,
1787 1291 1819 1323 id
1843 1292 1914 1331 est,
1942 1283 2097 1327 Thomas

1145 1334 1281 1375 Martyr
1292 1333 1452 1377 gloriosus
1463 1333 1504 1366 de
1515 1337 1645 1369 tumulo
1656 1338 1800 1371 elevatus
1811 1363 1821 1378 ‚
1848 1339 1888 1371 ad
1908 1339 1997 1372 hunc
2010 1341 2088 1382 lapi'·

1154 1385 1226 1416 dm
1238 1383 1345 1426 cord-is
1357 1381 1536 1426 dirigamus
1558 1385 1760 1427 intellectum
1777 1390 1794 1425 ,'
1812 1388 1846 1421 ἀ
1866 1388 2009 1431 defigaee
2036 1390 2096 1423 stu·

1154 1434 1286 1465 deamus
1299 1444 1331 1464 in
1347 1443 1387 1465 eo
1407 1432 1520 1465 nostrae
1532 1442 1650 1467 mentis
1661 1433 1810 1469 affectum
1822 1461 1832 1475 ‚
1860 1448 1895 1469 ut
1907 1430 2096 1473 devotionis

1156 1481 1698 1523 nostraetestiseffepoffir&velit.
1728 1485 1780 1518 De
1804 1485 1855 1518 his
1879 1497 2012 1527 autem,
2038 1490 2097 1532 qui

1155 1534 1284 1566 livnceris
1297 1530 1463 1565 mentibus
1476 1531 1584 1565 Deum
1598 1535 1712 1567 colunt
1724 1559 1734 1573 ,
1762 1534 1880 1569 dicitur
1893 1538 2098 1582 consequeri-

1154 1593 1221 1616 ter:
1252 1583 1404 1616 Adducam
1416 1588 1506 1615 eorm
1525 1585 1651 1615 Manu-m
1671 1585 1813 1619 5ant‘Ium
1825 1598 1921 1620 meum
1943 1591 1978 1622 Θ·
1997 1589 2093 1631 letifi-

1153 1633 1222 1665 cabo
1232 1643 1276 1665 σοι
1321 1640 1353 1665 in
1365 1635 1455 1665 Domo
1473 1641 1614 1666 orationis
1634 1646 1728 1675 meae,
1759 1638 1925 1677 Holocausta
1945 1650 2040 1671 eorum
2061 1641 2096 1673 ό·

1155 1682 1286 1716 ὐιᾶινηιε
1298 1695 1394 1716 eorum
1404 1684 1561 1724 placebunt
1573 1684 1662 1723 mibi,
1676 1685 1744 1726 ficut
1761 1688 1861 1720 altare
1872 1700 1966 1720 meum
1980 1714 1986 1719 .
2011 1689 2095 1736 (Qi-

1156 1734 1214 1767 bus
1227 1733 1329 1766 verbis
1344 1738 1449 1775 primo
1463 1743 1594 1765 notatur-
1614 1735 1801 1776 exemplum
1822 1761 1831 1774 ‚
1853 1738 1999 1771 secundo
2021 1750 2098 1782 gsiu-

1153 1782 1246 1816 dium
1259 1806 1269 1820 ,
1290 1784 1388 1816 tertio
1400 1783 1605 1825 suffragium.
1635 1784 1716 1830 Qae
1732 1787 1793 1817 tria
1805 1786 1949 1829 superius
1962 1789 2031 1820 suni
2046 1800 2098 1821 ex-

1157 1834 1275 1874 preffa.
1303 1832 1490 1865 Sanctorum
1501 1831 1589 1865 enim
1603 1833 1789 1876 exemplum
1803 1846 1861 1869 nos
1882 1848 1913 1869 in
1940 1837 2098 1874 Moniem

1156 1882 1319 1920 Domini,
1347 1893 1469 1915 aeteinae
1491 1882 1608 1915 scilicet
1625 1882 1842 1918 Beatitudinis
1857 1884 2092 1923 sublimitatem

1153 1930 1492 1973 adducii.Exemplum
1507 1934 1740 1975 namque‚sicut
1752 1934 1948 1976 diximus,ad
1961 1937 2095 1977 superna.

1153 1982 1362 2014 tendentibus
1384 1981 1469 2014 viam
1482 1983 1594 2016 ressam
1607 1980 1736 2017 exhibet
1751 1984 1818 2018 vice
1841 1986 1932 2019 ducis
1951 2013 1957 2019 .
1988 1987 2094 2023 Unde

1152 2032 1270 2064 dicitur
1284 2042 1338 2073 per
1357 2030 1559 2065 psalmistam
1573 2045 1586 2065 .·
1612 2035 1828 2068 Emi‘ttelucem
1840 2045 1923 2068 tuam
1935 2039 1970 2072 Β·
1981 2045 2095 2072 verita·

1153 2091 1211 2113 tem
1228 2089 1311 2113 tuam
1324 2104 1333 2119 ,
1357 2080 1423 2123 ipsa
1435 2093 1481 2114 me
1490 2083 1682 2115 deduxerum
1693 2086 1727 2118 ὠ·
1747 2087 1941 2120 adduxerunt
1962 2094 1994 2120 in
2007 2091 2092 2121 Mon-

1151 2140 1208 2163 tem
1220 2131 1357 2164 §andum
1367 2140 1451 2164 tuum
1462 2133 1497 2165 &t
1509 2139 1542 2164 in
1554 2132 1761 2167 Tabernaecula
1775 2143 1829 2168 tua
1841 2161 1847 2167 .
1870 2139 1962 2182 Quid
1979 2140 2092 2174 ῐεᾶιυε

1154 2181 1232 2215 lucis
1247 2183 1380 2215 nomine
1392 2205 1402 2220 ,
1431 2183 1526 2226 quam
1543 2184 1606 2216 Dei
1624 2188 1728 2228 gratia
1743 2185 1899 2230 figuratur
1910 2212 1920 2227 ‚
1948 2187 2015 2221 fine
2028 2200 2090 2232 qua

1153 2229 1236 2263 nihil·
1248 2232 1414 2271 lucidum,
1429 2230 1511 2265 nihil
1529 2235 1676 2267 serenum
1692 2259 1701 2274 ‚
1714 2236 1767 2270 fed
1779 2237 1890 2270 omnia
1906 2238 2089 2273 tenebrosa?

1203 2289 1254 2316 ιο,
1283 2278 1414 2312 Veritas
1427 2292 1536 2314 autem
1558 2283 1602 2315 est
1628 2287 1832 2319 conversatio
1855 2287 1967 2321 Sandia
1988 2289 2093 2330 justo·-

1150 2330 1432 2371 rum;impiotutn
1457 2340 1596 2374 namque
1618 2332 1682 2365 vita
1705 2336 1829 2368 vanitas
1848 2336 1937 2370 est&
1961 2338 2094 2373 menda·

1150 2380 1261 2419 cium,
1287 2388 1520 2413 veritasauiem
1541 2382 1607 2413 vita
1629 2381 1788 2415 bonorum
1804 2408 1811 2414 .
1844 2385 1950 2419 Unde
1971 2388 2092 2422 dicitur

1152 2440 1204 2471 per
1219 2428 1417 2473 Prophetam
1431 2441 1439 2460 ε
1470 2431 1575 2461 Pacem
1586 2430 1620 2462 ό·
1633 2438 1792 2462 veritatem
1819 2433 1933 2475 diligite
1944 2460 1951 2467 .
1985 2437 2090 2478 Justus

1150 2482 1269 2522 quippe
1290 2490 1400 2523 pacem
1422 2488 1499 2512 cum
1529 2480 1703 2521 proximo,
1730 2491 1898 2516 veritatem
1921 2481 2031 2529 diligit
2055 2490 2091 2521 in

1150 2529 1270 2571 seipso.
1300 2529 1477 2562 Deducunt
1503 2539 1643 2570 namque
1668 2531 1768 2564 lux&
1788 2533 1903 2567 veritas
1926 2535 2029 2568 virum
2041 2536 2090 2579 ju-

1149 2579 1253 2619 stum,
1282 2579 1402 2612 eumin
1417 2577 1571 2611 Montem
1583 2580 1615 2613 ὅ(
1630 2580 1663 2612 in
1680 2579 1908 2617 Tabernacula
1930 2586 2090 2621 adducen-

1150 2640 1210 2663 tes:
1244 2630 1318 2673 quia
1334 2629 1447 2671 praevia
1469 2627 1531 2661 Dei
1544 2631 1650 2673 gratia
1665 2641 1718 2673 per
1729 2631 1918 2666 Sanam-um
1932 2638 2086 2680 exempla

1148 2679 1355 2724 regnabimus
1378 2677 1411 2711 in
1438 2676 1545 2712 Patria
1560 2702 1571 2718 ,
1599 2680 1806 2723 proficiemus
1826 2686 1858 2717 in
1885 2686 1955 2719 via.
1988 2686 2091 2722 Mons

1147 2728 1305 2772 siquidem
1318 2752 1329 2767 ,
1354 2727 1389 2761 in
1402 2738 1469 2771 quo
1482 2728 1611 2763 Civitas
1629 2731 1826 2773 aedificatur,
1853 2733 1892 2767 ad
1921 2735 2063 2771 Patriam
2078 2749 2090 2780 ς

1146 2777 1375 2814 Tabernacula
1397 2800 1408 2817 ,
1433 2789 1504 2822 quae
1527 2784 1599 2813 lunt
1621 2780 1780 2815 viatorum
1801 2806 1811 2823 ,
1839 2785 2021 2819 referuntur
2047 2786 2090 2821 ad

1147 2831 1232 2863 viam
1247 2853 1256 2860 .
1281 2828 1455 2870 spirituale
1468 2830 1543 2862 veto
1564 2830 1721 2873 gaudium
1743 2855 1753 2870 ‚
1779 2834 1867 2876 quod
1895 2834 2091 2872 Festivitati-

1147 2880 1205 2913 bus
1230 2879 1348 2912 annuis
1367 2877 1413 2912 est
1435 2890 1602 2913 annexum
1626 2906 1636 2922 ‚
1675 2883 1863 2924 exprimitur
1887 2885 2054 2919 evidenter
2077 2911 2089 2929 ,

1147 2930 1221 2962 curri
1246 2927 1454 2972 subjungitur-
1474 2942 1486 2963 ,-
1514 2930 1689 2973 laetificabo
1709 2943 1755 2964 eos
1777 2938 1810 2965 m
1837 2937 1924 2965 Domo
1949 2942 2088 2968 orationis

1147 2990 1234 3012 mea.
1264 2978 1303 3012 In
1319 2979 1532 3013 Holocaustis
1545 2983 1577 3014 ὃ(
1590 2981 1726 3014 victimis
1736 3006 1747 3022 ,
1775 2983 1817 3016 de
1827 2985 1943 3025 quibus
1955 2985 2086 3019 additui·

1146 3029 1402 3070 consequenter,
1417 3031 1606 3064 Sanstorum
1623 3030 1686 3063 suff
1696 3033 1768 3076 agia
1780 3030 1978 3067 denotantur
1990 3059 1997 3067 .
2028 3035 2086 3069 Vi-

1147 3082 1257 3113 &imas
1276 3081 1365 3112 enim
1385 3080 1418 3113 δε
1453 3079 1657 3113 Holocausta
1680 3092 1736 3123 pro
1758 3082 1849 3116 vobis
1881 3084 2051 3117 offerimus
2072 3099 2085 3124 5

1145 3131 1220 3163 cum
1231 3140 1343 3163 eorum
1359 3129 1472 3163 merita
1485 3153 1495 3167 ,
1524 3141 1578 3172 qui
1593 3141 1647 3172 per
1658 3130 1756 3164 fidem
1781 3131 1896 3176 Regna
1915 3134 2059 3168 vicerunt
2072 3159 2084 3176 ,

1146 3180 1308 3222 &seipsos
1323 3180 1355 3212 in
1382 3179 1517 3213 odorem
1544 3180 1708 3215 suavitatis
1729 3185 1758 3215 ei
1779 3183 1967 3215 obtulerunt
1987 3207 1997 3224 ,
2025 3195 2085 3227 pro

1147 3228 1242 3263 nobis
1259 3230 1411 3262 Domino
1425 3229 1652 3270 praesentamus
1664 3255 1675 3272 ,
1687 3242 1723 3265 ut
1735 3242 1848 3266 eorum
1861 3232 2008 3275 precibus
2018 3236 2086 3277 ejus

1145 3279 1316 3314 Offensam
1331 3278 1454 3320 placare
1469 3279 1623 3320 possimus
1634 3306 1646 3322 .,

1199 3340 1214 3365 1
1224 3341 1252 3366 1.
1282 3329 1313 3361 N
1318 3339 1380 3362 unc
1393 3328 1524 3362 verbum
1537 3328 1772 3373 propheticum
1786 3329 1826 3363 ab
1837 3330 1934 3366 initio
1947 3334 2088 3377 propofi-

1145 3389 1214 3412 tum
1240 3378 1484 3419 perscrutemur.
1521 3380 1668 3413 Bibentes
1693 3380 1916 3415 inebrzabuntur
1937 3383 2021 3425 quast*
2039 3390 2086 3417 vt-

1146 3441 1204 3468 no,
1232 3431 1286 3462 (π’
1306 3429 1503 3470 Frequenter
1522 3430 1554 3461 in
1578 3429 1690 3463 Sancta
1713 3431 1874 3471 Scriptura
1898 3444 1951 3474 per
1980 3444 2087 3467 come·

1146 3480 1287 3516 stionem
1317 3478 1351 3514 &
1381 3489 1495 3523 potum
1518 3479 1691 3524 spiritualis
1723 3480 1834 3516 lzti’tia
1868 3482 2084 3527 designatum

1700 3528 1717 3563 1
1741 3530 1754 3565 i
1953 3532 2048 3567 Hinc
