2358 3776
181 135 223 200 s.
295 130 672 197 THO'MAE
742 141 1679 200 CANTUAv-RIENSIS.

10 241 103 274 vobis
115 239 170 274 dat
179 235 359 279 conjicere,
386 237 524 278 fortune
536 235 644 269 vestra:
656 258 667 275 ‚
690 231 949 277 quibuscumque

10 286 306 332 modisrpoteritis,
331 283 523 324 consulere,
558 285 596 319 ui
613 282 754 318 inimicis
776 281 886 316 vestris
907 278 948 315 ad

14 341 99 373 sni?-
109 335 574 380 confusionemyidea‘miniradt
582 334 881 381 quantamcumque·
889 327 946 363 hu-

11 388 161 434 jusexilii
173 387 364 431 patientiam
378 387 441 420 effe
451 395 598 429 paratus.
627 382 754 423 Unde,
779 392 815 415 ut
838 380 957 425 saepius'

10 439 236 473 discretionem
250 436 386 471 vestram
398 436 570 480 diligenter
578 432 843 468 commonuimus
860 454 871 470 ,
896 430 950 464 ad·

11 487 76 525 huc
89 488 194 522 ¹etiam
214 486 398 532 persuadere
415 481 638 524 intendimus,
664 492 702 517 ut
724 481 776 519 his
794 506 806 523 ,
822 480 951 526 'quibus

11 541 116 574 came
128 538 294 582 poteritis,
317 534 596 578 ‚nese-toneretis,
621 533 662 567 ad
681 530 839 576 temporis
861 531 949 567 mali·

11 589 91 622 tiam
103 587 308 632 respicientes
315 588 420 629 ,zquae
430 583 523 618 vobis
536 584 576 618 ad
600 583 735 626 propria*
747 581 876 618 facilem
897 581 951 615 vel

11 638 116 673 citum
127 633 415 673 reditumrniuime
424 633 618 677 repromittit
630 657 638 666 .
666 632 752 669 Scire
773 642 884 668 autern
902 642 951 665 ve·

12 687 74 720 sira
85 684 359 732 debetprudentin
371 706 382 724 ,
409 684 497 728 quod
508 694 608 719 nemo
627 683 674 717 est
688 707 700 724 ‚
712 721 715 724 ,
727 683 784 727 qui
803 681 897 716 vobis
910 680 950 715 ad

13 732 231 781 ignominiam
254 745 378 780 reputet
390 756 410 774 ‚=
426 735 447 767 fi
470 733 613 778 praesenti
636 733 732 767 statui
754 744 813 767 vos
824 732 952 766 confor-

14 797 164 829 mantes,
188 785 288 821 scd&
312 784 426 820 domui
438 785 635 830 Religiosae,
661 794 798 825 quaevos
810 780 953 823 exhibet,

15 834 329 877 condescendentes,
354 834 523 868 moderato
541 835 575 868 ἀ
596 835 771 870 neceffario
781 843 849 869 tam
863 832 954 875 equi·

16 891 211 926 tatutarnm,
235 885 335 929 quam
345 885 554 928 personarum
577 894 715 920 nurnero
733 882 882 919 contenti
893 882 957 916 effe

16 936 137 970 velitis.
165 934 268 970 Nosse
281 945 390 970 autem
402 945 460 969 vos
472 934 643 974 volumus,
671 935 828 979 quoniam
855 935 873 967 a
893 932 955 966 Re·

15 986 95 1030 gina'
104 990 166 1020 nec
186 985 349 1020 auxilium
372 995 430 1019 nec
447 984 623 1022 confilium
646 985 767 1028 sperate
788 981 922 1027 potestis
947 1006 957 1023 ,

17 1033 157 1069 maxime
167 1045 241 1070 cum
253 1045 360 1071 totum
382 1034 556 1069 consilium
577 1035 671 1068 suum
694 1036 729 1069 in
742 1032 956 1077 Radulphum

17 1086 58 1119 de
68 1085 144 1119 Faia
154 1107 165 1124 ,
190 1085 245 1129 qui
261 1095 319 1118 vos
332 1095 397 1120 non
411 1085 520 1119 minus
534 1084 630 1120 solito
641 1085 858 1130 persequitur,
881 1094 957 1117 con-

18 1134 144 1168 tulerit.
170 1134 376 1179 singulisque
396 1133 509 1169 diebus
531 1134 640 1169 multae
660 1134 863 1171 succrescunt
886 1144 956 1178 prae-

19 1184 249 1227 sumptiones,
268 1184 387 1226 quibus
399 1184 495 1218 fidem
506 1183 573 1217 fieri
587 1186 675 1227 posse
695 1185 845 1224 videtur,
869 1181 958 1227 quod

19 1233 176 1274 infamia,
200 1232 380 1276 cujusalias
401 1234 634 1273 meminimus,
662 1235 787 1269 veritati
808 1233 958 1267 accedat.

19 1283 74 1316 De
83 1285 197 1318 ceneto
207 1282 249 1316 de
259 1282 443 1317 rumoribus
451 1307 462 1324 ,
486 1294 570 1329 quos
581 1283 622 1318 ab
633 1282 907 1328 Angliareferent
918 1281 958 1315 ad

20 1331 183 1377 Reginam
199 1331 218 1366 a
238 1330 333 1376 Rege
356 1343 581 1369 commeantes
605 1357 616 1372 ,
648 1335 704 1377 qui
728 1343 851 1378 partem
871 1332 959 1366 suam

18 1380 226 1426 magnificare
237 1383 387 1416 videntur
398 1407 408 1422 ‚
436 1382 530 1419 vobis
540 1383 787 1419 communicare
795 1382 961 1428 poffumus

19 1431 81 1465 hos
90 1443 104 1465 ·.·
125 1431 262 1466 *Scilicet
274 1431 363 1477 quod
375 1432 544 1468 Dominus
558 1433 634 1470 Rex
645 1433 712 1480 jam
730 1431 872 1469 secundo
885 1441 961 1467 cum

19 1480 439 1533 Walensibuscongtess'us,
465 1483 539 1525 sed,
566 1494 602 1518 ut
612 1483 818 1528 gloriantur,
841 1492 962 1527 eosag·

18 1531 163 1576 gressus,
189 1530 264 1566 illos
285 1531 464 1573 confudit,
487 1534 521 1568 ἀ
547 1532 763 1571 innumeram*
778 1534 819 1567 de
840 1532 960 1568 eisdem

20 1580 269 1616 multitudinem
283 1581 463 1618 interfecit.
493 1582 619 1628 Regem
641 1582 718 1618 vero
742 1583 832 1627 ajunt
849 1581 964 1616 defuis

21 1641 142 1673 paucos
165 1632 316 1665 amisisse.
343 1631 526 1667 Literarum
544 1632 639 1672 vero,
669 1644 749 1674 quas
769 1633 842 1667 Rex
862 1631 964 1665 Matri

20 1679 286 1720 firatdestinavit,
310 1681 538 1723 transcriptum
554 1680 646 1715 vobis
665 1681 831 1716 mittimus
849 1705 857 1713 .
875 1681 966 1716 'Scri-

22 1738 116 1772 ptum
127 1728 279 1774 quoque‚
303 1729 395 1772 quod
406 1729 558 1772 magister
577 1730 706 1773 Hugo,
733 1730 881 1763 Clericus
901 1729 966 1762 Ri-

18 1776 195 1813 cherstede
215 1776 407 1818 Thelccstre
422 1800 435 1815 ,
459 1777 553 1810 vobis
572 1777 700 1810 direxit*
712 1800 726 1819 ,
752 1787 807 1820 per
829 1786 966 1810 manum

23 1824 358 1870 latoris³praesentium
379 1825 540 1868 recipietis
554 1849 563 1857 .
586 1825 686 1875 ·Qid
708 1825 785 1860 vero
806 1827 841 1859 iu
863 1825 965 1860 collo·

17 1878 100 1919 quio
123 1875 164 1910 de
183 1874 377 1910 ‘Salobesbiri
393 1877 501 1910 assum
517 1875 575 1914 fit,
606 1887 665 1909 nos
677 1876 860 1916 nescimus,
887 1886 966 1918 prae-

21 1926 170 1969 terquam
179 1924 268 1971 quod
282 1923 449 1959 Dominus
463 1924 536 1960 Rex
551 1925 611 1969 Epi
618 1927 731 1969 leopos
744 1948 754 1965 ,
781 1937 864 1970 quos
885 1925 966 1959 illuc

22 1984 212 2015 vocaverat,
237 1973 388 2009 emunxit
400 1999 411 2016 ‚
434 1975 538 2009 &eos
551 1975 659 2009 statim
672 1975 795 2009 dimisit
806 1999 817 2015 ,
840 1986 967 2009 eorum-

18 2024 240 2069 quesn-milia
262 2025 368 2059 secum
385 2025 527 2059 retinuit
540 2049 549 2058 .
575 2025 608 2060 Si
630 2037 695 2073 qua
716 2025 779 2060 alia
801 2025 908 2059 vestrae
917 2037 969 2060 co·
1030 2026 1197 2061 neminem
1211 2026 1262 2060 vel
1274 2027 1547 2071 audiredignatur

20 2074 328 2119 guidoniexpedire
349 2076 625 2119 cognoverimus,
652 2076 747 2110 vobis
767 2074 971 2110 manifestare

23 2124 229 2162 curabimus.
257 2124 328 2160 Vos
336 2125 471 2171 quoque
493 2124 588 2161 nobis
609 2126 713 2161 vicem
736 2126 914 2170 rependere
924 2124 972 2159 di-

23 2175 192 2220 gnemini.
219 2174 357 2210 Valete.
428 2180 430 2182 ’

186 2321 597 2362 EPIsToLA
645 2324 811 2360 XXXVI.

108 2464 111 2469 .
134 2420 280 2456 ‘rhome
302 2412 528 2459 cantuariens,
557 2422 861 2470 Archi›sspiscopo

79 2492 87 2496 „
334 2472 470 2518 quidam
496 2473 637 2508 Amicus
655 2497 664 2507 .

31 2551 157 2611 Domitio
180 2582 216 2605 ac
243 2574 334 2605 Patri
366 2571 439 2616 fieus
465 2574 514 2606 ille
532 2596 544 2613 ,
572 2574 701 2618 degener
734 2575 857 2617 quidem
892 2600 906 2618 ,
938 2577 978 2613 ά

120 2627 272 2665 ⁴ignaviae
288 2620 357 2663 [κα
382 2629 491 2657 merito
518 2623 676 2657 metiens
711 2648 724 2664 ‚
747 2624 864 2666 cbristo

220 2671 262 2715 fic
284 2678 412 2715 compati
436 2696 451 2716 ,
480 2682 516 2708 ur
541 2674 577 2707 6·
598 2682 775 2718 conregnet.

97 2770 231 2806 UPER
253 2770 306 2806 his
317 2772 540 2819 quaeinspestis
551 2772 727 2808 sanctitatis
737 2773 846 2808 vestrae
862 2773 978 2808 litteris

129 2820 323 2865 inquirenda
340 2827 562 2868 cognovimus
594 2848 607 2865 ,
632 2823 801 2868 plerosque
837 2848 848 2864 ,
881 2833 978 2867 prout

32 2879 183 2912 oportere
203 2872 412 2907 credebamus
430 2898 441 2915 ,
479 2884 599 2918 quanta
618 2875 788 2917 potuimus
805 2873 977 2919 diligentia

33 2921 268 2966 convenimus,
292 2923 327 2957 ἂ
349 2924 432 2957 inter
442 2935 572 2958 caeteros
592 2936 631 2958 ac
642 2935 703 2968 prae
721 2924 840 2959 ceteris
860 2922 927 2968 quo
942 2924 978 2957 fi-

34 2968 219 3011 ducialius,
244 2971 285 3006 eo
305 2973 479 3009 instantius
504 2974 598 3008 illum
617 2997 629 3013 ‚
662 2985 763 3019 quem
782 2974 921 3009 alterum
945 2983 977 3009 te

35 3018 264 3054 credebamus.
291 3022 332 3057 Et
342 3034 419 3058 eum
442 3024 576 3067 quidem
595 3026 738 3059 eundem
757 3035 859 3068 atque
876 3025 910 3059 in
923 3035 976 3059 eo-

36 3068 113 3103 dem
123 3068 316 3112 reperimus.
343 3071 476 3108 Auditis
491 3073 648 3119 siquidem
658 3074 715 3109 ille
725 3075 842 3120 quaein
861 3075 978 3110 litteris

35 3118 292 3154 continebantur
302 3144 314 3160 ,
338 3119 512 3166 lachrymis
523 3124 656 3159 suffusus
669 3127 788 3160 oculos
797 3148 808 3164 ,
834 3125 905 3166 p'ost
919 3126 977 3159 fin·

37 3167 323 3224 gultus&multas
333 3169 374 3204 de
384 3173 572 3209 moribus&
591 3176 837 3216 conversatione
859 3175 978 3211 Censo-

39 3228 105 3250 ποι
128 3218 227 3252 nostri
248 3220 492 3264 querimonias,
521 3227 727 3268 exploratam
749 3226 862 3270 saepius
883 3227 976 3270 super

40 3265 107 3305 boc
129 3277 274 3303 mentem
292 3269 360 3313 ejus
378 3271 529 3315 reperiss'e
558 3276 591 3310 se
609 3275 738 3311 dicebat
771 3275 979 3312 vehementer

40 3317 181 3351 aversam
194 3342 205 3359 ,
227 3318 264 3352 ἀ
276 3322 419 3356 revocari
431 3321 598 3358 difficilem
616 3348 628 3365 ,
653 3325 767 3369 utpote
787 3328 881 3370 cujus
898 3328 980 3361 auri-

42 3365 101 3400 bus
113 3367 295 3419 susurrones
306 3369 354 3403 illi
366 3371 527 3416 jugiter&
538 3373 692 3409 instanter
710 3376 844 3411 malitiae
863 3379 925 3412 suae
937 3378 967 3410 vi

39 3426 94 3470 rus
113 3416 275 3453 insibilant
303 3431 312 3452 ε
345 3420 381 3454 &
401 3421 446 3464 ne
464 3422 544 3465 quid
561 3424 671 3459 audiat
693 3449 704 3465 ‚
739 3427 830 3469 quod
852 3428 980 3463 animos

35 3474 104 3508 ejus
124 3465 165 3504 ab
175 3468 396 3505 obstinatione
418 3483 530 3517 coeptae
554 3473 767 3519 malignitatis
793 3477 944 3515 emolliat
968 3502 979 3520 ,

1825 149 1883 208 83

1008 230 1222 267 indesinenter
1232 227 1411 274 invigilant
1422 253 1432 264 ,.
1458 227 1519 265 Ad
1527 227 1591 265 hoc
1602 230 1681 264 totis
1701 231 1821 268 nisibus
1839 232 1948 270 elabo-

1009 278 1316 323 rantessquatenus
1337 279 1373 313 in
1394 289 1525 328 tantum
1548 279 1644 313 vestri
1667 280 1948 328 odiumexaspere·

1007 339 1084 372 [ιιι-,ἰ
1104 339 1139 366 ut
1151 328 1272 366 nullius
1283 330 1591 375 interventuplaeiti
1612 330 1660 364 vel
1674 331 1812 373 personae
1835 335 1868 367 in
1879 345 1946 378 gra-

1009 382 1097 415 tiam·
1109 378 1354 426 qualiscumque
1381 380 1567 417 concordiae
1589 379 1713 426 poffitis
1742 384 1917 416 convenire
1938 407 1947 416 .

1010 430 1082 467 Nec
1100 429 1291 467 existimant
1310 430 1343 464 se
1353 433 1440 474 pofle
1459 431 1598 469 feliciter
1620 432 1729 466 vivere
1741 452 1757 472 ‚
1779 431 1950 474 quousque

1009 478 1178 516 certissime
1201 480 1233 514 se
1254 480 1288 515 id
1309 481 1447 518 effecisse
1464 481 1684 527 compererint
1701 506 1712 515 .
1750 479 1840 515 Inter
1868 490 1952 523 quos

1010 529 1141 568 odiosus
1150 529 1207 564 ille
1218 528 1401 571 Richardus
1407 531 1452 568 de
1462 532 1547 569 Luci
1562 555 1574 572 ,
1600 530 1721 575 proprii
1738 528 1953 575 cognominis

1011 581 1188 620 inimicus,
1215 591 1277 624 prae
1298 583 1420 619 tarteria
1438 579 1500 617 hos
1524 582 1624 617 nectit
1643 581 1792 625 laqueos.
1817 579 1856 614 ln
1878 590 1955 614 tan·-

1011 642 1105 673 tum‚
1130 629 1210 667 ut&
1226 631 1332 674 ipsum
1343 632 1553 676 plerumque,
1579 632 1633 667 cui
1654 632 1779 674 placere
1802 630 1917 664 nititur
1943 652 1960 670 ,v

1012 680 1178 721 offendat,
1204 677 1284 715 dum
1305 680 1528 719 vehementius
1546 705 1558 722 ,
1593 682 1629 717 ἀ
1651 680 1879 716 irreverentius
1904 689 1960 712 ve-

1014 731 1108 766 stram
1128 731 1315 774 personam,
1343 732 1452 772 adius,
1476 732 1511 768 δε
1533 730 1664 766 consilia
1682 731 1853 778 denigrare
1864 727 1961 764 moli-

1015 792 1067 816 tur
1078 806 1087 816 .
1107 780 1214 818 Unde
1222 780 1402 827 aliquando
1411 782 1579 819 Hem-icus
1590 781 1794 818 Censorinus
1806 780 1880 815 Rex
1891 780 1960 823 ipse

1015 832 1096 866 odio
1106 842 1286 876 nugarum,
1311 831 1550 876 quasaudiebat
1561 831 1675 869 abillo
1686 856 1697 872 ,
1720 829 1850 867 adeum
1864 854 1875 870 ,
1891 840 1964 872 quo

1017 880 1081 916 haec
1092 882 1233 918 docente
1254 883 1495 928 cognovimus,
1521 883 1683 918 divertens
1702 881 1813 916 mirari
1838 881 1869 915 se
1878 879 1963 913 dice·

1019 932 1072 965 bat
1086 955 1098 972 ,
1121 930 1209 976 quod
1223 943 1291 967 non
1305 932 1474 970 verebatur
1483 933 1588 970 homo
1600 932 1657 968 ille
1674 941 1726 969 tot
1746 929 1897 969 fabulosa
1919 940 1965 963 ωε

1019 993 1116 1022 xere,
1142 993 1212 1027 quae
1225 993 1286 1019 nec
1298 983 1365 1029 ipse
1376 983 1524 1024 viderat,
1561 994 1621 1018 nec
1643 991 1737 1018 cetto
1758 980 1897 1016 authore
1916 980 1967 1014 di·

1018 1032 1140 1067 dicerat
1151 1055 1160 1064 .
1179 1033 1273 1068 Dum
1285 1032 1363 1068 vero
1374 1032 1586 1078 postmodum
1596 1033 1637 1069 de
1647 1033 1730 1069 statu
1741 1042 1847 1067 rerum
1858 1030 1967 1066 eidem

1021 1083 1142 1117 Amico
1157 1082 1261 1117 vestro
1283 1083 1543 1129 colloqueretur,
1577 1084 1611 1118 in
1636 1082 1726 1119 hunc
1751 1081 1897 1118 incidere
1910 1082 1969 1114 ser-

1020 1142 1175 1172 monem,
1200 1134 1286 1170 visus
1305 1133 1351 1171 est
1375 1133 1617 1180 afiquantulum
1636 1134 1751 1168 animo
1778 1132 1932 1166 flut‘iuare
1956 1154 1968 1171 ‚

1019 1183 1178 1226 quantum
1201 1183 1258 1218 ille
1277 1183 1441 1229 conjicere
1462 1185 1569 1228 potuit
1602 1208 1615 1226 ‚
1651 1184 1808 1228 tanqua-m
1836 1182 1973 1225 puderet

1017 1243 1094 1266 eum
1107 1232 1212 1267 acrius
1222 1234 1354 1276 coepiffe
1366 1257 1379 1277 ,
1404 1234 1496 1277 quod
1507 1233 1602 1268 facile
1615 1234 1762 1276 nequiret
1781 1231 1823 1267 ad
1837 1230 1971 1264 libitum

1021 1281 1195 1316 terminare
1208 1306 1215 1313 .
1243 1282 1360 1318 Vereri
1371 1284 1517 1326 praete'rea
1529 1282 1701 1316 videbatur
1713 1293 1788 1315 cum
1818 1280 1975 1313 Walensi-

1021 1331 1080 1366 bus
1091 1331 1271 1377 congredi,
1299 1343 1340 1366 ne
1350 1331 1436 1368 forte
1447 1333 1533 1367 circa
1554 1342 1611 1366 eos
1632 1341 1854 1374 occupatum,
1880 1330 1976 1365 Flan-

1022 1383 1150 1417 drenses
1164 1382 1315 1418 videlicet
1326 1382 1359 1415 δε
1374 1381 1466 1417 Galli
1479 1406 1491 1424 ‚
1517 1382 1647 1416 turbare
1663 1383 1843 1426 satagerent
1854 1405 1865 1421 ‚
1876 1389 1976 1423 atque

1022 1433 1149 1467 idcirco
1162 1457 1173 1473 ,
1199 1432 1220 1465 fi
1233 1433 1284 1466 vel
1299 1433 1423 1475 levem,
1450 1432 1635 1467 dummodo
1655 1431 1825 1467 honestam
1839 1454 1850 1470 ‚
1875 1440 1978 1464 trans-

1022 1483 1163 1518 fretandi
1186 1482 1319 1518 haberet
1339 1483 1545 1519 occasionem
1558 1506 1570 1522 ,
1598 1482 1687 1515 velle
1703 1482 1736 1517 se
1747 1480 1977 1516 transmarinas

1021 1531 1111 1567 adire
1124 1543 1240 1575 partes,
1265 1543 1301 1566 ut
1312 1543 1389 1566 cum
1404 1533 1469 1565 illis
1484 1532 1528 1566 ibi
1540 1543 1618 1575 pace
1639 1533 1766 1565 firmata
1786 1555 1797 1571 ‚
1825 1529 1904 1563 istos
1932 1529 1978 1561 fe-

1023 1580 1132 1616 curius
1156 1582 1376 1617 debellaturus
1398 1582 1501 1615 adiret
1515 1605 1524 1613 .
1560 1581 1756 1623 Suspensum
1779 1590 1889 1613 tamen
1913 1578 1978 1612 esse

1011 1615 1134 1665 ladhuc
1156 1655 1167 1672 ,
1194 1642 1255 1666 nec
1274 1641 1399 1665 certum
1419 1631 1511 1673 super
1533 1628 1599 1666 hoc
1610 1629 1741 1666 dicebat
1760 1640 1838 1664 eum
1859 1628 1980 1664 habere

1025 1680 1198 1715 consilium
1212 1705 1222 1714 ,
1251 1681 1365 1722 Atque
1378 1680 1456 1713 ided
1464 1680 1513 1712 illi
1528 1680 1631 1711 vestro
1643 1678 1816 1713 videbatur
1839 1701 1851 1717 ,
1886 1678 1910 1712 sl
1924 1688 1979 1710 vo-

1024 1740 1114 1762 caret
1122 1730 1344 1769 eumlitteris‚
1369 1727 1422 1760 vel
1434 1737 1488 1770 per
1508 1725 1666 1760 directum
1677 1726 1718 1759 ad
1731 1726 1796 1760 hoc
1815 1726 1980 1772 Legatum

1027 1777 1197 1813 Dominus
1209 1776 1296 1819 Papa
1311 1786 1369 1819 pro
1381 1776 1634 1811 imminentibus
1647 1776 1795 1811 Ecclesia
1806 1776 1957 1820 periculis
1970 1800 1980 1815 ,

1025 1836 1124 1869 atque
1144 1837 1204 1870 pro
1224 1826 1446 1861 Antiochenae
1472 1825 1579 1862 Urbis
1592 1837 1693 1870 nuper
1709 1825 1752 1860 ad
1772 1837 1848 1861 eum
1861 1827 1983 1870 perlata

1028 1877 1215 1911 calamitate
1225 1900 1237 1917 ‚
1261 1888 1360 1921 atque
1372 1878 1413 1911 de
1424 1876 1496 1911 aliis
1508 1875 1696 1918 hujusmodi
1717 1887 1795 1910 cum
1806 1887 1846 1910 eo
1867 1878 1985 1910 sermo·

1029 1937 1105 1961 nem
1128 1925 1319 1968 habiturus,
1346 1928 1522 1970 antequam
1539 1926 1683 1961 Romam
1707 1923 1824 1960 rediret
1846 1950 1858 1965 ,
1884 1926 1983 1960 facile

1028 1975 1070 2011 ad
1084 1978 1156 2011 illas
1169 1987 1272 2021 partes
1293 1978 1460 2011 accederet
1473 2001 1484 2017 ,
1507 1976 1543 2010 &
1563 1979 1656 2020 super.
1678 1976 1767 2017 hoc,
1794 1975 1882 2010 unde
1893 1987 1984 2010 nunc

1576 2051 1587 2067 ,
1624 2037 1731 2071 neque
1752 2025 1945 2060 indecorum
1971 2050 1983 2066 ,

1032 2075 1087 2110 sed
1099 2075 1312 2111 honestumei
1335 2078 1410 2112 esset
1424 2100 1435 2117 ,
1463 2076 1664 2110 tantiPatris
1694 2076 1832 2110 monitis
1854 2075 1988 2118 acquie-

1034 2126 1133 2161 sceret
1148 2152 1156 2159 .
1182 2126 1348 2171 Hpncque
1359 2127 1460 2163 solam
1471 2126 1507 2160 ἀ
1519 2127 1715 2171 singularem
1728 2126 1815 2169 pacis
1829 2125 1914 2159 inter
1927 2137 1985 2159 vos

1033 2177 1215 2219 reparandae
1237 2177 1393 2220 superesse
1414 2177 1503 2212 viam
1517 2201 1524 2209 .
1551 2175 1613 2211 Sed
1632 2174 1816 2211 cavendum
1841 2177 1984 2209 summo-

1034 2227 1128 2270 pere,
1155 2227 1197 2260 ne
1209 2228 1290 2271 quid
1304 2227 1346 2260 ab
1355 2236 1398 2260 eo
1407 2228 1505 2262 causa
1517 2226 1612 2263 vestri
1639 2227 1707 2260 fieri
1729 2226 1879 2261 videatur
1891 2250 1903 2266 ,
1928 2237 1987 2260 an·

1034 2278 1164 2319 tequam
1174 2289 1251 2317 eos,
1278 2276 1432 2311 Domino
1443 2277 1602 2323 largiente
1614 2296 1634 2319 ,·
1651 2288 1716 2311 con
1786 2277 1831 2310 ire
1850 2277 1984 2311 contin-

1034 2338 1107 2370 gat.
1133 2328 1339 2363 lncolumem
1364 2337 1424 2360 vos
1446 2326 1592 2360 Ecclefiae
1613 2328 1676 2363 suae
1701 2287 1894 2367 effervet,
1922 2336 1984 2369 pro

1035 2388 1102 2420 quo
1115 2378 1265 2422 patimini
1280 2401 1288 2409 .
1316 2376 1351 2412 si
1364 2376 1445 2421 quid
1458 2376 1560 2420 posset
1571 2377 1614 2413 ad
1636 2375 1744 2412 vestrae
1755 2377 1930 2412 sanctitatis
1949 2377 1984 2409 li-

1036 2427 1139 2462 bitum
1150 2427 1265 2462 nostrae
1279 2427 1445 2471 parvitatis
1456 2428 1589 2471 operula
1599 2451 1612 2470 ‚
1624 2426 1779 2470 rescripto
1788 2426 1981 2466 doceamur,

1036 2476 1205 2513 affectuosa
1228 2476 1406 2511 devotione
1431 2478 1593 2521 parituri.
1628 2475 1748 2513 Valeat
1768 2478 1804 2511 in
1826 2475 1981 2511 Domino

1035 2526 1158 2574 semper
1169 2527 1352 2564 paternitas
1366 2527 1466 2565 vestra
1474 2550 1485 2560 .

1185 2623 1595 2664 EPlsTOLA
1646 2607 1828 2661 xxxvii.

1133 2726 1324 2766 Alexander
1356 2725 1447 2769 Papa
1470 2724 1622 2760 Gilberto
1647 2714 1877 2762 Londoniensi

1419 2774 1605 2822 Episcopo.

1037 2880 1205 2915 Alexander
1227 2874 1389 2919 Episcopus
1402 2900 1413 2917 ,
1436 2878 1548 2910 5ervur
1568 2878 1727 2910 Servorum
1739 2879 1797 2909 Dei
1809 2901 1820 2917 ,
1845 2880 1979 2911 Venera-

1133 2929 1188 2962 hili
1200 2931 1306 2960 Fratri
1316 2926 1458 2966 Gilberto,
1480 2925 1673 2969 Londonienfi
1689 2925 1832 2969 Episcopo
1860 2952 1873 2969 ,

1120 3026 1122 3029 ι
1164 2977 1318 3023 salutem,
1341 2978 1376 3012 ά
1386 2976 1570 3020 apostolicam
1581 2978 1838 3012 Benedtd'mem.

1164 3076 1398 3112 MEMORIA
1423 3088 1481 3112 tua
1510 3088 1580 3112 non
1601 3077 1768 3112 credimus
1789 3076 1943 3112 excidisse
1962 3102 1974 3118 ‚

1166 3129 1302 3172 qualiter
1321 3126 1520 3162 charissimus
1543 3127 1577 3162 in
1601 3127 1737 3162 Christo
1750 3128 1854 3163 Filius
1865 3128 1976 3162 noster

1039 3177 1220 3218 Henricus,
1246 3178 1378 3213 illustris
1406 3178 1481 3213 Rex
1504 3177 1691 3223 Anglorum
1713 3178 1816 3212 multa
1847 3179 1928 3212 olim
1956 3177 1976 3209 a

1037 3226 1133 3262 nobis
1150 3239 1282 3273 precum
1304 3228 1456 3262 instantia
1475 3227 1635 3270 requilivit
1656 3253 1666 3269 ‚
1702 3239 1739 3262 ut
1752 3228 1794 3262 ab
1819 3228 1975 3261 Herefor·

1039 3278 1126 3312 densi
1149 3279 1314 3318 Ecclesia,
1337 3278 1392 3311 cui
1413 3277 1661 3321 praeeminebas‚
1684 3277 1820 3311 detein
1836 3274 1974 3310 Londo-

1040 3329 1184 3364 niensem
1229 3327 1403 3362 Ecclesiam
1435 3327 1680 3363 translationem
1693 3327 1760 3360 fieri
1784 3325 1975 3358 concedere-

1038 3388 1127 3412 mus.
1156 3378 1277 3423 thue
1298 3379 1358 3410 suae
1377 3376 1530 3420 peritioni
1555 3379 1647 3420 super
1659 3377 1721 3410 hoc
1734 3375 1972 3416 impartiremur

1040 3429 1215 3470 assensum,
1243 3427 1457 3462 neceffitatem
1466 3425 1717 3460 communem&
1732 3424 1904 3458 utilitatem
1922 3437 1973 3464 pa-

1040 3480 1116 3515 riter
1125 3477 1345 3525 proponebat,
1366 3478 1505 3513 asserens
1515 3477 1604 3520 quod
1616 3475 1730 3510 civitas
1742 3474 1796 3510 illa
1807 3473 1893 3519 quasi
1910 3474 1971 3509 Re·

1871 3525 1926 3568 gia
