2358 3776
358 109 426 162 80

292 196 437 236 bantur?
461 192 493 226 si
512 191 633 233 semper
652 190 879 231 occumbant,
913 187 1087 234 quomodo
1106 188 1233 228 obtine-

286 242 402 283 bunt?
427 240 569 276 Necesse
589 241 633 275 est
647 240 826 285 aliquando
844 238 984 274 resistant
996 263 1003 270 .
1031 237 1234 278 Condescen-

292 297 336 331 de
347 294 443 338 ergo,
465 291 559 325 Pater
577 291 773 328 Sandiiffime
787 316 798 332 ‚
825 291 859 324 in
870 290 982 333 fugam
1004 290 1154 327 meam&
1167 301 1230 333 per-

290 345 490 382 secutionem
502 366 512 382 ,
537 342 572 380 <St
585 353 637 379 me
653 339 834 385 aliquando
856 348 1014 383 magnum
1040 338 1233 377 fuisseremi-

291 395 417 430 miscere
432 403 577 435 tempore
599 403 657 429 tuo
676 415 687 430 ‚
714 391 746 423 δε
770 400 899 432 propter
919 398 953 423 te
967 388 1096 431 injuriis
1116 390 1233 424 lacessi-

288 453 380 479 tum.
410 442 517 478 Utere
541 443 646 486 rigore
666 451 747 482 tuo,
771 450 884 474 coerce
904 449 960 473 eos
975 462 985 478 ,
1023 450 1162 482 quorum
1186 441 1232 475 in-

288 493 406 530 stintlu
428 503 549 526 nomen
584 490 679 533 hujus
700 489 930 533 persecutionis
949 488 1090 533 obrepsit
1115 514 1121 521 .
1160 488 1233 524 Nec

289 538 446 581 Domino
460 542 545 585 Regi
566 536 690 573 horum'
706 534 830 585 aliquid
843 540 1042 582 imputetur,
1069 538 1125 582 qui
1138 538 1233 583 hujus

289 592 546 631 machinationis
555 590 600 628 est
614 590 762 626 minister
772 590 905 635 potius,
929 589 1027 631 quam
1050 598 1207 635 repertor.

449 685 858 731 EPISTOLA
909 688 1071 729 XXXI.

362 791 483 831 Thomae
509 789 718 832 cantuariensi
739 787 990 834 Archi-Episcopo
1007 794 1155 836 Joannes

640 838 883 882 Saresberoenfis.

370 943 461 980 ,ΟΜ
486 941 671 979 Dominum
691 940 813 984 Papam
827 951 928 984 nuper
939 939 1149 975 sollicitarem
1160 963 1172 980 ,
1197 939 1232 974 ἀ

401 993 577 1029 animarem
591 1016 603 1032 ,
627 991 759 1027 &viam
773 1014 785 1031 ,
811 1001 910 1035 quam
935 990 1020 1025 mihi
1040 989 1172 1025 videbar
1185 990 1229 1023 in·

286 1045 462 1082 reflexisse,
488 1042 528 1079 ad
541 1053 652 1086 pacem
664 1041 720 1075 fibi
743 1041 778 1076 ἀ
793 1041 889 1076 nobis
911 1041 1151 1076 reformandam
1171 1039 1234 1074 stu-

283 1092 406 1133 diosius
419 1092 609 1128 intimarem
620 1115 630 1131 ,
657 1089 822 1135 respondit
833 1093 865 1126 se
876 1092 966 1134 spem
983 1089 1168 1135 concepisse
1182 1101 1232 1133 pa-

284 1146 333 1182 cis
344 1156 385 1179 ex
397 1142 499 1180 verbis
513 1142 722 1186 Imperatoris
735 1166 746 1183 ,
773 1151 844 1185 quae
865 1141 906 1174 ad
928 1139 1094 1175 Abbatern
1109 1140 1232 1174 Sanetae
1243 1150 1251 1157 ·

283 1194 401 1230 Mariae
411 1193 647 1233 transmiserat,
675 1192 870 1235 promittens
882 1192 1009 1236 Regem
1035 1191 1168 1235 Angliae
1188 1191 1231 1225 fa·

284 1244 348 1281 cile
361 1242 570 1288 posteinduci
583 1240 624 1276 ad
646 1252 859 1285 quaecumque
884 1241 981 1275 vellet
995 1241 1166 1275 Dominus
1176 1240 1231 1276 Pa-

284 1306 327 1342 pa
339 1318 350 1336 ,
375 1294 398 1329 si
412 1293 479 1337 ipse
494 1292 602 1335 Reges
614 1314 625 1331 ,
652 1300 688 1325 ut
700 1291 759 1325 diu
780 1291 918 1335 petitum
940 1291 986 1325 est
999 1315 1011 1332 ,
1038 1292 1136 1327 vellet
1152 1303 1229 1327 con·

285 1343 443 1382 soederare
457 1367 465 1375 .
493 1341 548 1375 Ad
560 1341 647 1386 quod
658 1341 736 1385 quia
751 1341 920 1375 Dominus
933 1340 1019 1386 Papa
1034 1351 1157 1386 pronus
1169 1342 1229 1383 est,

283 1396 320 1432 δε
341 1395 416 1430 Rex
438 1393 640 1430 Francorum
663 1390 769 1428 facilis
789 1391 967 1432 inclinari,
993 1391 1034 1426 de
1055 1392 1230 1438 colloquio

281 1445 387 1479 suo&
399 1443 531 1487 Regum
541 1452 650 1477 certus
661 1442 723 1478 esse
737 1440 925 1478 videbatur,
957 1442 999 1479 Et
1009 1442 1075 1485 jam
1099 1442 1229 1488 Regem

281 1494 485 1530 Francorum
499 1499 690 1526 evocaverat
702 1516 712 1532 ‚
721 1500 757 1526 ut
766 1491 1012 1527 Purificationis
1022 1492 1141 1530 festum
1155 1504 1227 1538 age-

282 1554 330 1580 ret
351 1544 459 1576 secum
472 1564 480 1571 .
507 1539 588 1576 inde
604 1541 684 1574 vero
702 1540 913 1584 digrediens,
939 1541 1068 1585 Regem
1089 1543 1227 1578 obvium

281 1591 383 1631 habui
407 1600 508 1635 prope
529 1588 688 1629 Parisios,
716 1590 750 1626 ἀ
773 1601 849 1624 cum
859 1602 901 1624 eo
913 1589 971 1624 diu
990 1590 1122 1626 locutus
1135 1594 1225 1629 sum.

280 1644 325 1679 Et
336 1643 412 1677 licet
435 1640 530 1676 vobis
550 1641 583 1674 ἀ
607 1638 759 1675 exulibus
781 1640 1164 1685 vestriscompateretur,
1192 1645 1228 1680 ὅ(

279 1692 367 1733 hanc
388 1690 529 1727 Domini
555 1690 658 1734 Regis
668 1689 824 1725 duritiam
845 1690 1046 1732 improbaret
1066 1716 1080 1733 ,
1104 1695 1227 1729 minori

279 1753 390 1779 tamen
404 1742 530 1775 fervore
542 1740 634 1783 loqui
647 1738 816 1775 videbatur
826 1738 867 1772 de
877 1741 971 1773 causa
985 1739 1087 1775 vestra
1099 1765 1111 1781 ,
1124 1743 1226 1786 quarn

278 1793 505 1830 consueverit.
533 1789 623 1825 Cum
643 1800 754 1824 autem
776 1789 881 1833 ipsum
895 1789 1070 1824 instantius
1081 1793 1227 1827 animare

280 1847 458 1890 satagerem
472 1865 484 1883 ,
511 1840 676 1885 respondit
686 1841 718 1875 se
729 1839 865 1884 quidem
884 1838 960 1874 satis
972 1838 1227 1888 tenerediligere

279 1894 515 1931 Paternitatem
539 1891 677 1926 vestram
700 1915 711 1930 ‚
736 1890 770 1926 δι
789 1889 967 1934 approbare
990 1891 1119 1926 causam
1133 1916 1145 1932 ‚
1174 1892 1225 1927 sed

279 1945 406 1986 vereri,
433 1942 475 1978 ne
495 1943 518 1976 si
530 1943 600 1986 ipso
620 1939 775 1977 suadente
785 1938 910 1984 aliquid
926 1941 1045 1975 faceret
1058 1941 1229 1978 Dominus

279 1995 370 2040 Papa
393 2018 404 2034 ,
440 1991 528 2026 unde
550 1992 680 2038 Regem
708 1990 897 2036 Anglorum
919 1990 1105 2032 amitteret,
1131 1991 1162 2026 ei
1186 1992 1227 2028 de

279 2056 396 2081 caetero
419 2043 596 2084 imputaret
617 2041 764 2077 Ecclesia
785 2040 962 2081 Romana,
988 2040 1078 2086 quod
1098 2050 1229 2087 propter

281 2106 358 2131 eum
371 2101 500 2126 tantum
512 2091 670 2126 Amicum
682 2090 848 2125 amififfet.
878 2090 921 2126 Et
941 2088 1026 2126 hanc
1038 2093 1167 2126 causam
1181 2094 1229 2126 sae-

282 2144 356 2191 pius
377 2140 580 2176 inculcavit.
605 2140 712 2190 Qiod
736 2141 862 2175 versans
884 2140 971 2185 apud
996 2152 1049 2176 me
1069 2141 1228 2176 attentius

280 2191 492 2231 revolvebam
506 2216 517 2230 ,
543 2191 578 2226 δι
604 2189 761 2225 metiebar
784 2191 818 2224 in
841 2191 982 2231 animo,
1008 2190 1086 2235 quid
1106 2191 1228 2234 sperare

280 2243 438 2292 poffimns
455 2267 467 2285 ,
491 2240 570 2277 cum
595 2241 667 2277 Rex
686 2239 818 2284 Angliae
838 2241 972 2282 praesens
991 2239 1089 2273 fuerit
1113 2251 1229 2284 propo-

281 2305 366 2333 nens
385 2291 488 2328 multa
511 2302 569 2335 pro
591 2290 645 2331 se,
673 2289 777 2323 multa
798 2297 915 2323 contra
942 2299 1001 2322 vos
1023 2312 1037 2330 ,
1061 2288 1095 2322 ὃ(
1115 2289 1150 2323 in
1171 2301 1230 2325 ore

279 2345 455 2382 suanum
473 2341 576 2377 minis
588 2364 599 2381 ,
628 2350 717 2374 nunc
736 2337 920 2382 promissis,
945 2350 1036 2374 nunc
1061 2339 1159 2374 variis
1177 2351 1229 2385 pa-

282 2393 449 2438 (tionibus
470 2389 584 2427 faciles
606 2389 842 2425 &fluctuantes
853 2388 983 2425 animos
998 2389 1036 2424 sit
1056 2400 1205 2425 moturus
1218 2414 1229 2431 ‚

280 2442 458 2492 praesertim
481 2440 558 2474 cum
579 2437 698 2474 habeat
718 2439 776 2474 fibi
797 2438 996 2474 Pincernam
1027 2439 1131 2485 Regis
1149 2464 1159 2479 ‚
1197 2441 1229 2475 &

280 2493 373 2540 quod
385 2491 492 2539 magis
502 2489 572 2529 est,
599 2487 768 2525 Comitem
788 2487 975 2525 Robertutn
994 2514 1006 2531 ,
1032 2489 1123 2533 cujus
1146 2501 1230 2526 uxor

283 2543 427 2582 Abbatis
447 2540 513 2579 mci
530 2548 672 2586 cognata
693 2562 705 2579 ,
742 2549 819 2573 cum
842 2532 915 2574 aliis
936 2540 1142 2574 munusculis
1166 2550 1231 2575 tre-

282 2604 397 2631 centes
417 2594 512 2628 ulnas
532 2590 671 2637 telarum
682 2587 895 2624 Remensium
917 2589 1004 2635 Regi
1018 2601 1121 2634 nuper
1136 2592 1233 2625 trans·

286 2644 373 2681 misit
399 2642 434 2676 in
456 2641 615 2685 Angliam
638 2640 680 2674 ad
702 2639 850 2676 camisias
860 2639 1044 2674 faciendas.
1070 2639 1128 2673 Est
1140 2642 1230 2675 enim

283 2692 428 2740 prudens
440 2689 580 2731 mulier,
605 2688 640 2723 δε
652 2698 762 2732 praetet·
783 2701 940 2731 munera,
968 2691 1232 2735 quaefrequenter

285 2742 455 2787 accipiunt
476 2738 611 2775 maritus
635 2738 669 2774 dt
683 2738 771 2782 ipsa,
800 2739 923 2782 sperat,
950 2738 1038 2783 quod
1059 2739 1169 2775 liberis
1179 2752 1232 2775 eo-

286 2805 383 2833 rum,
409 2802 494 2837 quos
518 2789 642 2825 multos
665 2786 807 2827 habent,
836 2789 1003 2832 provideat
1025 2789 1144 2825 Rexin
1167 2802 1232 2826 ma-

286 2842 455 2882 trimoniis
474 2839 637 2876 nobilium
659 2839 886 2882 personarum.
913 2838 1016 2873 Archi
1030 2857 1042 2864 -
1055 2841 1233 2886 Episcopus

289 2893 369 2929 vero
391 2890 560 2927 Remensis
582 2887 767 2924 Robertum
787 2888 958 2924 Comitem
981 2890 1234 2926 tenerrimedili-

288 2942 364 2990 git,
388 2942 423 2977 δι
446 2940 565 2977 liberos
577 2938 662 2986 ejus.
691 2936 799 2975 Unde
816 2937 918 2973 timeo
931 2962 943 2979 ,
958 2938 1008 2973 ‘ne
1029 2941 1154 2976 amicos
1175 2939 1232 2976 hu-

290 2990 434 3039 jusmodi
447 3016 459 3033 ,
485 2989 562 3025 cum
583 2988 624 3023 ad
646 2986 680 3023 id
695 2997 831 3023 ventum
853 2987 970 3029 fuerit,
996 2990 1091 3026 facile
1100 2992 1232 3026 fortuna

289 3041 438 3078 excutiat
459 3065 468 3074 .
507 3036 650 3074 Proinde
671 3036 846 3072 confilium
881 3045 992 3073 meum
1012 3061 1022 3077 ,
1050 3041 1084 3074 ἀ
1115 3040 1234 3076 deside—

291 3093 375 3129 rium
389 3116 401 3134 ,
434 3091 469 3126 ἀ
490 3090 614 3126 summa
636 3098 768 3132 precum
779 3087 826 3122 est
846 3110 860 3128 ,
895 3095 931 3121 ut
955 3098 1013 3122 vos
1033 3099 1103 3123 tota
1125 3101 1236 3127 mente

291 3139 508 3179 committatis
518 3139 560 3174 ad
571 3138 759 3174 Dominum
770 3161 783 3178 ,
806 3137 1054 3174 &Orationum
1065 3140 1215 3186 suffragia
1229 3165 1238 3173 .

294 3192 385 3240 Qia
407 3200 445 3226 ut
466 3190 500 3225 in
515 3187 695 3234 proverbiis
704 3188 863 3232 scriptum
874 3186 940 3222 est:
968 3187 1237 3234 Turrtsfomffima

295 3247 417 3277 Nomen
441 3243 586 3280 Domini,
609 3238 653 3272 ad
671 3249 757 3281 quem
770 3235 864 3280 fiquts
887 3236 1071 3283 confugerit,
1100 3240 1137 3273 de
1160 3246 1238 3272 omni

293 3291 428 3335 angustia
459 3288 603 3324 liberatur
625 3313 634 3322 .
695 3287 833 3323 Differre
867 3287 1000 3323 interim
1024 3298 1138 3323 omnes
1158 3290 1238 3324 alias

294 3340 528 3381 occupationes
564 3363 576 3380 ,
611 3336 773 3383 quantiam
809 3338 956 3381 poteritis
991 3362 1004 3379 ,
1043 3339 1121 3382 quia
1159 3339 1236 3374 licet

294 3389 475 3424 neceffariae
495 3413 507 3428 ‚
532 3388 773 3433 plurimumque
806 3387 1006 3431 videantur,
1037 3388 1128 3433 quod
1164 3391 1237 3424 sua-

297 3438 364 3478 deo
372 3437 620 3486 praeeligendum
629 3437 676 3476 est
688 3461 704 3482 ,
727 3437 792 3480 εό,
817 3437 906 3484 quod
918 3441 1022 3487 magis
1045 3438 1090 3475 est
1104 3440 1241 3478 necessa-

1000 101 1558 158 'EPISTOLAE

1293 189 1397 225 rium.
1426 192 1567 227 Prosunt
1582 191 1715 236 quidem
1732 191 1820 237 leges
1839 191 1876 228 ἃ
1900 202 2060 238 canones,
2088 195 2142 232 sed
2157 196 2243 232 mihi

1294 241 1435 283 credite,
1464 245 1540 286 quia
1569 254 1656 278 nunc
1677 254 1744 277 non
1762 244 1828 277 ⁴erit
1841 242 1982 287 hisopus
2004 270 2014 279 .
2043 247 2174 282 Nonboc
2186 248 2241 289 ista

1288 289 1343 330 fibi
1353 300 1469 334 tempus
1478 292 1645 336 spec‘lacula
1651 292 1745 336 poscit
1758 317 1766 324 .
1792 293 1962 336 Siquidem
1981 305 2126 332 nontam
2137 299 2240 334 devo·

1294 341 1419 376 tionem
1442 345 1611 385 excitant,
1637 343 1734 388 quam
1755 342 1975 379 curiositatem
1995 368 2003 377 .
2042 345 2168 382 Nonne
2191 359 2240 383 re-

1293 391 1425 432 colitis,
1450 395 1528 437 quia
1552 393 1587 428 in
1612 394 1759 439 angustia
1781 393 1911 438 populi,
1938 404 1975 430 ut
1996 395 2151 439 scriptum
2169 396 2242 441 est,

1295 444 1376 475 Inter
1387 441 1563 483 vestibulum
1575 446 1610 479 (ς
1622 446 1723 478 altare
1732 445 1896 486 plorabunt
1916 446 2087 480 sacerdotes
2101 447 2136 484 &¹
2147 449 2236 482 wni-

1289 489 1344 527 stri
1358 515 1368 531 ,
1403 494 1530 527 dicentes
1552 508 1564 529 .-
1592 496 1687 528 Paree
1711 497 1859 536 Domine,
1891 503 1982 536 parce
2004 496 2115 537 Populo
2147 504 2201 530 tuo
2226 520 2235 530 .

1296 542 1518 584 Exercitabar,
1547 544 1657 589 inquit
1669 544 1854 587 Propheta,
1882 543 2076 588 &scopebam
2091 543 2237 588 spiritum

1294 599 1410 632 meum,
1436 598 1469 626 in
1482 595 1531 628 dte
1547 595 1748 629 tribulationis
1759 598 1856 629 Deum
1872 602 2038 639 exquirens
2061 595 2196 629 manibus
2224 621 2233 630 .

1299 638 1352 676 Ut
1371 640 1489 677 doceat
1509 644 1586 688 quia
1610 644 1775 687 spirituale
1785 645 1983 681 exercitium
2003 644 2237 680 &mundatrix

1295 689 1444 725 discuffio
1453 694 1663 730 conscientiae
1673 695 1788 730 avertit
1810 694 2003 740 flagellum,
2029 696 2064 731 ἃ
2084 696 2239 740 impetrat

1296 740 1552 778 misericordiam
1575 745 1655 779 Dei.
1690 745 1778 794 Qis
1798 746 1817 780 a
1836 745 1980 781 lectione
2003 744 2114 789 legum
2135 770 2146 786 ,
2175 755 2235 780 aut

1295 790 1394 824 etiam
1415 790 1593 828 Canonurn
1612 795 1828 838 compunstus
1850 795 1952 841 surgit
1973 796 1986 828 ?
2027 795 2105 830 Plus
2125 794 2203 830 dico
2226 807 2237 828 ι
2254 801 2257 803 ’

1296 838 1457 875 scholaris
1475 844 1666 881 exercitatio
1688 845 1854 882 interdum
1875 845 2045 881 scientiam
2067 855 2167 891 auget
2195 845 2238 880 ad

1295 899 1478 932 tumorem,
1512 895 1564 928 sed
1588 894 1800 931 devotionem
1819 905 1876 930 aut
1893 895 1966 931 raro
1986 905 2045 931 aut
2068 894 2239 941 nunquam

1296 940 1480 977 inflammat
1501 967 1509 975 .
1546 944 1687 979 Mallem
1709 955 1767 979 vos
1790 944 1938 981 Psalmos
1958 946 2123 981 ruminare
2153 971 2165 988 ‚
2203 946 2239 981 δε

1297 990 1387 1025 Beati
1422 991 1576 1037 Gregorii
1609 994 1749 1029 morales
1781 993 1883 1030 libros
1907 995 2072 1030 revolvere
2092 1020 2104 1038 ,
2139 994 2240 1040 quam

1294 1038 1497 1076 scholastico
1519 1052 1609 1078 more
1629 1041 1854 1087 philosophari
1870 1068 1883 1078 .
1921 1043 2065 1088 Expedit
2089 1046 2241 1081 conferre

1293 1090 1334 1125 de
1347 1089 1492 1125 moribus
1514 1103 1589 1127 cum
1609 1093 1727 1136 aliquo
1749 1092 1945 1137 Spirituali,
1966 1094 2059 1137 cuius
2081 1095 2240 1139 exemplo

1293 1141 1542 1182 accendamini,
1570 1143 1668 1186 quam
1683 1143 1881 1186 inspicere&
1901 1142 2062 1178 discutere
2074 1143 2240 1189 litigiosos

1293 1191 1448 1226 articulos
1471 1192 1670 1228 saecularium
1690 1192 1855 1228 literarum
1869 1218 1877 1227 .
1903 1194 2011 1227 Novit
2031 1194 2144 1236 Deus,
2173 1195 2238 1243 qua

1293 1251 1422 1281 mente,
1447 1252 1510 1285 qua
1531 1241 1711 1278 devotione
1732 1242 1790 1278 ista
1813 1254 1994 1287 proponam
2009 1269 2016 1275 .
2053 1244 2125 1278 Vos
2153 1244 2240 1279 acci-

1293 1291 1387 1335 pietis
1406 1302 1441 1328 ut
1466 1292 1590 1335 placet.
1618 1292 1653 1327 Si
1678 1303 1785 1327 autem
1800 1294 1858 1328 ista
1877 1293 2042 1334 feceritis,
2069 1293 2164 1328 vobis
2174 1294 2238 1329 erit

1291 1340 1420 1389 adjutor
1431 1342 1544 1382 Deus,
1570 1353 1606 1378 ut
1626 1343 1738 1378 timeri
1759 1355 1828 1378 non
1853 1354 2003 1387 oporteat
2017 1344 2098 1387 quid
2111 1342 2240 1379 machi·-

1293 1402 1386 1426 netur
1395 1390 1516 1427 homo.
1543 1391 1614 1436 Ipse
1623 1392 1717 1428 novit
1729 1392 1820 1437 quod
1829 1393 1863 1428 in
1876 1393 1970 1428 nullo
1982 1393 2116 1429 mortali
2128 1391 2238 1437 nobis,

1292 1451 1328 1476 ut
1337 1441 1455 1486 opinor
1468 1466 1478 1482 ,
1506 1443 1698 1488 sperandum
1705 1444 1751 1478 est
1765 1444 1801 1478 in
1813 1445 1959 1489 praesenti
1970 1444 2120 1489 angustia
2134 1469 2142 1478 .
2166 1444 2244 1479 Au·

1290 1492 1359 1529 divi
1378 1502 1489 1527 tamen
1515 1493 1606 1536 quod
1619 1493 1846 1529 RexFranciae
1855 1506 1915 1539 pro
1939 1494 2032 1529 vobis
2044 1493 2239 1530 sollicitave-

1290 1542 1332 1577 rit
1353 1543 1544 1578 Dominum
1565 1542 1708 1589 Papam,
1735 1544 1769 1579 δε
1792 1543 2101 1582 pontiniacensibus
2111 1546 2237 1590 gratias

1289 1603 1409 1638 egerit.

1341 1641 1465 1678 Audivi
1474 1643 1567 1688 quod
1585 1643 1771 1689 scripkritis
1795 1643 2239 1688 Archi-Episcopokemen·

1289 1694 1331 1734 fi,
1358 1705 1394 1728 ut
1406 1705 1453 1727 res
1465 1693 1583 1729 vestras
1603 1706 1658 1738 per
1682 1694 1869 1729 Flandriam
1892 1694 2037 1729 conduci
2048 1695 2167 1728 faceret
2181 1704 2240 1728 no-

1290 1742 1378 1775 mine
1398 1742 1475 1782 suo,
1501 1744 1589 1785 quasi
1610 1744 1671 1776 suae
1692 1745 1805 1777 futurae
1815 1752 1924 1776 erant.
1953 1744 2058 1790 Qod
2075 1745 2096 1776 si
2119 1754 2232 1779 vetum

1288 1791 1346 1831 est,
1374 1791 1474 1824 miror
1487 1791 1684 1834 plurimum.
1714 1791 1868 1826 Praeterea
1887 1791 2030 1833 dicitur,
2055 1792 2144 1835 quod
2157 1793 2233 1826 Fra-

1289 1851 1336 1875 ter
1356 1840 1465 1885 Hugo
1480 1839 1523 1876 de
1539 1840 1657 1875 Sancto
1677 1840 1856 1876 Benedisto
1867 1841 1998 1876 redierit
2007 1841 2049 1876 ab
2063 1842 2189 1887 Auglia
2215 1866 2230 1882 ,

1287 1891 1320 1926 dt
1343 1890 1476 1934 quidam
1499 1890 1575 1931 alii,
1603 1890 1788 1936 Legatione
1806 1892 1910 1937 Regis
1932 1891 2031 1925 nostri
2055 1892 2237 1937 fungentes

1287 1941 1329 1975 ad
1352 1941 1537 1975 Dominum
1557 1939 1681 1984 Papam
1705 1942 1739 1976 δε
1760 1942 1891 1987 Regem
1914 1943 2117 1977 Francorum
2142 1967 2154 1984 ,
2180 1941 2236 1978 sed

1288 1990 1367 2034 quid
1381 1991 1572 2032 attulerint,
1598 1991 1676 2026 scire
1685 1990 1848 2026 desidero.
1876 1992 2011 2026 Dicitur
2029 1994 2130 2027 etiam
2143 1990 2235 2036 quod

1290 2051 1381 2075 terra:
1399 2051 1510 2075 morus
1530 2048 1634 2085 nuper
1660 2041 1758 2076 fuerit
1780 2043 1812 2075 in
1836 2042 1960 2087 Anglia
1982 2043 2068 2076 circa
2092 2042 2238 2077 cantua-

1291 2091 1371 2125 riam
1386 2115 1397 2131 ‚
1425 2092 1459 2125 ὅ(
1474 2090 1708 2133 Londoniam,
1737 2093 1770 2127 &
1782 2092 1983 2127 vintoniam
1994 2116 2006 2133 ,
2033 2090 2086 2127 sed
2098 2091 2181 2127 mihi
2195 2090 2238 2128 do

1291 2142 1425 2174 veritate
1438 2153 1505 2175 non
1518 2141 1664 2176 constat„
1692 2141 1773 2176 Item
1785 2142 1906 2177 dicitur
1915 2167 1926 2184 ,
1954 2141 2044 2187 quod
2055 2143 2212 2187 Episcopi
2226 2166 2239 2184 .

1291 2189 1323 2222 in
1348 2201 1488 2231 quorum
1511 2191 1758 2235 Episcopatibus
1784 2192 1930 2227 Ecclefiae
1949 2192 2055 2227 vestrae
2077 2195 2171 2233 sunt,
2197 2193 2237 2228 in

1290 2240 1337 2273 eis
1354 2239 1454 2274 mode>
1465 2240 1722 2284 iurisdietionem
1743 2253 1897 2277 exercent
1909 2266 1921 2282 ,
1946 2241 1989 2277 eo
2011 2241 2100 2284 quod
2113 2240 2237 2278 Clerici

1291 2290 1384 2324 vestri
1398 2291 1532 2325 attoniti
1557 2304 1647 2325 nunc
1670 2293 1790 2326 mutire
1803 2303 1872 2326 non
1885 2291 2028 2328 audent.
2054 2292 2116 2328 Sed
2133 2287 2236 2327 miror

1290 2340 1313 2373 si
1327 2350 1438 2374 verum
1450 2339 1496 2373 est
1513 2363 1524 2380 ,
1550 2341 1608 2374 nisi
1623 2341 1697 2383 quia
1709 2341 1804 2374 facile
1815 2342 2006 2375 crediderim
2030 2353 2085 2377 eos
2101 2342 2238 2377 libenter

1291 2390 1374 2425 velle
1392 2390 1528 2432 irrepere
1546 2400 1754 2433 quocumque
1777 2391 1879 2424 modo
1893 2415 1904 2430 ,
1929 2401 1966 2424 ut
1980 2392 2178 2436 quandoque
2191 2392 2239 2427 di·

1291 2450 1363 2474 cere
1381 2440 1503 2484 poffint
1523 2440 1555 2473 se
1577 2439 1765 2484 possedisse.
1793 2441 1905 2479 Nam,
1930 2449 1967 2474 ut
1988 2439 2112 2480 audio,
2145 2442 2241 2476 Sefri-

1291 2490 1351 2525 dus
1362 2488 1569 2524 cicestrensis
1581 2500 1714 2524 vacante
1724 2489 1950 2524 Cantuarienfi
1973 2489 2115 2524 Ecclesia
2127 2490 2169 2524 sic
2183 2502 2238 2525 oc·

1291 2542 1423 2585 cupavit
1444 2540 1604 2574 Ecclesias
1625 2540 1719 2580 illas,
1745 2540 1788 2574 de
1810 2540 1929 2583 quibus
1950 2551 2040 2575 nune
2062 2540 2239 2624 contenssit

1292 2590 1448 2625 successor
1469 2589 1540 2632 ejus
1553 2615 1560 2622 .
1589 2588 1632 2623 Et
1655 2589 1732 2624 licet
1742 2589 1935 2628 incredibile
1952 2587 1989 2624 sit
2000 2590 2089 2634 quod
2108 2588 2174 2625 hoc
2205 2602 2241 2640 ,ει-

1292 2641 1406 2681 ciant,
1432 2639 1515 2674 mihi
1530 2651 1641 2674 tamen
1664 2640 1789 2674 bonum
1810 2639 1959 2679 videtur,
1984 2650 2021 2674 ut
2043 2639 2134 2679 vobis
2146 2640 2240 2684 pros-

1259 2735 1263 2737 Δ
1294 2691 1422 2735 piciatis
1443 2690 1528 2734 apud
1551 2688 1738 2730 Dominum
1762 2689 1908 2733 Papam,
1945 2690 2123 2733 impetratis
2136 2690 2240 2726 literis
2262 2713 2267 2716 ⁴

1292 2741 1360 2784 ejus
1380 2740 1568 2784 patentibus
1580 2763 1593 2780 ,
1620 2740 1660 2774 ne
1684 2740 1906 2774 Cantuariensi
1924 2740 2069 2782 Ecclesiae
2086 2738 2237 2784 imposte-

1294 2792 1366 2826 rum
1377 2800 1516 2832 noceat,
1542 2787 1702 2834 quidquid
1732 2788 1988 2833 tempestatehac
1999 2788 2148 2824 adversus
2160 2801 2234 2826 eam

1295 2840 1391 2876 fuerit
1414 2841 1624 2884 usurpatum.
1657 2839 1719 2873 Sed
1740 2850 1810 2883 quae
1832 2850 1990 2884 geruntur
2011 2840 2046 2874 in
2073 2840 2198 2884 Anglia
2220 2863 2236 2884 ‚

1295 2890 1407 2934 saepins
1428 2889 1549 2923 auditis
1573 2890 1606 2924 dt
1627 2888 1764 2923 certius.
1791 2887 1872 2923 Ideo
1885 2901 2019 2932 precor,
2047 2900 2084 2923 ut
2101 2891 2141 2923 de
2153 2891 2237 2923 statu

1297 2939 1582 2979 vestro&Curiae,
1610 2939 1695 2973 &an
1712 2937 1842 2979 Abbas,
1874 2951 1970 2982 quem
1995 2939 2162 2974 Dominus
2173 2939 2238 2973 Pa-

1296 3003 1335 3036 pa
1350 2991 1383 3024 in
1407 2989 1568 3034 Angliam
1590 2988 1785 3027 transmisit,
1810 2987 1939 3023 redierit
1961 2987 2093 3030 adhuc,
2121 2999 2240 3034 meper

1297 3042 1430 3075 latorem
1465 3039 1665 3083 praesentium
1693 3038 1875 3072 certioretis
1895 3063 1903 3071 .
1940 3037 2095 3074 Praeterea
2131 3039 2237 3075 nolite

1297 3089 1448 3126 oblivisci
1478 3089 1610 3123 verbum
1646 3086 1866 3132 Lugdunenfe
1887 3112 1900 3128 ,
1936 3090 2023 3124 unde
2042 3088 2238 3124 sollicitastis

1298 3140 1484 3175 Dominum
1497 3138 1682 3174 Henricum
1696 3134 1851 3172 Pisanum
1861 3163 1870 3171 .

1347 3189 1487 3228 Valere,
1512 3189 1545 3223 &
1566 3188 1712 3223 reducite
1733 3188 1773 3222 ad
1793 3189 1986 3223 memoriam
2011 3212 2024 3229 ,
2051 3188 2127 3231 quia
2146 3187 2239 3232 impi-

1298 3252 1355 3287 ger
1365 3239 1405 3274 ad
1415 3237 1609 3282 obsequium
1627 3238 1693 3271 Dei
1715 3238 1812 3272 fuerit
1832 3237 1975 3273 decessor
1997 3237 2096 3272 vester
2119 3249 2156 3273 ea
2170 3239 2237 3282 ipsa

1298 3293 1374 3330 die,
1397 3299 1460 3334 qua
1471 3287 1576 3323 obiit.
1605 3286 1749 3321 Valeant
1761 3298 1876 3322 omnes
1896 3286 2006 3322 vestri.
2032 3287 2156 3322 Salutat
2181 3298 2240 3321 vos

1301 3340 1413 3376 Abbas
1431 3347 1521 3372 meus
1539 3361 1550 3378 ,
1589 3337 1623 3371 ὃς
1644 3337 1825 3380 Episcopus
1852 3337 2095 3373 Catalaunensis
2115 3362 2126 3378 ,
2162 3347 2242 3372 cum

1302 3402 1368 3436 quo
1386 3390 1515 3424 locutus
1538 3388 1630 3428 sum,
1650 3396 1686 3421 ut
1710 3398 1812 3422 unum
1836 3386 1877 3432 de
1902 3387 2042 3422 Clericis
2065 3386 2175 3422 vestris
2198 3397 2244 3420 re·

1302 3441 1402 3486 cipiat
1423 3463 1435 3481 ‚
1468 3436 1525 3484 qui
1547 3436 1650 3473 libens
1670 3437 1853 3483 acquiescit
1872 3459 1883 3477 ‚
1920 3437 1956 3474 id
1988 3435 2159 3474 dumtaxat
2194 3446 2247 3479 pe·

2114 3495 2208 3527 tens,
