2358 3776
679 117 952 206 Rm'an
979 154 1080 202 -ET
1118 155 1582 205 VERBORUM.
1904 168 1999 224 389

182 251 321 291 scentia,
348 247 399 284 fed
412 249 466 283 illa
478 246 689 290 relinquenda
703 246 778 281 viris
804 242 1034 279 Ecclefiasticis
1060 268 1070 284 ,

184 301 217 334 ἀ
230 299 295 335 haec
308 297 508 334 vendicanda
521 297 735 342 jurisdictioni
747 295 849 340 Regis
859 319 870 335 ‚
898 294 1013 326 iterum
1025 294 1074 336 ju-

184 352 239 385 bet
253 352 341 395 Papa
354 349 480 384 moneri
495 349 627 394 Angliae
652 349 779 392 Regem
802 356 856 389 per
874 343 1074 387 Episcopum

185 397 472 435 Londoniensem.
971 400 1025 430 ¹01-
1043 405 1071 430 1·

136 450 355 486 Ecclefiarum
369 449 571 494 praesentatio
585 448 637 482 vel
650 446 825 482 advocatio
835 443 859 476 fi
871 441 910 477 ad
922 443 1012 477 litem
1025 455 1074 477 ve·
1098 456 1102 462 ·

184 503 294 535 nitent
306 525 316 541 ,
328 501 492 535 tractanda
506 509 572 533 erat
582 500 615 533 δι
635 495 838 532 terminanda
851 494 885 527 in
898 493 995 527 Curia
1011 494 1074 528 Re·
1099 494 1101 497 ’

183 553 236 595 gis
247 576 258 591 ‚
285 551 374 594 juxta
402 550 675 584 consuetudinem
715 546 848 590 Angliae
861 568 871 584 ‚
898 554 997 577 unam
1033 555 1072 577 ex

185 602 348 635 damnatis
360 599 401 634 ab
415 600 553 633 Ecclesia
566 624 576 640 ‚
604 610 659 642 per
672 595 895 631 Alexandrum
910 591 1025 638 11158.
1041 605 1069 629 1.

133 653 407 694 Edeardicorpus
420 651 505 686 inter
527 651 716 684 Sanctorum
736 656 872 689 corpora
893 644 1072 678 collocatur

182 701 434 735 aD.Thoma.
987 703 1072 730 11-1·
1129 738 1132 745 .

133 753 308 784 §Eduardus
323 754 410 784 Grlm
420 749 579 785 oriundus
600 749 634 782 in
658 745 800 780 Castello
820 745 905 782 disto
933 743 1074 780 Canthe-

185 802 287 844 burge
300 825 311 841 ,
342 799 621 841 nitens-impedire
635 797 752 830 vulnus
765 798 905 839 primum
927 794 1014 839 quod
1029 794 1070 826 D.

185 850 464 886 Thomaeinflixit
481 847 614 882 Urfides
635 847 804 886 carnifex,
829 845 969 890 graviter
990 843 1073 876 laedi-

186 902 288 934 turin
302 899 434 933 brachio
447 922 454 930 .
482 909 537 943 45.
551 908 582 932 2.
610 897 684 931 casu
698 908 827 931 venerat
838 895 877 932 ad
899 894 1069 929 visendum

183 950 227 982 D.
240 949 409 982 Thomam
422 972 428 979 .
979 950 1069 990 372.

135 998 390 1041 Eleemosynam
405 1000 509 1032 facere
532 1022 553 1038 ,.
568 996 612 1031 est
640 997 716 1031 dare
738 995 892 1040 pecunias
912 993 951 1028 ad
974 995 1073 1027 hone-

185 1049 267 1083 stam
281 1050 408 1082 usuram
422 1073 429 1082 .
462 1057 535 1094 157.
553 1058 580 1082 1.
609 1048 837 1090 Eleemosynae
849 1057 928 1088 quas
949 1045 989 1078 D.
1002 1043 1071 1076 Th·

189 1098 331 1133 faciebat
343 1098 514 1142 quotidie,
541 1099 702 1131 cumeffet
717 1096 1037 1138 Archi-Episcopus
1063 1117 1073 1132 ‚

184 1149 427 1184 anteexilium.
455 1160 487 1195 7-
505 1158 533 1183 1·
563 1145 635 1184 8.2.
662 1147 748 1181 Exul
768 1158 841 1184 cum
870 1147 955 1185 suis,
984 1143 1072 1177 Elee-

184 1199 332 1241 mosynis
344 1198 611 1242 adjuvarieguit,
638 1198 672 1232 δε
695 1197 823 1240 adjutus
846 1195 927 1230 fuit.
955 1204 1021 1240 145.
1050 1204 1073 1228 1-

182 1257 230 1295 v15
245 1259 319 1294 7.1.
351 1260 417 1295 157
442 1259 463 1286 ι
499 1257 622 1285 zio-2.

134 1299 320 1343 Episcopus
343 1299 374 1332 ἀ
397 1297 575 1336 Pontifex,
602 1298 635 1329 in
658 1298 747 1329 terris
768 1295 855 1328 vices
877 1294 961 1338 gerit
986 1291 1074 1326 illius

184 1347 361 1382 Pontificis
376 1371 386 1386 ,
411 1349 468 1389 qui
482 1348 579 1387 septo
591 1345 687 1377 nobis
708 1344 829 1378 obtulit
853 1344 887 1375 in
910 1354 963 1376 ara
995 1341 1073 1374 Cru-

183 1398 247 1430 cis.
275 1396 346 1443 Qui
360 1395 435 1428 vero
449 1394 537 1427 illius
552 1393 694 1426 nominis
705 1394 846 1436 gloriam
860 1393 943 1436 gerit
955 1417 965 1433 ‚
981 1391 1072 1435 poffi-

163 1446 304 1488 *detque
343 1445 503 1477 honorem
518 1466 529 1483 ,
553 1443 735 1484 fructusque
773 1442 892 1475 laboris
915 1466 926 1482 ,
953 1441 1070 1475 imitari

183 1496 285 1529 etiam
300 1493 396 1528 debet
411 1493 552 1537 primum
566 1492 659 1526 illum
684 1491 895 1527 Pontificem.
955 1503 969 1527 1
980 1488 1029 1527 18.
1045 1504 1072 1527 z·

134 1545 301 1589 Episcopo
315 1543 621 1587 proindeincumbit
637 1543 772 1577 resistere
786 1542 873 1586 usque
885 1543 930 1575 ad
949 1544 1071 1585 sangui-

184 1606 253 1628 nem
268 1606 326 1638 pro
347 1594 495 1627 libertate
521 1593 753 1628 Ecclessastica.
783 1593 836 1637 64.
851 1606 881 1629 2·
909 1593 941 1627 Si
965 1602 1072 1625 autem

187 1646 323 1679 timidus
336 1644 399 1682 est,
428 1646 535 1678 astum
561 1645 604 1678 est
627 1645 667 1678 de
690 1657 748 1678 eo.
780 1654 855 1691 315.
875 1655 901 1678 1.
929 1644 961 1677 Si
985 1643 1072 1675 verbi

129 1708 132 1711 ’
185 1695 283 1729 causa
296 1720 306 1736 ,
334 1707 401 1728 non
417 1695 514 1728 audet
527 1694 663 1728 refistere
678 1695 762 1738 Regi
779 1718 789 1734 ‚
816 1704 964 1727 metuens
986 1693 1072 1725 illius

175 1745 266 1779 ‘iram
281 1769 292 1785 ,
318 1745 442 1779 idcirco
466 1745 796 1779 condescendendum
820 1754 927 1788 putet,
956 1744 987 1777 ὅ(
1005 1742 1071 1784 jura

184 1797 242 1829 sua
253 1795 434 1839 mitiganda
445 1819 456 1835 ,
468 1803 711 1839 argumentatur
722 1796 756 1828 in
765 1796 852 1827 suam
865 1793 1050 1826 servitutem
1067 1805 1073 1824 :

186 1845 343 1889 ignorans
354 1845 442 1888 quod
459 1855 538 1877 tunc
555 1844 697 1877 maxime
708 1844 834 1886 fitopus
855 1842 1037 1875 constantia
1062 1866 1072 1882 ,

184 1895 244 1929 ubi
268 1894 357 1939 viget
379 1895 557 1937 persecutio
569 1918 577 1926 .
608 1892 661 1930 80.
678 1904 706 1928 1.
745 1893 874 1927 Similes
896 1893 1074 1934 Episcopos

183 1945 358 1979 tolerantes
371 1945 484 1986 impeti
497 1943 678 1977 libertatem
693 1943 952 1976 Ecclefiasticam
968 1966 977 1981 ‚
1005 1953 1071 1973 non

184 1994 342 2029 audentes
351 1993 515 2028 offendere
538 1993 666 2038 Regem
678 2016 690 2033 ‚
714 2001 880 2035 comparat
903 1991 992 2034 Papa
1016 1991 1071 2023 vili

189 2045 278 2078 Esau
290 2066 302 2082 ,
327 2046 383 2086 qui
397 2055 456 2087 pro
466 2043 711 2077 contemnendo
723 2042 818 2075 lentis
838 2039 951 2075 edulio
965 2040 1073 2074 vendi-

185 2087 237 2128 dit
252 2093 471 2137 primogenita
483 2118 491 2126 .
523 2104 540 2141 3
545 2103 597 2139 54.
606 2104 640 2128 2.
671 2092 867 2136 Episcopum
879 2103 957 2135 ergo
969 2091 1072 2129 decet,

184 2155 248 2178 nec
261 2143 365 2187 gratia
377 2167 389 2183 ,
402 2153 462 2176 nec
482 2154 592 2176 amore
603 2167 614 2182 ‚
642 2153 704 2177 nec
715 2153 802 2176 metu
823 2142 967 2176 officium
982 2142 1071 2174 suum

183 2192 353 2237 negligere
364 2216 374 2232 ,
405 2193 437 2226 ὃ(
452 2193 706 2227 Ecclefiasticam
729 2192 923 2235 postponere
945 2191 1071 2224 liberta-

184 2253 274 2284 ωιτη
303 2240 357 2275 sed
370 2253 428 2284 pro
449 2242 596 2285 justitia,
624 2243 702 2276 ficut
727 2241 929 2275 immobilem
948 2242 1070 2274 colum·

187 2304 265 2327 nam
280 2291 426 2326 Ecclefiae
437 2316 450 2331 ,
479 2293 657 2326 viriliter&
671 2292 858 2326 constanter
879 2293 911 2326 se
931 2302 1070 2334 oppone-

186 2353 222 2376 re
235 2368 244 2382 ‚
271 2343 303 2375 &
316 2343 379 2375 Dei
393 2343 546 2376 timorem
572 2341 726 2377 omnibus
747 2344 921 2376 anteferre.
949 2340 1017 2375 106.
1046 2351 1071 2376 1·

187 2394 230 2426 D.
244 2392 395 2425 Thomas
411 2392 546 2427 vocabat
563 2392 689 2438 Regem
702 2391 835 2436 Angliae
847 2392 950 2425 filium
965 2391 1074 2429 suum,

185 2442 203 2476 ἢ
216 2440 247 2476 se
259 2442 464 2476 monendam
477 2467 488 2482 ‚
513 2443 546 2476 ὅ(
559 2443 638 2476 dum
649 2442 788 2485 deliquit
798 2464 809 2480 ,
834 2440 1070 2485 castigandum.

186 2501 240 2538 97.
257 2501 284 2523 1.
314 2488 368 2538 98.
383 2494 455 2527 ισὸ
478 2493 559 2534 quod
576 2495 639 2524 Rex
660 2503 690 2524 es
704 2515 715 2531 ,
742 2491 850 2534 inquit
864 2491 880 2530 *‚
908 2500 1004 2523 teneor
1031 2490 1075 2522 ad

186 2546 389 2574 reverentiam
400 2541 486 2573 vobis
498 2555 509 2574 .-
534 2545 565 2574 τὸ
579 2540 743 2584 quodfilt'us
756 2564 766 2580 ,
793 2541 874 2583 officit·
894 2546 1009 2572 ratione
1030 2541 1073 2571 ad

187 2590 404 2633 castigationem
415 2599 514 2623 teneor
526 2592 561 2623 (9⁹
571 2597 784 2623 coercitionem.
812 2600 868 2636 97.
897 2602 923 2626 1.
950 2591 982 2623 &
1007 2589 1068 2622 Re-

186 2651 263 2685 gem
278 2641 445 2681 increpans
457 2640 502 2672 ait
516 2653 527 2673 .·
553 2640 625 2682 nosse
635 2639 750 2672 debetis
762 2650 815 2671 vos
830 2642 994 2682 Deigran'a
1008 2643 1070 2672 Re-

183 2702 253 2734 gem
262 2690 313 2732 esse
327 2714 334 2722 .
361 2693 419 2722 Vos
430 2688 530 2733 ipsum
541 2693 646 2733 Regem
657 2714 667 2729 ,
693 2695 849 2731 vitamque
859 2688 987 2728 vestram
1000 2713 1009 2728 ,
1022 2690 1068 2722 de-

187 2740 264 2773 bens
276 2744 397 2782 optimu
411 2739 575 2781 informare
586 2738 716 2772 moribus
732 2753 742 2772 .·
769 2748 803 2771 ut
824 2738 916 2779 vestro
939 2740 1069 2780 exemplo

178 2796 288 2827 ,caetert
297 2798 514 2831 provocentur,
532 2791 631 2831 juxta
649 2790 730 2822 illud
738 2788 885 2832 sapientis
895 2803 905 2822 :
931 2799 1068 2832 compo-

186 2841 277 2874 nitur
286 2839 388 2874 Orbis
401 2840 500 2883 Regis
512 2841 552 2874 ad
563 2839 749 2882 exemplum
762 2849 816 2885 97.
829 2847 859 2872 2.
883 2840 1043 2873 &iterum
1061 2864 1067 2870 .

186 2890 366 2931 Expellam
377 2890 537 2931 expec‘savi
549 2914 558 2929 ,
585 2900 618 2923 ut
629 2891 792 2922 intenderet
803 2889 885 2922 vobis
902 2892 1042 2921 Dominus
1058 2914 1067 2928 ,

189 2942 223 2973 ζ’]
236 2938 363 2982 convers
358 2952 390 2972 ut
402 2946 529 2982 ageretis
536 2945 744 2981 paenitentiam
757 2940 894 2972 recedens
906 2942 924 2971 ci
937 2946 990 2972 vla
1001 2948 1068 2980 per·

186 2988 277 3031 versa
288 3014 298 3030 ,
310 2991 345 3023 ὢ*
355 2987 563 3031 abscinderetis
577 2991 672 3023 latera
683 2988 779 3028 vestra
789 2998 892 3030 prava
907 3014 915 3027 ,
928 3001 1063 3030 quorum,

187 3050 221 3074 ut
234 3040 365 3072 creditur
377 3063 388 3079 ‚
415 3039 550 3080 instinc‘lu
562 3040 595 3072 Θ
605 3039 714 3082 consilio
726 3065 735 3079 ‚
755 3041 824 3080 jam
827 3039 900 3080 fere*
910 3038 985 3081 lapfi
1003 3040 1065 3078 estis

190 3096 223 3124 in
236 3089 440 3131 profundum,
465 3090 544 3130 quod
553 3088 623 3129 absit
633 3114 643 3130 ‚
669 3103 704 3124 ne
714 3096 746 3122 in
754 3089 939 3131 profundum
959 3091 1035 3121 illud
1058 3113 1067 3128 ‚

185 3142 224 3174 de
236 3151 294 3182 quo
302 3141 434 3179 dicitur,
455 3147 589 3182 peccator
611 3151 675 3173 cum
697 3146 813 3175 venerit
833 3145 866 3172 in
883 3140 1066 3181 profundum

184 3199 298 3223 corruet
311 3214 322 3230 ‚
970 3190 1023 3236 98.
1042 3201 1066 3224 r.

133 3239 316 3283 Episcopus
329 3240 473 3273 Ecclefiae
485 3241 545 3274 suae
565 3237 747 3275 intenderet
769 3240 878 3274 debet.
910 3238 1007 3273 Adeo
1031 3251 1064 3272 ut

180 3288 305 3332 praestet
315 3301 390 3323 eum
403 3299 548 3333 tempore
561 3291 788 3332 persecutionis
812 3301 939 3323 manere
963 3290 996 3323 in
1011 3290 1064 3323 sua

184 3339 266 3374 Sede
277 3362 288 3378 ,
316 3350 414 3383 quam
425 3341 537 3384 fugere
550 3352 556 3371 :
585 3339 625 3373 ne
637 3338 788 3375 cathedra
799 3341 919 3375 deserta
932 3350 1067 3382 occupe-

181 3387 266 3422 κατὰ
284 3389 413 3431 pejore,
439 3391 495 3433 qui
509 3389 605 3423 facile
627 3400 714 3434 genu
735 3401 847 3425 curvet
867 3401 941 3424 ante
953 3390 1029 3423 Baal
1057 3415 1063 3421 .

182 3437 238 3485 85.
248 3449 280 3471 2.
293 3438 510 3473 DThomam
521 3450 556 3473 ut
567 3450 715 3473 evocaret
729 3440 899 3475 Romanus
912 3440 1065 3475 Pontifex

179 3487 343 3534 rogabant
356 3490 452 3523 amici
464 3489 530 3531 ejus
543 3503 554 3523 .·
581 3489 633 3523 sed
648 3491 819 3532 respondet
830 3491 937 3536 Papa:
964 3489 1043 3525 abfit
1056 3514 1066 3530 ‚

233 3538 346 3580 Cbrtst.
359 3543 436 3582 Lupi
455 3544 554 3582 Opera
571 3543 649 3574 Tom.
675 3541 715 3573 X.

1186 243 1273 287 prius
1284 244 1438 278 finiantur
1460 242 1530 277 dies
1551 242 1671 285 nostri,
1698 259 1797 291 quam
1816 261 1876 286 nos
1895 251 2065 288 videamus

1185 303 1259 327 eum
1274 295 1316 328 fic
1326 295 1416 328 exire
1429 317 1442 335 ‚
1466 293 1688 328 &Ecclesiam
1714 299 1802 334 suam
1823 302 1865 335 fic
1887 301 2066 337 desolatam

1186 342 1367 387 relinquere
1377 369 1385 376 .
1967 363 2021 398 75.
2032 361 2066 388 2.

1132 392 1293 437 Episcopi
1304 393 1392 429 licite
1402 393 1512 437 jurant
1544 393 1693 439 Regibus
1713 392 1901 435 fidelitatem
1924 426 1936 442 ,
1960 402 2071 445 quoad

1151 468 1153 470 .
1186 443 1534 478 νίῑιωὸεωεωδηιδε
1560 444 1720 479 honorem
1756 447 1850 480 suum
1888 459 2068 490 terrenum.

1187 491 1264 539 298.
1276 506 1295 528 ι.
1309 493 1390 531 Non
1402 494 1522 528 debent
1533 505 1643 528 autem
1656 496 1687 528 se
1698 495 1847 539 obligare
1858 520 1868 536 ,
1881 506 1922 530 ne
1935 501 2068 539 quidem

1186 554 1245 585 pro
1258 546 1363 588 capite
1378 568 1390 585 ‚
1416 545 1474 578 nisi
1488 545 1577 579 salvo
1587 544 1713 580 honore
1727 545 1836 581 Dei&
1852 545 1970 580 ordine
1989 547 2048 583 suo
2059 574 2069 582 .

1185 603 1263 641 299·
1283 605 1311 629 1·

1137 643 1315 687 Episcopus
1324 643 1479 678 ordinans
1491 643 1667 688 indignum
1678 669 1689 686 ‚
1718 644 1958 689 suspendendus
1968 645 2013 680 est
2027 646 2070 681 ab

1184 694 1295 727 officio
1309 695 1380 727 suo.
1414 705 1489 741 137.
1515 706 1545 730 2.
1574 694 1737 738 Episcopo
1758 695 1893 729 debetur
1917 696 2074 731 obedien-

1186 742 1408 787 tiaasubditis
1433 744 1495 777 suis
1522 754 1625 791 ”3⁴2-
1653 745 1834 788 Episcopus
1848 757 1915 780 non
1929 746 2014 780 valet
2027 758 2076 781 re·

1186 795 1342 827 nunciare
1369 794 1579 837 Episcopatui
1601 807 1613 826 :
1653 795 1712 827 nisi
1736 796 1873 829 ratificet
1897 797 2072 831 Romanus

1184 843 1342 877 Pontifex
1369 867 1375 875 .
1409 842 1481 880 128.
1505 853 1537 879 2.
1578 843 1757 888 Episcopus
1789 846 2072 890 qualitercumque

1186 892 1354 937 delinquat
1368 917 1379 933 ,
1405 893 1589 927 dummodo
1602 906 1670 928 non
1683 895 1720 928 fit
1735 895 1900 929 haereticus
1913 920 1924 936 ,
1951 907 2010 935 nec
2020 896 2073 931 de-

1186 943 1263 984 bet,
1291 954 1349 977 nec
1372 944 1476 986 potest
1492 968 1503 983 ,
1527 945 1545 977 ὲ
1571 943 1725 987 potestate
1745 945 1883 979 saeculari
1909 946 2035 989 percelli
2061 970 2070 979 .

1187 1002 1263 1040 155.
1278 1005 1308 1030 2·
1337 993 1514 1036 Episcopus
1527 994 1697 1028 translatus
1707 994 1747 1028 ad
1757 994 1853 1030 aliam
1866 996 1981 1030 Sedem
1992 996 2075 1039 ejus-

1185 1043 1261 1077 dem
1290 1044 1471 1081 Provinciae
1485 1068 1495 1083 ,
1522 1055 1591 1078 non
1602 1044 1696 1078 debet
1719 1045 1831 1079 iterare
1851 1045 2073 1088 juramentum

1185 1092 1350 1128 fidelitatis
1373 1118 1383 1133 ,
1410 1095 1467 1127 suo
1493 1093 1882 1140 Metropolitanozquia
1905 1107 1960 1138 per
1984 1096 2075 1140 prius

1185 1144 1404 1188 juramentum
1427 1144 1625 1188 intelligitur
1652 1145 1846 1179 sufficIenter
1881 1145 2038 1189 subjectus
2066 1169 2075 1179 .

1187 1203 1259 1276 ῗιμ.
1278 1204 1311 1229 2.
1340 1193 1463 1237 Estque
1476 1193 1530 1229 illa
1545 1196 1750 1231 consuetudo
1776 1196 1935 1231 Romanae
1959 1195 2072 1279 &⁴2¹3

1199 1256 1258 1277 ize.
2002 1251 2013 1279 i
2033 1249 2043 1277 i
2068 1270 2076 1278 .

1141 1294 1292 1337 Episcopi
1306 1293 1501 1329 elestionem
1515 1297 1582 1330 fieri
1598 1308 1688 1331 extra
1699 1298 1908 1332 Provinciam
1917 1322 1927 1337 ‚
1937 1297 1982 1332 est
1995 1308 2073 1331 con·

1188 1351 1234 1375 tra
1249 1354 1393 1376 canones
1409 1343 1485 1390 360.
1501 1355 1527 1380 1.
1545 1345 1696 1389 Episcopi
1710 1346 1826 1382 eleffio
1836 1357 1904 1390 quas
1917 1347 1951 1378 fit
1964 1346 2076 1380 secun-

1186 1393 1264 1426 dum
1277 1403 1392 1426 nutum
1409 1391 1535 1437 Regis,
1563 1405 1631 1428 non
1653 1395 1698 1429 est
1714 1395 1832 1438 libera;
1860 1406 1920 1429 nec
1943 1394 2076 1438 Episco-

1189 1443 1219 1485 pi
1234 1451 1315 1476 tunc
1337 1443 1466 1486 eligunt
1481 1467 1492 1482 ,
1519 1442 1574 1476 sed
1596 1443 1688 1477 Rex.
1717 1444 1820 1491 Qod
1840 1445 1992 1488 iniquum
2013 1446 2079 1488 effe.

1188 1492 1527 1526 affirmatAlexander
1539 1492 1594 1526 111.
1608 1494 1649 1528 ad
1664 1494 1792 1539 Regem
1815 1496 1965 1539 Angliae.
1993 1504 2075 1543 249.

1188 1555 1218 1579 2.
1248 1543 1373 1577 ΕΙεᾶἰο
1397 1542 1598 1586 Episcopalis
1619 1556 1686 1578 non
1714 1545 1757 1578 est
1783 1545 1954 1580 Canonica
1975 1570 1986 1585 ,
2015 1546 2071 1580 ubi

1187 1592 1273 1626 adest
1287 1601 1386 1626 terror
1399 1594 1572 1627 potestatis
1584 1595 1692 1628 saecula
1703 1596 1744 1628 ris
1760 1621 1766 1627 .
1795 1596 1879 1632 28-1-
1902 1596 1939 1629 In
1955 1595 2080 1641 Anglia

1189 1643 1369 1686 Episcopus
1381 1643 1559 1687 eligebatur
1571 1645 1588 1677 ὲ
1601 1644 1860 1679 provincialibus
1875 1646 1977 1689 Episc·
2005 1659 2035 1693 5.
2051 1658 2078 1682 1.

1141 1692 1435 1737 EpiscopiAngliae
1457 1693 1554 1726 nullis
1578 1696 1608 1727 se
1633 1697 1812 1737 opposuere
1832 1696 2042 1738 Principibus
2067 1721 2080 1737 ,

1189 1753 1317 1786 propter
1330 1743 1416 1774 bona
1433 1743 1581 1775 Eccleliae
1593 1766 1603 1782 ‚
1617 1753 1724 1785 praeter
1736 1745 1993 1779 Cantuarienses.
2009 1747 2079 1792 ¹46·

1187 1804 1219 1829 2.
1234 1791 1386 1834 Episcopi
1410 1791 1541 1836 Angliae
1564 1795 1650 1834 prius
1671 1794 1815 1828 sentiunt
1835 1806 1910 1828 cum
1936 1794 1978 1828 D.
2006 1796 2077 1830 Th.

1188 1852 1299 1875 contra
1311 1842 1564 1875 consuetudines
1579 1842 1717 1886 Regales
1740 1854 1782 1878 12.
1795 1854 1825 1878 2.
1854 1844 1914 1877 Sed
1927 1857 1995 1879 non
2017 1844 2077 1880 diu

1189 1892 1362 1924 steterunt.
1394 1902 1444 1937 13.
1464 1902 1490 1926 1.
1521 1892 1699 1935 Epist-opos
1715 1893 1846 1937 Angliae
1866 1893 2005 1929 habebat
2029 1898 2075 1930 D.

1196 1941 1351 1974 Thomas
1363 1941 1492 1982 aliquos
1505 1944 1654 1975 occultos
1665 1944 1798 1976 amicos:
1813 1944 1887 1977 licut
1900 1945 2078 1987 jonatham

1188 1990 1302 2023 habuit
1315 1991 1422 2024 David
1434 2013 1444 2028 ,
1469 2001 1605 2034 corpore
1616 1995 1791 2027 versantem
1804 2005 1877 2027 cum
1898 1996 1993 2029 Saule
2016 1995 2074 2029 Pa-

1188 2051 1235 2075 tre
1248 2041 1327 2080 suo,
1355 2042 1408 2074 sed
1428 2050 1497 2074 tota
1524 2043 1644 2076 mentis
1664 2044 1842 2077 sinceritate
1860 2056 1935 2078 cum
1962 2046 2075 2079 David

1187 2093 1380 2124 exulantem.
1396 2099 1471 2137 155.
1484 2101 1515 2125 2.
1528 2092 1680 2136 Episcopi
1694 2094 1823 2138 Angliae
1835 2096 1866 2128 in
1884 2096 2019 2140 negotio
2034 2097 2078 2130 D.

1188 2139 1256 2173 Th.
1274 2142 1402 2173 fuerunt
1413 2143 1506 2174 causa
1520 2143 1620 2176 totius
1633 2143 1707 2177 mali
1724 2169 1730 2175 .
1759 2144 1824 2180 186.
1845 2157 1868 2180 1·
1883 2147 2002 2179 Clerici
2017 2147 2078 2179 mi·

1187 2191 1309 2224 serandi
1326 2191 1606 2227 subministrantes
1617 2204 1704 2227 arma
1719 2195 1903 2237 iniquitatis
1919 2222 1923 2227 .
1946 2206 2025 2242 292·
2043 2208 2075 2232 2.

1189 2241 1344 2274 Excitant
1358 2241 1484 2284 Regem
1499 2254 1613 2276 contra
1631 2245 1676 2277 D.
1690 2244 1874 2279 Thomam.
1895 2246 1947 2281 62.
1971 2259 2001 2282 2·
2014 2246 2077 2280 Sed

1190 2290 1343 2333 praecipue
1358 2288 1596 2325 Londonienlis
1609 2294 1641 2326 &
1671 2294 1879 2327 Eboraceosis
1903 2296 2078 2338 Episcopi,

1189 2339 1373 2372 ambientes
1397 2339 1629 2383 Episcopatum
1643 2342 1925 2377 Cantuariensem.
1941 2344 2077 2387 ibidseq.

1190 2390 1277 2431 Saepe
1287 2398 1510 2422 convenerunt
1521 2401 1635 2423 contra
1649 2392 1690 2423 D.
1706 2391 1793 2425 Th.1
1802 2403 1819 2436 5
1830 2403 1854 2437 3.
1875 2395 2079 2436 1.Signanter

1190 2439 1314 2472 veroin
1329 2438 1467 2481 Synodo
1479 2437 1761 2472 Northautunenfi
1776 2464 1786 2479 ‚
1813 2453 2012 2487 congregata
2022 2455 2079 2486 per

1189 2489 1329 2533 Regem,
1343 2500 1401 2531 pro
1411 2487 1475 2520 suis
1486 2488 1778 2522 consuetudinibus
1790 2514 1797 2522 .
1812 2494 1888 2522 Vta'e
1902 2494 2077 2535 Synodum

1190 2537 1511 2573 animalem-Erant
1523 2537 1641 2571 similes
1653 2538 1881 2574 Sacerdotibus
1892 2543 1923 2575 ἅ
1936 2542 2078 2587 Prophe·

1188 2589 1230 2622 tis
1240 2588 1335 2622 lsrael
1346 2611 1356 2627 ,
1382 2586 1399 2619 a
1410 2586 1526 2629 quibus
1537 2587 1677 2631 pollutio
1688 2590 1808 2633 egrefl‘a
1820 2592 1863 2623 est
1889 2593 1982 2636 super
2002 2605 2075 2627 om-

1187 2650 1262 2673 nem
1276 2647 1391 2671 terram
1403 2634 1482 2672 228.
1495 2648 1525 2672 2.
1552 2638 1721 2672 Damnant
1748 2640 1789 2672 D.
1814 2640 1883 2673 Th.
1907 2643 2036 2686 perjurii
2065 2657 2073 2676 :

1187 2687 1383 2722 confirmant
1394 2687 1643 2721 consuetudines
1656 2687 1858 2733 Anglicanas
1869 2704 1877 2733 3
1906 2693 2074 2736 appellant

1183 2738 1223 2772 ad
1235 2737 1356 2781 Papam
1370 2747 1483 2775 contra
1496 2738 1538 2771 D.
1550 2736 1720 2772 Thomam
1734 2764 1743 2780 ‚
1772 2751 1807 2774 ut
1821 2740 1876 2774 hic
1890 2743 2074 2786 deponatur

1189 2798 1240 2834 19.
1253 2797 1285 2822 2.
1308 2785 1443 2821 Vocant
1455 2799 1529 2821 eum
1545 2787 1762 2831 proditorem:
1794 2789 1880 2825 hanc
1896 2793 1925 2825 ei
1950 2793 2074 2827 calum·

1184 2839 1272 2871 niam
1283 2838 1489 2880 imponentes
1500 2838 1534 2871 in
1547 2837 1878 2884 faciem.seq.turpiter
1890 2841 2072 2876 debachan-

1182 2897 1358 2921 turcontra
1373 2886 1598 2923 D-Thomam
1611 2890 1745 2934 cognita
1759 2891 1860 2935 Regis
1874 2892 2069 2927 inexorabili

1182 2938 1488 2984 insolentia.302.1.
1502 2939 1624 2973 Coram
1640 2938 1727 2981 Papa
1739 2940 1921 2976 defendunt
1935 2943 2070 2986 Angliae

1180 2988 1431 3021 consuetudines
1445 3012 1456 3027 ,
1482 2999 1636 3032 rogantes
1648 3000 1700 3022 eas
1721 2991 1897 3024 corfirmari
1911 3016 1918 3023 .
1950 3002 2024 3038 139.
2040 3002 2068 3026 2.

1181 3036 1281 3081 (etseq.
1296 3038 1356 3072 Sed
1369 3038 1489 3072 ibidem
1504 3037 1754 3072 confunduntur
1766 3065 1773 3071 .
1797 3052 1852 3086 25.
1877 3050 1907 3075 2v
1931 3042 2068 3075 Confufi

1182 3090 1215 3121 in
1229 3087 1386 3132 Angliam
1399 3097 1601 3121 revertuntur
1612 3112 1623 3127 ‚
1651 3089 1714 3122 line
1728 3089 1957 3125 benedit‘tione
1971 3095 2022 3129 26-
2038 3104 2068 3127 2.

1182 3139 1315 3171 Diftant
1330 3139 1521 3171 sententiam
1535 3163 1545 3178 ,
1572 3138 1589 3170 a
1603 3137 1699 3182 Rege
1719 3141 1966 3182 pronunciatam
1982 3152 2067 3174 con·-

1181 3200 1227 3221 tra
1241 3188 1282 3220 D.
1295 3186 1465 3221 Thomam
1482 3212 1488 3218 .
1505 3196 1580 3233 135.
1595 3198 1613 3220 1.
1628 3188 1738 3222 Modo
1754 3190 1845 3232 ajunt
1857 3215 1866 3229 ,
1895 3189 1995 3223 modo
2013 3202 2066 3224 ne·

1180 3249 1277 3282 gant:
1304 3238 1474 3271 adnutum
1500 3236 1684 3281 Principis,
1713 3240 1799 3273 velut
1822 3239 1898 3272 servi
1921 3241 2062 3273 comici.

1182 3287 1457 3334 195.1.Verentes
1469 3285 1571 3331 Regis
1584 3288 1664 3322 iram
1680 3288 1893 3327 ‚occidebant
1905 3290 2064 3326 animam.

1178 3336 1255 3374 228.
1270 3349 1299 3374 2.
1310 3338 1397 3382 Quia
1408 3347 1475 3369 non
1489 3337 1652 3371 audebant
1665 3349 1723 3380 pro
1747 3337 1893 3372 libertate
1918 3339 2065 3374 Ecclefiae

1179 3388 1342 3422 offendere
1354 3386 1481 3431 Regem
1495 3411 1505 3426 ,
1530 3386 1880 3430 comparanturjudaeis
1892 3414 1902 3430 ‚
1916 3391 1972 3433 qui
1995 3401 2067 3424 cor-

1181 3438 1265 3482 rupti
1281 3438 1353 3469 sunt
1367 3436 1591 3480 peponibus&
1611 3436 1697 3469 alliis
1708 3437 1948 3482 AEgyptiorum
1962 3454 1973 3472 :
2000 3449 2065 3472 ma-

1181 3488 1283 3522 lentes
1297 3487 1429 3528 servire‚
1457 3487 1489 3521 δε
1511 3486 1685 3521 Ecclesiam
1698 3487 1870 3531 fatigariin
1895 3489 2063 3523 lut0&la-

1584 3535 1615 3568 K
1642 3534 1665 3570 k
1716 3546 1737 3582 3
1949 3548 2016 3573 tere
