2358 3776
460 157 550 203 168
667 183 706 192 ι,
840 190 843 196 -
1078 156 1638 208 EPISTOLAE

381 240 551 284 valemus,
577 248 644 288 qno
663 242 880 290 diligentibus
896 246 927 279 se
946 244 1059 279 omnia
1082 244 1334 289 cooperaturin?
1386 244 1534 286 donum,
1559 245 1615 293 cui
1635 244 1732 280 instet
1751 244 1786 280 dt
1803 243 1933 288 sedeat,
1959 250 2096 294 asportet
2119 251 2154 288 in
2175 252 2320 292 [donum

385 290 509 325 bonum
524 317 535 333 2
560 291 983 338 &salubridispensatione
1005 305 1177 337 procurat,
1204 305 1239 329 ut
1255 306 1326 331 om·
1385 295 1424 330 de
1444 291 1526 331 tetra
1550 296 1604 331 sua
1624 321 1635 337 ,
1673 296 1732 330 nifi
1771 295 1977 340 Prdphe'tieis
1992 296 2325 341 'oknnonibus2'hunc

377 342 435 390 nia
455 342 579 380 cedant
595 346 631 379 in
652 346 746 380 usum
769 344 924 387 sapientis
946 369 953 376 .
997 344 1202 388 Exposuistis
1242 342 1329 383 mihi.
1385 356 1500 391 purget
1522 347 1684 381 excefl‘um
1706 371 1717 387 ,
1742 346 1856 381 dicens
1877 358 1885 379 :
1914 350 2050 392 ,Quando
2072 355 2234 396 ingredtmr
2265 359 2325 389 Do-

381 395 507 440 vestra,
533 397 653 442 gratias
670 409 735 442 ago
753 420 763 435 ,
789 394 844 428 sed
866 394 1049 431 maximas.
1075 395 1237 444 Qaefistis
1248 396 1328 429 con-⁴
1355 402 1359 441 g
1383 401 1587 431 minus-meus
1607 398 1759 439 Templum
1771 397 1914 431 Remmon
1932 407 1967 431 ue
1986 400 2110 441 adom,
2123 400 2255 440 sermo
2274 411 2326 439 m.

379 445 823 490 fiiiummeumministerio*
845 442 991 489 magistri
1025 443 1190 488 Radulphi
1214 470 1221 477 .
1260 445 1327 479 Re·¹
1356 448 1358 453 ’
1383 451 1495 481 nitente
1513 446 1604 491 [εφη
1626 459 1748 482 manum
1769 459 1867 482 meam
1896 449 2062 483 adoravero
2093 452 2186 486 Dema
2215 467 2320 490 vnum

372 497 522 545 spondeo
544 499 633 544 quod
656 496 825 539 desidero,-
861 495 951 539 quod
973 495 1064 538 spero
1082 495 1128 529 de
1148 495 1321 530 misericor·
1382 501 1413 528 in
1434 498 1533 531 eodem
1553 498 1630 538 loco,
1655 509 1722 538 oro,
1749 497 1868 541 quasi»,
1895 507 1928 532 ut
1947 499 2078 543 ignosiae
2092 501 2321 539 mtbiDomtnm

370 549 430 584 'dia
452 550 543 587 Dei,
562 549 645 591 ''q'uia
660 548 694 582 dc
718 547 799 581 eitra
831 556 962 589 operam
974 555 1091 578 ‘meam
1114 547 1204 580 Deus
1227 545 1318 579 vobis
1376 543 1466 587 βψω
1486 556 1534 582 tuo
1549 547 1606 590 pro
1629 547 1684 580 bac
1703 559 1735 582 re
1749 573 1757 581 .
1784 548 1822 591 Si
1842 547 1921 594 ergo
1945 549 2076 585 tantum
2087 551 2319 599 timuit‘gemf.

373 600 511 634 salubria
536 595 743 642 providebit,
770 597 805 631 δε
823 597 951 631 utinam
972 595 1138 637 parvitatis
1171 608 1246 631 meae
1270 597 1321 630 of·
1382 597 1441 636 lis,
1467 597 1598 642 ignarus
1622 598 1725 643 legis,
1751 598 1913 644 quantum
1941 600 2056 635 timere
2086 600 2185 637 debet
2207 594 2319 641 Ptine.

371 650 453 684 ficio
476 647 811 695 Fraternitativestrae
849 644 1004 690 dignetur
1023 656 1156 690 erogare
1181 671 1192 687 ,
1229 646 1316 690 quod
1381 645 1500 690 sophus
1529 647 1760 688 Christianus,
1786 649 1914 684 Dostor
1931 650 2056 696 Legis?
2083 650 2191 687 Pon&
2202 654 2318 697 quiin·

373 701 415 738 ad
436 699 599 736 honorem
621 697 766 733 'w'reffrufm
788 695 956 737 conferat,
982 696 1134 740 expediat
1158 697 1198 730 ad
1221 696 1314 730 utili-

366 759 472 792 tates,
498 749 703 795 &proficiat
724 747 766 782 ad
789 746 949 780 salutem-,¹
974 746 1095 781 Dicam
1114 757 1195 792 ergo
1225 746 1312 790 quod

368 801 500 842 sentio,
526 810 563 834 ut
586 811 628 834 ex
650 797 852 833 conscientia
875 795 960 831 nihil
980 796 1166 833 subtraham
1201 798 1311 830 verita·

368 850 482 890 ti,⁴ea
505 850 570 885 fide
598 851 632 884 &
663 847 843 882 devotione
874 846 1042 881 vobiscum
1077 858 1179 892 agens
1201 872 1212 888 ,
1247 857 1311 890 qua

365 899 531 946 agendum
553 899 654 935 didici
673 909 749 932 cum
770 896 901 938 amico,
926 897 965 931 ἀ·
983 908 1047 941 qua
1061 898 1217 932 Dominis
1230 897 1311 931 meis

363 953 488 994 placere
509 948 682 985 consuevi.
722 946 893 993 Noveritis
916 947 1048 992 itaque,
1087 947 1176 991 quod
1197 948 1239 981 de
1264 958 1311 982 re-

360 1002 448 1036 ceffu
474 1000 579 1034 vestro
600 999 693 1033 variae
716 998 1036 1032 fuerunt'sententiae
1050 1022 1062 1038 ,
1088 998 1203 1032 multis
1213 1009 1309 1032 accu-

360 1044 508 1085 santibus
526 1072 537 1089 ,
575 1047 805 1083 excusantibus
819 1048 938 1093 *paucis
960 1048 1129 1083 transitum
1158 1073 1170 1088 ,
1209 1058 1306 1091 quem

355 1097 500 1132 fecistis.
529 1098 612 1133 Non
633 1098 724 1132 enim
747 1101 882 1131 noverat
905 1097 1085 1132 multitudo
1099 1122 1110 1138 ,
1136 1098 1216 1142 quid
1239 1099 1306 1132 ani-

355 1149 403 1182 mi
425 1147 588 1183 haberetis
603 1173 614 1188 ,
641 1159 712 1191 quae
735 1159 795 1181 vos
817 1158 943 1191 urgeret
968 1149 1133 1183 neceffitas
1147 1169 1178 1188 ·,-
1194 1158 1305 1190 quate-

356 1209 418 1231 nus
441 1197 533 1233 vobis
555 1198 728 1232 Romanus
739 1196 900 1232 Pontifex
922 1197 1100 1232 indulfiffet
1115 1222 1126 1238 ,
1143 1199 1232 1241 ,quid
1247 1199 1304 1233 uti·

354 1248 458 1283 litatis
479 1261 520 1282 ex
540 1246 638 1291 hujus
660 1249 754 1282 vestri
779 1247 1021 1290 dispensatione
1047 1248 1175 1282 consilii
1193 1258 1303 1290 prove-

352 1300 424 1332 nire
447 1298 542 1341 poffit
566 1298 732 1331 Ecclefiae.
762 1297 887 1331 Verum
921 1297 1090 1330 intuentur
1124 1296 1302 1332 schismatis

351 1348 503 1390 crimen,
529 1347 689 1381 malitiam
709 1355 823 1380 eorum
847 1347 887 1380 ad
908 1356 990 1389 quos
1013 1347 1189 1387 transistis,
1214 1349 1299 1391 peri-

350 1398 463 1434 culum
489 1397 689 1442 convivendi
710 1396 1022 1431 excommunicatis:
1054 1396 1108 1430 Ex
1123 1397 1205 1439 justa
1227 1408 1299 1431 cau-

349 1449 383 1481 sa
405 1448 439 1480 &
463 1445 561 1489 juste.
591 1447 634 1480 Et
653 1457 750 1490 quem
776 1445 890 1480 vident
931 1446 1161 1481 damnatorum
1181 1458 1293 1481 conta·

346 1495 672 1534 &ffiusimmisoerh
698 1495 882 1529 consentire
905 1507 1040 1539 quoque
1061 1497 1240 1539 opinantur
1252 1509 1299 1531 er-

345 1547 428 1580 rori.
460 1544 537 1590 Ego
564 1544 620 1587 qui
642 1545 784 1578 caussam
809 1545 945 1579 vestram
975 1545 1010 1578 &
1038 1545 1188 1580 animum
1225 1547 1298 1581 aliis

345 1590 544 1644 quibusdam
574 1594 768 1630 familiar-ius
790 1593 899 1633 novi,
935 1595 970 1628 in
1002 1603 1090 1637 parte
1124 1596 1298 1630 consentio

341 1646 579 1686 multitudini,
606 1643 659 1680 sed
682 1644 835 1679 dissentio
852 1645 889 1678 in
913 1655 1033 1691 magna
1058 1655 1177 1689 parte.
1206 1643 1296 1680 Nam

341 1697 435 1742 quod
465 1696 506 1730 ad
537 1694 717 1728 schismatis
748 1694 1084 1736 condemnationem,
1119 1694 1203 1730 τεᾶὲ
1229 1697 1297 1730 sen·

339 1745 520 1787 riuum-eo
591 1743 637 1787 od
671 1743 713 1778 ab
738 1744 838 1776 initio
863 1743 942 1786 legis
965 1744 1076 1783 clare,
1113 1755 1236 1788 quanta
1257 1747 1293 1779 fit

340 1794 469 1832 malitia
492 1795 535 1829 cri
576 1793 640 1828 inis
652 1792 768 1836 hujus,
795 1792 946 1834 constat,
971 1792 1049 1829 cum
1071 1793 1295 1829 schismaticos

339 1847 490 1890 primos,
516 1843 648 1884 Chore,
677 1842 834 1883 Dathan,
861 1844 895 1878 &
921 1843 1051 1879 Abiro'n
1079 1868 1091 1886 ‚
1116 1845 1149 1879 &
1178 1847 1303 1889 sequa--

343 1908 397 1931 ces
419 1905 532 1930 eorum
565 1894 693 1927 insueta
725 1892 903 1928 hominum
937 1905 1044 1929 morte
1077 1897 1302 1937 consumpto&

337 1946 464 1986 tradat,
492 1954 672 1987 eorumque
694 1943 974 1986 periculofiffimus
1007 1946 1052 1979 est
1087 1945 1255 1979 convistus
1278 1968 1289 1984 ,

336 1995 397 2029 nifi
420 1996 437 2029 a
460 1994 598 2029 crimine
619 2004 734 2028 eorum
756 1994 794 2027 fit
825 1994 1015 2028 manifestus
1039 1993 1105 2028 vita
1123 1995 1158 2028 &
1190 1994 1289 2028 verbo

336 2046 508 2080 dissensus.
537 2044 645 2079 Unde
662 2044 696 2078 in
719 2043 806 2079 libro
828 2054 1036 2078 numerorum
1050 2066 1060 2082 ,
1086 2044 1202 2077 scienti
1217 2055 1282 2078 ete.

335 2096 408 2130 nim
428 2096 463 2129 <Sc
482 2095 614 2129 docenti
630 2094 736 2138 legem
751 2094 893 2138 loquor,
919 2094 1057 2137 Moyses
1077 2094 1096 2128 a
1119 2093 1285 2129 Fidelium

335 2156 425 2180 coetu
446 2143 645 2188 Dathanitas
664 2145 698 2179 &
723 2144 917 2192 Abironitas
940 2143 1072 2187 ejiciens
1100 2169 1110 2185 ‚
1137 2144 1195 2178 ait:
1228 2147 1288 2177 Re-

335 2198 430 2231 cedite
451 2198 471 2228 ᾶ
496 2195 695 2230 tabernaculis
730 2194 881 2227 hommum
901 2200 1058 2236 impiorum
1082 2218 1093 2233 ,
1130 2196 1164 2227 &
1196 2195 1287 2226 nolite

339 2256 463 2290 tangere
488 2257 555 2289 quae
581 2246 626 2279 ad
645 2255 690 2278 eos
719 2249 871 2286 pertinent
898 2268 909 2283 ,
945 2255 981 2276 ne
1014 2245 1220 2276 involvamini
1254 2249 1286 2275 in

330 2302 461 2339 peccatis
483 2307 595 2330 eorm.
629 2294 690 2328 Sed
710 2305 769 2327 nec
795 2292 961 2326 sacrificiIS
983 2292 1098 2325 talium
1123 2292 1219 2335 culpa
1243 2303 1285 2325 re-

334 2346 472 2380 dimitur
496 2360 507 2379 .·
545 2342 632 2388 quod
656 2353 741 2386 patet
762 2354 802 2375 ex
829 2353 870 2376 eo
893 2342 1038 2385 capitulo
1072 2342 1152 2386 legis
1180 2366 1190 2381 ,
1227 2342 1282 2376 ubi

332 2394 449 2430 Chore
469 2395 662 2429 thurificans
681 2392 797 2426 Divini
815 2391 903 2436 ignis
928 2391 1083 2425 incendio
1118 2391 1261 2426 vastatur
1276 2416 1284 2424 .

339 2445 506 2479 Caeterum
540 2444 678 2478 societas
711 2442 888 2485 corporalis
924 2442 1035 2475 salutis
1068 2440 1280 2485 dispendium

335 2506 406 2529 non
439 2493 561 2538 ingerit
586 2493 650 2526 illis
669 2514 680 2530 ‚
714 2493 771 2535 qui
792 2492 838 2526 ab
858 2491 969 2535 impiis
1000 2492 1122 2535 pietate
1162 2490 1290 2527 diffen-.

334 2546 446 2586 tiunt,
472 2546 505 2580 &
524 2554 646 2577 errores
666 2542 805 2575 aliorum
820 2565 830 2581 ,
865 2551 932 2575 tam
954 2553 1089 2584 operum
1125 2541 1280 2575 dissimili-

335 2596 454 2629 tudine
476 2619 486 2635 ,
513 2594 611 2639 quam
633 2591 804 2625 verborum
827 2591 1071 2635 increpatione,
1093 2592 1281 2634 corripiunt.

335 2645 390 2679 Sic
411 2646 445 2678 in
466 2654 583 2687 quarto
607 2643 740 2686 Regum
766 2641 890 2675 Eliseus
924 2641 1010 2687 Regi
1031 2642 1124 2675 lsrael
1148 2641 1281 2676 idolola-

335 2695 435 2728 triam
459 2693 632 2727 detestatur
660 2715 670 2731 ,
707 2693 739 2725 δε
761 2692 790 2725 ei
812 2691 984 2725 oraculum
1006 2690 1190 2734 Prophetiae
1214 2704 1280 2726 non

335 2742 517 2778 subtrahit.
545 2741 608 2775 Sed
630 2741 709 2784 quid
734 2742 770 2773 fit
792 2764 803 2780 ,
837 2741 959 2783 quidve
999 2741 1140 2785 passurus
1170 2742 1206 2775 fit
1238 2754 1279 2776 ex

334 2795 476 2833 merito,
504 2790 610 2835 palam
634 2790 780 2831 loquitur
800 2813 811 2829 ,
847 2792 880 2824 ὃς
913 2789 1117 2833 proverbium
1150 2793 1278 2826 nullum

334 2845 435 2878 dicit.
463 2843 518 2878 Sic
531 2841 641 2884 itaque
664 2839 811 2882 potestati
834 2840 950 2881 defert,
983 2843 1025 2875 fic
1051 2853 1109 2884 pro
1131 2853 1277 2876 reveren·

335 2894 382 2929 tia
402 2893 534 2928 alterius
552 2889 725 2933 respondet
741 2889 853 2930 alteri,
879 2902 915 2924 ut
940 2902 1005 2924 non
1028 2892 1163 2936 Religio
1182 2893 1277 2936 jasiu-

331 2955 401 2979 ram
425 2943 523 2978 faciat
546 2967 555 2980 ,
582 2940 633 2974 sed
653 2940 739 2972 zelus
760 2941 919 2982 exprimat
950 2941 1143 2976 charitatem
1165 2967 1172 2974 .
1215 2943 1276 2976 Ait

333 2994 426 3029 enim
450 3006 461 3026 .-
498 2992 587 3035 .Quid
609 2989 682 3022 mihi
712 3013 723 3028 ,
749 2990 783 3022 (⁴5
805 2990 858 3021 tibi
882 2994 947 3021 Rex
975 2991 1089 3033 Israel.
1130 2994 1215 3026 Vade
1235 2994 1278 3026 ad

335 3043 505 3085 Prophetas
531 3045 632 3073 Patris
663 3045 706 3071 tui
729 3040 763 3072 <5
778 3042 892 3071 Matrts
907 3050 983 3072 tuae.
1014 3046 1100 3075 Vivit
1113 3045 1273 3084 Domimu,

334 3100 366 3127 in
385 3096 471 3132 cuius
495 3090 645 3134 conspeetu
667 3089 731 3128 sio,
758 3087 881 3131 quodsi
898 3099 955 3120 non
984 3093 1100 3124 vultum
1113 3092 1275 3137 Josaphat

333 3148 424 3188 Regis
442 3144 543 3186 Judae
566 3138 760 3180 erubescerem
777 3162 788 3179 ‚
814 3149 850 3171 ne
871 3140 1057 3180 attendtffem
1083 3143 1204 3183 quidem
1226 3152 1273 3182 te,

334 3205 385 3227 ηα-
402 3192 603 3237 respexzffem.
635 3191 757 3223 Eorum
787 3188 865 3222 vero
879 3189 1041 3222 sacrificiis
1057 3190 1276 3232 periculofiffi-

329 3243 404 3284 me,
427 3244 486 3283 ὃς,
511 3252 547 3276 ut
571 3242 694 3285 opinor
719 3264 729 3279 ‚
753 3250 821 3272 non
846 3239 910 3272 {ine
933 3239 1044 3272 salutis
1071 3239 1272 3276 detrimento

1379 705 1425 729 ter
1442 697 1522 732 tales
1550 697 1691 733 oeritatis
1720 700 1851 734 assertor
1872 700 1919 735 est
1949 723 1960 740 ,
2003 700 2123 736 Cultor
2151 701 2320 746 justitia»,

1379 745 1494 781 Divini
1514 747 1624 783 Praeco
1648 747 1760 792 judicii
1791 774 1803 790 ,
1854 750 1996 785 aliorum
2025 762 2095 786 non
2123 751 2318 798 inquinatur

1380 797 1518 830 attactu.
1546 798 1601 832 Sic
1621 800 1711 833 enirn
1734 797 1825 835 Loth
1847 800 1923 835 Deo
1938 801 2046 844 placet
2077 803 2114 836 in
2128 802 2319 844 «Sodomis,

1374 845 1491 890 Joseph
1504 847 1539 881 in
1551 848 1666 883 Domo
1684 848 1888 891 Pharaonis,
1914 849 2148 894 Moysesinter
2169 851 2320 896 AEthyo·

1374 907 1450 939 pes,
1477 896 1601 932 Chusai
1623 901 1657 932 in
1681 899 1824 935 consiliis
1844 900 1991 935 Absalon
2005 926 2015 941 ,
2043 902 2170 936 Abdias
2190 903 2226 937 in
2239 914 2316 937 con·

1373 946 1473 981 sortio
1496 947 1615 982 Achab
1634 948 1826 992 &Iezabeh
1855 951 1978 985 Daniel
1996 950 2102 986 aDeo
2112 951 2315 997 dirigitur&

1372 995 1522 1041 diligitur
1532 998 1567 1032 in
1589 998 1783 1043 Babylone.
1809 999 1928 1035 Meum
1948 1001 2058 1045 itaque
2077 1001 2250 1038 confilium
2280 1002 2317 1038 δε

1370 1045 1560 1082 defiderium
1580 1048 1636 1082 est>
1648 1048 1664 1088 ,’
1695 1059 1730 1083 ut
1754 1047 1789 1081 in
1810 1048 2032 1085 schismaticos
2052 1052 2086 1086 ὃς
2102 1051 2317 1087 haeretieosfi-

1361 1094 1443 1128 'dem
1455 1097 1628 1139 praedicetis
1637 1099 1670 1131 &
1683 1109 1809 1141 pacem,
1818 1109 1854 1131 ea
1868 1099 2022 1141 sapientia
2035 1101 2070 1134 δε
2080 1101 2318 1143 moderatione,

1369 1155 1437 1187 qua:
1457 1147 1553 1189 profit
1575 1146 1742 1188 Ecclesiae,
1780 1148 1813 1180 in
1833 1148 1925 1190 cujus
1943 1149 2074 1183 fortasse
2111 1152 2257 1186 utilitate
2279 1153 2315 1186 ὰ

1369 1195 1469 1229 salute
1493 1198 1662 1239 personam
1685 1197 1820 1232 vestram
1853 1198 2022 1233 Dominus
2057 1198 2098 1233 ad
2118 1197 2315 1237 hosabarbae

1368 1256 1419 1279 ros
1442 1246 1631 1281 destinavit.
1660 1247 1842 1291 Apostolus
1861 1249 2019 1284 omnibus
2051 1248 2226 1285 factumest
2242 1259 2316 1287 om*

1366 1295 1420 1329 nia
1434 1318 1445 1335 ,
1472 1305 1507 1329 ut
1530 1296 1713 1331 lucrifaciat
1736 1298 1920 1332 universos:
1948 1299 1983 1334 δε
2004 1309 2059 1342 pet
2098 1298 2312 1342 infamiam..

1363 1345 1396 1378 δε
1423 1344 1543 1379 bon'am
1565 1347 1686 1380 famam
1709 1371 1720 1387 ,
1755 1348 1790 1381 &
1812 1358 2022 1391 quacumque
2043 1349 2148 1392 potest
2170 1350 2311 1386 occafiov

1364 1405 1430 1435 ne,
1457 1393 1626 1430 Christum
1646 1398 1838 1431 annuntiet.
1868 1398 1922 1432 Sic
1947 1399 1982 1433 ἀ
2003 1410 2082 1439 vos,
2108 1399 2131 1432 fi
2153 1400 2310 1443 potestis,

1362 1443 1449 1488 apud
1473 1444 1706 1489 Imperatorem
1722 1472 1733 1488 ,
1760 1448 1838 1491 quia
1858 1448 1994 1492 potestis
2014 1449 2103 1492 apud
2125 1447 2310 1488 Coloniam

1363 1494 1455 1535 sem,
1479 1497 1680 1531 annunciate
1710 1495 1882 1532 Christum
1907 1521 1916 1531 .
1942 1498 2026 1532 Non
2046 1497 2094 1533 est
2114 1500 2238 1542 enims,
2269 1506 2309 1535 nt

1364 1543 1587 1580 fraudulenter
1604 1546 1776 1582 verborum
1801 1547 1918 1583 astutia
1939 1549 2035 1583 suum
2049 1555 2307 1595 tueanturerrsp

1356 1603 1448 1626 rem.
1477 1594 1662 1640 Redarguit
1685 1605 1743 1631 eos
1766 1597 1971 1633 conscientia
1994 1599 2070 1639 sua,
2094 1597 2180 1633 male
2201 1599 2306 1635 deeis

1361 1641 1455 1677 vobis
1490 1645 1666 1688 respondet
1685 1646 1787 1680 vestra
1810 1670 1822 1688 ,
1857 1658 1927 1681 non
1949 1647 2028 1682 dieo
2046 1647 2158 1689 quoad
2175 1648 2309 1693 dispe&

1361 1694 1523 1728 sationem
1548 1694 1707 1736 vestram,
1733 1694 1790 1729 sed
1811 1696 1922 1738 quoad
1942 1696 2305 1735 temeritatemmmnr.
2328 1723 2332 1725 >

1360 1743 1463 1778 Terra
1484 1744 1604 1780 clamat
1624 1743 1774 1779 adversus
1796 1757 1852 1780 eos
1872 1768 1884 1784 ,
1916 1745 1951 1779 ἀ
1973 1747 2185 1790 οκΐρεόὶεωε.
2198 1748 2304 1791 buni-
2347 1757 2350 1760 ·

1360 1790 1423 1825 no:
1449 1802 1560 1827 tamen
1580 1795 1646 1837 jam
1668 1796 1834 1834 enervari,
1859 1796 1892 1828 ὅτ
1913 1796 2075 1829 exinaniri
2092 1796 2306 1842 coapiantur

1356 1842 1419 1876 stas
1437 1853 1550 1876 eorum
1564 1868 1573 1883 ,
1601 1843 1635 1876 δ(
1656 1844 1754 1876 fastus
1776 1845 1938 1878 evanescit
1961 1845 1995 1878 in
2018 1846 2146 1880 firmum
2162 1854 2183 1879 ³.‡
2216 1847 2304 1895 Quis

1355 1892 1444 1926 enim
1479 1893 1593 1926 fimilis
1622 1904 1689 1927 erat
1712 1893 1884 1928 Frederico
1916 1893 1952 1926 in
1975 1893 2053 1929 filiis
2084 1893 2261 1932 hominum
2286 1915 2303 1939 ῃ

1354 1942 1532 1985 antequam
1552 1942 1586 1976 in
1606 1942 1813 1986 Tyrannum
1834 1953 2012 1978 verteretur
2033 1955 2074 1978 ex
2107 1944 2265 1991 Principe
2286 1969 2302 1988 ,

1352 1990 1388 2024 &
1405 2002 1448 2025 ex
1476 1991 1654 2026 Catholico
1676 1993 1874 2036 Imperatore
1896 1992 2119 2029 schismaticus
2141 2020 2153 2037 ,
2179 1994 2300 2031 &hn-

1355 2041 1473 2075 reticus
1494 2042 1612 2076 fieret?
1639 2041 1720 2076 Non
1742 2041 1819 2077 dico
1839 2043 1930 2088 quod
1953 2044 1989 2079 in
2007 2045 2154 2080 articulis
2177 2045 2300 2089 fidet,

1353 2101 1396 2124 ne
1416 2090 1499 2125 recte
1521 2091 1668 2126 credatur
1688 2117 1699 2133 ,
1726 2092 1863 2129 inducat
1888 2105 2052 2135 errorem,
2084 2095 2138 2130 sed
2159 2096 2237 2139 quia
2259 2097 2297 2132 in

1353 2140 1536 2176 sinceritate
1569 2141 1786 2177 Ecclefiastici
1816 2143 1943 2178 ordinis
1974 2144 2147 2188 procedere
2165 2154 2235 2181 non
2259 2145 2299 2181 fi·

1353 2200 1409 2224 nat
1431 2190 1599 2226 veritatem
1622 2217 1631 2225 .
1670 2191 1729 2226 llle
1757 2193 1984 2229 Sacerdotium
2016 2193 2112 2230 scidit
2143 2195 2297 2231 adversus

1352 2240 1540 2275 Dominum
1565 2266 1575 2282 ,
1612 2242 1646 2275 ὅ(
1670 2242 1688 2276 a
1712 2243 1863 2278 Domino
1884 2243 2046 2279 scissuram
2071 2246 2171 2280 sentit
2191 2246 2297 2290 Impo-

1351 2290 1409 2324 rii.
1436 2291 1489 2324 Sic
1510 2292 1545 2326 &
1567 2292 1643 2326 Rex
1666 2290 1855 2337 Anglorum
1877 2318 1888 2334 ‚
1924 2294 1982 2337 qui
2005 2295 2123 2329 vicinis
2142 2295 2296 2340 principi.-

1349 2338 1408 2374 bus
1429 2351 1585 2375 terrorem
1610 2341 1798 2383 incusserat,
1824 2354 1865 2376 ex
1890 2354 1957 2386 quo
1978 2344 2169 2380 calcaneum
2187 2345 2277 2381 erexi

1346 2388 1500 2423 adversus
1522 2390 1721 2430 Ecclesiam,
1748 2393 1783 2426 &
1804 2393 2038 2428 eaml'conatus
2070 2395 2116 2429 est
2137 2395 2239 2440 subjie

1346 2439 1514 2478 servituti,
1541 2439 1583 2473 ab
1608 2439 1788 2474 inermibus
1823 2439 2016 2475 hominibus
2046 2454 2254 2489 expugnatur
2279 2469 2292 2487 ,
2356 2471 2358 2473 ·

1345 2499 1380 2522 ut
1405 2489 1624 2532 adjacentium
1647 2490 1822 2524 nationum
1848 2487 1947 2533 opem
1967 2500 2104 2535 cogatur
2135 2494 2290 2538 implora·
2352 2510 2354 2512 ·

1343 2551 1398 2578 re,
1425 2539 1630 2576 &adversus
1651 2540 1840 2574 Dominum
1865 2541 2085 2575 intumescens
2107 2542 2198 2577 illico
2219 2556 2287 2580 ma·
2352 2548 2358 2557 ’

1345 2589 1460 2624 nifesta
1486 2590 1606 2623 virium
1628 2591 1756 2623 suarum
1783 2591 1817 2624 &
1839 2591 1970 2622 suorum
1991 2590 2085 2625 sensit
2108 2591 2288 2637 dispendia.
2350 2584 2354 2597 ⁶

1341 2638 1487 2673 Plurima
1502 2664 1512 2680 ,
1539 2650 1577 2673 ut
1599 2639 1765 2681 scripsistis
1787 2664 1799 2679 ,
1825 2637 2035 2674 machinatur
2056 2640 2166 2677 adhuc
2184 2667 2192 2676 .
2221 2644 2287 2680 Sed
2349 2668 2351 2670 -

1341 2689 1484 2732 profesto
1517 2698 1573 2730 aut
1611 2689 1748 2732 Spiritus
1779 2691 1914 2724 sandius
1935 2713 1946 2729 ,
1983 2690 2074 2732 quod
2093 2691 2283 2736 prophanus

1338 2740 1466 2779 credit,
1493 2739 1592 2773 fallax
1617 2740 1652 2773 δε
1671 2739 1771 2773 falsus
1790 2739 1836 2773 est
1856 2764 1868 2780 ,
1904 2749 1959 2772 aut
1990 2751 2202 2778 convertetur
2225 2743 2286 2780 do-

1339 2790 1389 2823 lus
1409 2789 1478 2832 ejus
1501 2789 1533 2822 in
1556 2800 1653 2832 caput
1674 2789 1767 2831 ejus,
1794 2790 1829 2824 ὃ(
1854 2790 1888 2822 ἰη
1910 2790 2065 2824 verticem
2088 2792 2186 2835 ipsius
2217 2793 2285 2828 iui-

1337 2841 1444 2882 quitas
1478 2839 1546 2882 ejus
1565 2839 1751 2873 descendet.
1778 2838 1817 2872 In
1841 2839 1963 2881 laqueis
1986 2842 2077 2875 enim
2101 2834 2167 2876 suis
2183 2840 2281 2880 com·
2323 2870 2330 2883 ,

1338 2889 1580 2932 prehenduntur
1598 2888 1722 2931 iniqui,
1752 2888 1787 2923 δε
1810 2888 1868 2932 qui
1890 2889 1981 2922 fratri
2000 2891 2131 2925 foveam
2166 2893 2280 2936 parat,
2334 2927 2336 2929 .

1336 2940 1455 2973 incidit
1476 2950 1548 2974 eam
1566 2937 1651 2983 prior
1664 2962 1671 2969 ·
1713 2937 1769 2970 An
1794 2949 1862 2972 non
1897 2939 2094 2974 meministis
2114 2942 2278 2987 scripturae

1333 2989 1493 3023 dicentis:
1522 2992 1606 3033 ,Qula
1621 2986 1736 3030 semper
1749 2988 1858 3032 jurgia
1881 2994 1992 3030 quaerit
2015 2992 2114 3024 malus
2138 3015 2157 3032 ,.
2187 2997 2281 3037 Ange-

1333 3040 1378 3072 lus
1399 3047 1496 3073 autem
1515 3038 1642 3072 crudelis
1664 3042 1803 3071 mittetur
1843 3047 1947 3072 contra
1970 3051 2056 3073 eum.
2086 3041 2163 3076 Mifi
2185 3043 2277 3076 litte<

1334 3100 1382 3123 ras
1402 3089 1518 3127 vestras
1542 3086 1693 3122 Domino
1712 3087 1938 3122 Cantuarienfi
1953 3113 1964 3128 ,
1989 3090 2044 3124 sed
2079 3092 2158 3134 quia·
2178 3090 2275 3126 Nun-
2319 3102 2335 3106 ⁴'

1332 3139 1421 3173 cium
1443 3138 1581 3173 vestrum
1605 3138 1689 3171 ultra
1711 3137 1812 3172 finem
1837 3139 1946 3173 Sancti
1963 3140 2108 3184 Remigii
2133 3151 2202 3175 non
2214 3153 2277 3185 po·

1331 3189 1377 3223 tui
1399 3190 1558 3228 retinere,
1584 3186 1793 3230 Responsum
1819 3189 1886 3231 ejus
1911 3189 2058 3223 nondum
2073 3200 2270 3239 acceperam.

1331 3238 1465 3273 Certum
1488 3235 1619 3281 quidem
1644 3237 1712 3277 est,
1740 3239 1829 3282 quod
1853 3238 2049 3273 officiositati
2074 3239 2179 3275 vestra:
2203 3241 2275 3285 pio-

335 3293 602 3328 communicatur
621 3304 631 3324 .·
669 3288 758 3334 quod
780 3300 824 3322 ex
848 3289 1027 3322 Canonum
1049 3288 1188 3323 lectione
1210 3291 1272 3334 ple·
1330 3290 1424 3324 rimas
1448 3288 1546 3322 habet
1565 3287 1706 3331 gratias,
1734 3300 1815 3331 quas
1833 3289 1867 3323 δι
1888 3299 1963 3333 aget
1988 3314 1999 3329 ‚
2038 3288 2177 3325 authore
2200 3292 2273 3325 Do-

331 3344 429 3383 ῃῑῂς,
456 3354 491 3377 ut
512 3341 615 3375 nostis
640 3364 651 3381 ,
679 3347 784 3383 patet.
813 3339 901 3373 Nam
925 3339 958 3372 δε
983 3337 1133 3371 Naaman
1149 3340 1271 3381 Syrus,
1330 3340 1440 3379 mino,
1469 3347 1604 3379 accepto
1630 3347 1780 3381 tempore
1809 3348 2018 3382 opportuno.
2046 3340 2125 3373 Hoc
2159 3349 2271 3375 autem

332 3393 512 3427 ministerio
534 3390 632 3425 Elisei
654 3399 782 3424 curatus
804 3388 823 3421 a
848 3388 932 3431 lepra
951 3411 962 3427 ,
999 3387 1141 3422 Domini
1168 3390 1214 3422 sui
1237 3392 1271 3425 δε
1313 3387 1367 3422 .de
1392 3389 1485 3423 Statu
1507 3387 1601 3429 ipsius
1629 3387 1722 3422 vobis
1755 3388 1978 3423 indubitanter
2001 3390 2153 3423 constet:
2186 3400 2269 3432 quo-

331 3441 436 3485 Regis
456 3443 554 3482 Syriae
571 3440 710 3484 publicis
729 3437 934 3473 orationibus
955 3438 1102 3472 interesse
1124 3450 1193 3472 non
1217 3451 1272 3473 au·
1312 3423 1418 3505 {niam
1439 3437 1539 3481 pluris
1557 3436 1623 3478 est,
1651 3437 1742 3481 quod
1765 3440 1799 3472 in
1824 3437 2000 3472 virtutibus
2023 3440 2057 3472 δε
2080 3438 2191 3472 litteris
2216 3446 2268 3473 ae-

328 3491 406 3532 det,
432 3490 490 3525 nili
516 3492 608 3525 venia
632 3490 823 3534 impetrata,
852 3488 911 3522 niu
928 3499 1014 3524 onus
1035 3487 1177 3524 duorum
1199 3488 1283 3532 bur-1
1314 3487 1484 3534 ·quifivjt‚
1508 3487 1606 3532 quam
1638 3488 1730 3533 quod
1752 3489 1783 3523 ei
1806 3486 1907 3533 Regis
1935 3489 1971 3523 δε
2002 3488 2266 3545 commalignan«

2140 3547 2224 3574 trum
