2358 3776
421 145 514 191 140

345 216 479 262 simplex
491 213 656 266 utriusque
671 212 771 260 partis
789 213 950 257 intentio.
977 215 1072 251 Hinc
1094 227 1163 251 non
1187 212 1291 249 domi.-

344 266 489 303 nationis
501 264 649 307 ambitu,
674 277 744 301 non
753 265 976 310 opprimendae
1001 265 1229 301 Ecclefiasticae
1249 264 1287 299 li-

1032 126 1586 181 EPIST-OLAE

1354 212 1465 249 misere
1482 213 1683 249 subvertatur
1698 211 1842 247 Ecclesia
1883 236 1897 254 ,
1923 225 1964 249 ne
1987 216 2154 254 Dominus
2167 217 2240 254 Rex
2252 218 2287 254 &e

1353 263 1522 299 servientes
1539 265 1570 298 ei
1584 262 1726 311 populi-a
1748 262 1867 302 vestra.
1895 263 1986 308 quod
2012 259 2112 310 absit,
2139 279 2287 304 avertan-

347 316 634 359 bertatisintuitu,
659 316 711 353 sed
726 313 900 357 solidandae
913 314 999 357 pacis
1016 316 1130 349 affectu
1155 315 1195 349 εό
1218 325 1290 358 prou
1352 314 1622 359 turobedientia,
1646 324 1689 347 ne
1710 322 1818 347 totum
1831 338 1843 356 ,
1866 313 1958 356 quod
1969 314 2165 359 privatorum
2187 320 2290 354 confi-

342 366 483 411 gress‘urn
502 367 568 408 est,
585 362 632 402 'ut
641 366 750 411 Regni
765 367 811 399 sui
836 361 1089 400 consuetudines
1104 365 1288 409 &dignita-

340 412 413 458 teS‚
437 416 585 462 Regibus
596 426 672 451 ante
693 417 728 449 in
749 415 869 459 Regno
889 413 1049 458 Angliaea
1074 416 1213 459 personis
1229 414 1287 448 Ec-

339 463 521 503 clesiasticis
540 466 722 501 observatas
735 488 746 505 ,
771 465 806 503 ἀ
818 462 951 508 pacifice
973 475 1013 498 ae
1036 475 1214 502 reverenter
1233 475 1289 498 ex·

340 515 481 557 hibitas,
508 516 678 552 Dominus
702 515 810 552 noster
833 515 907 549 Rex
927 511 1043 549 deduci
1058 514 1154 549 vellet
1165 515 1198 548 in
1222 524 1287 553 me·

337 567 429 602 dium
441 591 453 606 ,
480 567 512 600 δε
525 578 567 600 ne
578 567 670 609 super
683 564 734 599 his
755 565 980 600 contentiosus
1001 564 1090 598 funis
1108 561 1285 599 traheretur

338 616 575 660 imposterum,
602 615 727 652 notitiae
751 615 885 659 publicae
911 614 1054 659 delegari
1076 638 1084 646 .
1118 613 1284 658 Adjuratis

336 667 448 710 itaque
459 678 512 710 per
523 665 644 706 fidem,
670 665 704 699 δε
717 678 771 709 per
790 676 862 699 eam
875 675 946 707 quae
969 665 1004 698 in
1014 665 1123 699 Deum
1135 666 1204 709 spes
1224 664 1283 704 est,

336 717 516 760 majoribus
536 727 617 750 natu
641 715 828 759 Episcopis,
865 713 999 759 aliisque
1021 714 1134 760 Regni
1154 714 1284 758 majori-

335 767 420 806 bus,
445 766 593 802 retroasti
620 766 775 808 temporis
805 764 981 802 insinuato
998 764 1082 800 statu
1102 765 1281 811 dignitates

333 818 490 860 tequifitae
500 841 511 858 ‚
539 817 647 861 palam
660 817 788 860 prolatae
799 816 871 848 sunt
884 839 896 856 ,
907 815 940 851 δε
950 816 1151 850 summorum
1163 817 1197 849 in
1210 815 1274 850 Re-

332 877 403 912 gno
428 867 572 901 virorum
586 865 782 901 testimoniis
791 865 978 909 propalatae.
1006 866 1087 900 Haec
1097 867 1143 901 est
1163 864 1280 900 Domi·

329 917 367 951 ni
381 916 482 951 nostri
491 918 594 962 Regis
604 917 637 950 in
650 915 825 951 Ecclesiam
838 915 905 950 Dei
915 926 989 950 toto
1008 916 1088 951 orbe
1099 915 1278 950 declamata

330 966 523 1008 crudelitas,
552 967 619 1002 haec
632 966 673 1001 ab
693 975 735 1000 eo
745 966 947 1009 persecutio,
973 965 1189 1010 haecoperum
1209 963 1278 1007 ejus

329 1018 550 1060 perversorum
560 1016 753 1052 rumusculis
775 1016 921 1061 undique
933 1016 1103 1061 divulgata
1126 1014 1277 1060 maligni·

327 1076 396 1100 tas.
424 1068 462 1100 In
473 1065 524 1101 his
549 1077 659 1102 tamen
678 1064 854 1108 omnibus,
879 1066 991 1111 siquid
1013 1067 1110 1100 fuerit
1121 1065 1276 1110 periculo-

325 1116 396 1148 sum
408 1116 542 1156 animae,
567 1117 589 1149 si
601 1116 682 1162 quid
694 1116 957 1162 ignominiosum
971 1116 1118 1151 Ecclefiae
1128 1141 1140 1157 ‚
1162 1115 1275 1161 Regni

324 1162 373 1199 sui
399 1165 539 1200 consilio
556 1167 588 1200 se
610 1168 852 1208 correcturum,
883 1165 1063 1201 devotione
1084 1166 1273 1200 sanctissima

324 1214 448 1259 jamdiu
460 1217 505 1250 est
535 1216 724 1260 pollicitus,
749 1218 784 1251 δε
805 1215 1063 1252 constantissime
1083 1215 1270 1259 pollicetur.

324 1264 371 1298 Et
393 1265 521 1308 quidem
534 1267 624 1308 pacis
633 1277 784 1309 optatum
806 1268 908 1301 finem
933 1266 1065 1307 nostra,
1090 1266 1209 1307 Pater,
1235 1275 1272 1300 ut

321 1315 507 1358 speramus,
532 1314 724 1350 obtinuisset
748 1315 814 1358 jam
842 1315 1042 1360 postulatio,
1074 1315 1097 1348 si
1120 1326 1189 1349 non
1211 1315 1272 1349 iras

322 1364 391 1407 *jam
415 1364 566 1408 sopitas,
585 1365 620 1400 ἀ
642 1364 708 1400 fere
728 1366 855 1409 prorsus
876 1366 1059 1406 extinctas,
1088 1364 1193 1400 Patris
1212 1376 1271 1400 no·

318 1413 377 1448 firi
396 1414 539 1448 Domini
563 1415 809 1450 Cantuariensis
826 1415 868 1449 de
887 1426 977 1449 novo
999 1414 1174 1450 suscitasset
1195 1426 1271 1450 exa·

322 1463 492 1498 cerbatio.
519 1463 647 1501 Verum
664 1464 742 1505 hic,
775 1465 818 1499 de
839 1464 931 1507 eujus
955 1463 1114 1499 modestia
1130 1464 1271 1500 redinte-

320 1513 510 1560 grationem
532 1515 645 1557 gratias
676 1513 742 1547 huc
769 1515 870 1557 usque
895 1513 1097 1557 sperabamus
1120 1537 1133 1554 ,
1165 1514 1269 1557 ipsum

322 1573 421 1606 quem
437 1562 575 1597 monitis
585 1562 756 1602 emollire,
782 1573 880 1606 quem
895 1563 1063 1596 meritis&
1084 1565 1270 1597 mansuetu·

316 1612 398 1647 dine
419 1614 564 1656 superare
584 1612 762 1652 debuerat,
790 1623 846 1656 per
866 1612 1015 1646 tristes&
1027 1612 1186 1646 terribiles
1209 1613 1268 1646 lit—

314 1672 422 1703 teras,
447 1663 659 1697 devotionem
684 1662 793 1695 Patris
810 1672 866 1696 aut
888 1661 1065 1696 Pontifieis
1077 1663 1267 1706 patientiam

316 1712 459 1749 minime
494 1711 705 1749 redolentes,
730 1721 806 1743 cum
847 1711 882 1743 in
904 1712 992 1753 pacis
1028 1713 1264 1754 perturbatores

314 1761 625 1804 exercitumnuper
647 1768 756 1804 ageret
769 1783 779 1798 ‚
807 1758 886 1793 dure
908 1760 983 1793 satis
1003 1761 1037 1793 δι
1057 1761 1266 1795 irreverenter

311 1812 482 1858 ‘aggressus
507 1810 552 1844 est
576 1833 587 1849 ,
623 1810 658 1843 in
679 1809 781 1852 ipsum
814 1809 1170 1844 excommunicationis
1201 1811 1267 1844 sen·

314 1861 454 1900 tentiam
467 1882 478 1899 ,
502 1859 537 1893 in
552 1859 707 1903 Regnum
722 1858 791 1902 ejus
804 1859 966 1894 interdisti
991 1870 1121 1902 poenam
1132 1861 1266 1894 commi-

317 1911 449 1949 nando.
481 1908 586 1952 Cujus
598 1909 621 1943 fi
633 1908 674 1942 sle
686 1919 910 1944 remuneratur
921 1908 1090 1943 humilitas
1101 1934 1112 1950 ,
1138 1910 1217 1953 quid
1230 1910 1265 1943 iu

312 1960 547 1997 contumacem
566 1958 748 1993 statuetur?
774 1959 808 1993 Si
828 1959 872 1993 fic
892 1958 1066 1993 aestimatur
1088 1959 1265 1995 obediendi

312 2019 465 2059 prompta
476 2008 636 2048 devotio,
662 2009 697 2042 in
720 2007 917 2043 obstinatam
940 2009 1174 2052 perversitatem
1186 2020 1267 2052 quo-

313 2071 395 2098 nam
425 2058 526 2094 modo
547 2057 767 2093 vindicabitur
790 2059 802 2091 ?
839 2057 946 2093 Minis
966 2059 1268 2104 quoque-gravibus

316 2109 626 2155 superaddita-sunt
647 2109 794 2153 graviora
808 2133 815 2141 .
843 2108 1016 2157 Qosdam
1040 2119 1181 2153 namque
1193 2109 1269 2144 fide-

314 2162 366 2196 les
391 2161 426 2195 ὃ(
450 2159 629 2195 familiares·
646 2160 788 2194 Domini
811 2159 912 2193 nostri
937 2158 1064 2203 Regis,
1101 2159 1269 2203 primarios

311 2211 431 2256 Regni
457 2221 624 2254 proceres,
651 2209 769 2255 Regiis
780 2209 958 2252 specialiter
981 2209 1155 2243 affistentes
1169 2210 1266 2243 seere-

311 2262 382 2301 tis,
410 2262 595 2304 inquorum
623 2271 720 2294 manu
732 2259 866 2294 consilia
881 2258 1026 2303 Regis&
1049 2260 1183 2302 negotia
1205 2259 1269 2293 Re-

315 2310 376 2361 gni
397 2310 584 2356 diriguntur
603 2335 614 2351 ‚
639 2308 706 2343 n'on
725 2309 840 2343 citatos
863 2333 873 2348 ,
900 2319 968 2341 non
993 2308 1161 2348 defensos,
1187 2320 1268 2350 non,

315 2371 355 2396 ut
376 2361 489 2404 aiunt,
516 2361 619 2403 culpae-
636 2359 693 2393 fibi
718 2359 867 2393 conscios
889 2382 900 2398 ‚
928 2369 994 2390 non
1020 2359 1187 2392 convitiios
1211 2370 1267 2393 aut

318 2412 508 2451 confessos,
524 2408 878 2444 excommunicationis
901 2406 1076 2442 innodavit
1089 2408 1266 2449 sententia,

318 2461 352 2494 Β(
371 2460 676 2494 excommunicatos
701 2458 828 2501 publice
849 2459 1062 2492 denunciavit
1089 2482 1096 2490 .
1136 2458 1266 2501 Adiecit

318 2509 417 2544 etiam
439 2533 451 2550 ,
486 2520 522 2542 ut
545 2508 758 2542 venerabilem
781 2510 911 2542 fratrem
938 2508 1084 2542 nostrum
1108 2532 1118 2547 ‚
1152 2508 1268 2542 Domi-

318 2571 398 2595 num
420 2559 687 2594 saresberiensem
712 2558 936 2600 Episcopum,
973 2557 1138 2592 absentem
1164 2559 1197 2592 &
1220 2559 1267 2591 in-

320 2609 514 2649 defensum,
541 2620 609 2643 non
632 2608 809 2642 confessum
834 2618 889 2640 aut
913 2608 1124 2648 convistum,
1163 2608 1267 2643 Sacer-

321 2659 426 2692 dotali
446 2659 532 2700 prius
550 2658 584 2690 δε
598 2658 783 2701 Episcopali
797 2657 992 2701 suspenderit
1012 2657 1125 2691 officio
1137 2680 1148 2697 ,
1170 2670 1268 2702 quarn

319 2707 536 2751 suspensionis
553 2706 621 2749 ejus
651 2708 745 2740 causa
781 2707 1112 2751 comprovincialium
1135 2718 1192 2742 aut
1213 2710 1268 2743 ali-

321 2769 462 2802 quorum
486 2757 585 2790 etiam
611 2757 716 2789 fuisset
742 2756 876 2790 arbitrio
901 2756 1132 2801 comprobata.
1159 2759 1193 2793 Si
1214 2759 1268 2792 hic

320 2810 432 2852 itaque
448 2807 644 2851 judiciorum
670 2805 753 2839 ordo
777 2806 860 2840 circa
882 2806 1008 2851 Regem
1034 2832 1046 2848 ,
1078 2808 1163 2843 circa
1196 2809 1268 2843 Re-

321 2870 424 2903 gnum
450 2868 517 2892 tam
537 2853 724 2899 praepostere
744 2880 756 2896 ‚
791 2868 831 2888 ne
862 2856 1007 2891 dicamus
1045 2858 1229 2893 inordinate
1256 2883 1266 2898 ‚

320 2907 505 2952 processerit
523 2929 535 2945 ,
563 2903 720 2949 quidnam
750 2906 905 2949 consequi
935 2909 1022 2949 posse
1046 2908 1229 2951 putabimus
1254 2911 1267 2943 ἒ

320 2959 404 2993 Dies
418 2956 507 2991 enim
521 2955 598 2989 mali
624 2956 698 2988 sunt
711 2979 722 2994 ‚
747 2956 780 2988 &
799 2956 1002 2990 occasionem
1027 2957 1183 2993 habentes
1203 2970 1268 2994 ma-

320 3007 469 3053 lignandi
489 3006 586 3051 quam
609 3005 780 3048 plurimam
799 3030 809 3045 ‚
848 3006 906 3038 nisi
938 3017 973 3040 ut
1005 3018 1099 3042 tenor
1121 3010 1207 3052 pacis
1234 3010 1267 3043 δι

320 3059 456 3103 gratiae,
482 3056 638 3099 quoniam
662 3054 815 3099 Regnum
846 3054 879 3088 ὅ(
912 3056 1133 3092 Sacerdotium
1167 3060 1267 3103 usque

321 3107 426 3143 mode>
445 3106 638 3146 cohaerent,
665 3105 875 3148 abrumpatur
901 3128 912 3143 ‚
949 3106 983 3140 ὅ(
1002 3118 1061 3141 nos
1083 3120 1159 3142 cum
1177 3121 1264 3143 com.

321 3160 418 3193 misso
441 3157 537 3191 nobis
548 3155 647 3190 Clero
671 3155 705 3188 in
718 3155 945 3198 dispersionem
966 3154 1114 3189 abeamus
1138 3159 1229 3191 exilii
1256 3183 1268 3199 ,

320 3219 377 3243 aut
403 3207 421 3240 a
444 3207 545 3241 vestra
559 3232 569 3246 ‚
597 3205 687 3249 quod
701 3204 780 3239 absit
803 3229 814 3245 ,
849 3204 1006 3239 fidelitate
1023 3207 1207 3240 recedentes
1227 3209 1267 3242 ad

320 3257 502 3292 schismatis
524 3256 670 3295 malum,
697 3255 731 3288 in
764 3254 912 3298 abyssum
933 3255 1121 3298 iniquitatis
1141 3258 1175 3290 δε
1199 3258 1269 3291 ino-

321 3307 493 3342 bedientiae
522 3306 753 3350 provolvamur
777 3305 793 3336 ,ἲ
831 3304 1158 3348 Compendiosiffima
1180 3308 1268 3351 quip-

322 3356 362 3397 pe
384 3358 435 3390 via
455 3356 522 3390 haec
542 3356 587 3391 est
609 3355 650 3391 ad
671 3365 772 3388 omne
804 3354 994 3398 Religionis
1024 3353 1227 3398 dispendium
1255 3382 1267 3397 ,

319 3405 361 3437 ad
381 3404 468 3439 Cleri
494 3406 611 3448 pariter
632 3405 810 3449 populique
831 3403 1068 3439 subversionem
1088 3416 1126 3439 ac
1160 3407 1269 3441 interi-

321 3463 393 3490 tum
411 3478 419 3486 .
461 3453 566 3490 Unde
589 3466 630 3491 ne
661 3453 876 3500 Apostolatus
900 3454 995 3491 vestri
1025 3465 1171 3501 tempore
1198 3467 1267 3493 tarn

1351 362 1646 405 lioimachinatur,
1672 364 1766 407 poffit
1789 364 1824 397 in
1836 374 1897 398 nos
1915 364 2061 399 Domini
2074 366 2288 404 Cantuarien·

1349 413 1587 455 fis‘iracundia,
1611 413 1764 451 adversus
1773 414 2001 458 eum&ipsius
2013 415 2191 460 mandata,
2213 421 2286 454 Do.

1349 462 1445 499 mino
1463 466 1576 500 nostro
1587 463 1673 509 Regi
1695 475 1753 498 aut
1765 463 1886 509 Regno
1901 464 1973 508 ejus
1983 488 1995 505 ,
2021 464 2119 500 nobis
2127 476 2185 500 aut
2197 480 2288 504 eom.

1349 512 1449 554 missis
1470 515 1565 552 nobis
1586 514 1739 549 Ecclesiis
1758 525 1933 560 gravamen
1955 514 2089 558 aliquod
2110 515 2287 560 importan-

1349 563 1395 597 tia
1406 589 1417 606 ,
1442 565 1483 600 ad
1494 565 1727 599 sublimitatem
1741 565 1876 599 vestram
1888 575 1969 599 voce
1991 566 2026 599 &
2048 565 2168 609 scripto
2185 568 2288 611 appel·

1348 613 1510 656 lavimus,
1535 615 1570 649 &
1588 614 1819 659 appellationis
1831 615 2008 650 terminum
2030 615 2118 650 diem
2140 616 2286 652 Adscen-

1348 661 1446 698 fionis
1466 665 1654 700 Dominicae
1667 663 1909 709 designavimus
1920 689 1932 706 ,
1955 665 2114 709 eligentes
2135 666 2220 710 apud
2232 678 2290 702 vos

1347 713 1382 747 in
1391 724 1510 753 omne,
1537 715 1627 757 quod
1656 714 1816 750 sanctitati
1838 716 1947 750 vestrae
1968 715 2125 759 placuerit
2147 739 2159 756 ,
2183 715 2289 751 humi·

1346 763 1420 797 liari
1434 788 1446 804 ,
1471 775 1568 808 quam
1588 766 1629 800 ad
1655 765 1808 800 sublimes
1825 765 2034 809 animiipfius
2057 776 2192 807 motus,
2230 777 2290 801 no·

1346 812 1416 848 stris
1431 825 1498 848 non
1510 814 1543 849 id
1555 815 1764 860 exigentibus
1785 815 1928 855 meritis,
1954 815 2058 851 dedic
2069 818 2105 851 in
2127 817 2216 850 diem
2230 827 2288 852 ιω·

1344 862 1518 898 ἀίοίῑίϊίιηὲ
1528 867 1711 909 praegravari
1725 890 1732 898 .
1761 866 1940 900 Conservet
1952 866 2214 901 incolumitatem
2234 878 2288 900 ve·

1344 914 1441 948 stram
1452 938 1464 955 ,
1491 914 1641 949 Ecclesiae
1663 917 1770 950 suaein
1786 916 1886 960 longa
1899 926 2045 958 tempora
2071 918 2286 960 profuturam,

1343 963 1554 1009 omnipotens
1574 966 1666 999 Deus
1677 989 1688 1005 ‚
1713 967 1750 999 iu
1764 965 1896 1000 Christo
1906 966 2023 1001 dilecte
2034 965 2128 1001 Pater
2138 990 2147 999 .

1467 1060 1875 1102 EPISTOLA
1986 1064 2188 1101 CXXIX.

1468 1162 1638 1199 Alexandro
1660 1164 1756 1204 Papae
1776 1161 1905 1195 Thomas
1938 1162 2163 1208 cantuarienfis

1663 1211 1751 1246 Archl
1759 1231 1770 1238 -
1779 1211 1947 1256 Episcopus
1958 1237 1967 1246 .

1434 1311 1675 1348 BUTlTUR
1703 1313 1852 1348 Ecclesiae
1863 1311 2019 1358 patientia
2032 1313 2106 1349 Rex
2131 1312 2284 1359 Angliae,

1457 1363 1491 1398 ὅ(
1515 1373 1605 1398 tanta
1623 1363 1828 1399 immanitate
1848 1365 1883 1398 in
1903 1365 2061 1408 Sponsam
2084 1363 2208 1398 Christi
2226 1364 2284 1408 ju·

1338 1411 1422 1457 giter
1441 1412 1548 1454 saevit,
1576 1423 1612 1447 ut
1625 1413 1762 1454 Petrus,
1786 1414 1878 1458 cujus
1887 1413 2008 1450 fidei&
2031 1413 2103 1449 zelo
2117 1413 2174 1448 illa
2195 1425 2284 1450 com·

1338 1462 1430 1497 missa
1441 1463 1487 1497 est
1500 1487 1512 1503 ,
1538 1462 1685 1507 gladium
1706 1473 1844 1510 cogatur
1863 1463 2020 1505 educere,
2045 1464 2078 1498 &
2094 1465 2274 1506 perseeuto-

1337 1522 1410 1546 rum
1429 1511 1555 1548 Christi
1570 1513 1605 1546 in
1620 1513 1740 1548 virtute
1756 1514 1868 1548 Sancti
1884 1514 2023 1557 Spiritus
2044 1514 2206 1548 malitiam
2227 1524 2284 1548 eo·

1337 1558 1447 1595 hibere
1460 1586 1468 1594 .
1496 1562 1617 1597 Iterato
1636 1565 1727 1597 enim
1738 1564 1862 1608 rapitur
1885 1563 2035 1599 Christus
2051 1587 2063 1605 ,
2089 1563 2124 1598 ἀ
2143 1563 2185 1598 ad
2200 1561 2283 1605 (ἰωῇ

1337 1621 1409 1644 cem
1432 1610 1592 1651 trahitur,
1617 1612 1781 1655 Discipuli
1801 1612 2031 1658 disperguntur·
2055 1638 2066 1654 ,
2092 1612 2150 1657 qui
2170 1620 2282 1648 tamen

1336 1660 1378 1694 ad
1403 1660 1563 1704 impeturn
1575 1659 1715 1694 turbinis
1733 1672 1803 1696 non
1814 1661 2149 1704 abjeceruntornnino
2157 1661 2256 1699 fldem
2268 1683 2282 1704 2

1336 1711 1410 1744 aliis
1432 1711 1551 1745 iterum
1574 1709 1839 1747 machinantibus
1870 1710 2040 1755 quomodo
2071 1711 2179 1746 silium
2213 1712 2283 1747 Dei

1337 1760 1477 1801 prodant
1498 1761 1531 1792 in
1541 1759 1656 1793 osculo
1670 1760 1777 1802 pacis,
1807 1761 1840 1794 ὃς
1861 1761 1921 1794 sub
1941 1761 2019 1804 juris
2029 1758 2282 1796 obtentu&‘re·t

1336 1807 1479 1841 verentia
1492 1808 1574 1851 legis
1583 1807 1741 1850 justitiam
1755 1809 1914 1852 subjicere
1937 1811 2063 1845 valeant
2075 1834 2088 1850 ‚
2113 1811 2148 1845 ἀ
2167 1812 2283 1847 Deum

1337 1856 1485 1902 legitime
1498 1857 1709 1902 impugnare.
1734 1857 1823 1904 Qia
1843 1870 2007 1895 memmes
2017 1859 2118 1894 officii
2137 1858 2244 1895 nostri
2268 1882 2282 1902 ,

1334 1907 1542 1950 &judicium
1555 1907 1640 1947 Dei,
1666 1907 1700 1941 in
1712 1918 1780 1951 quo
1792 1909 1878 1943 nulli
1897 1921 2046 1954 parcetur
2067 1909 2192 1953 culpas,
2217 1911 2282 1945 for·-

1337 1957 1518 1997 midantes,
1544 1968 1603 2000 pro
1614 1956 1735 2001 justitia
1757 1959 1876 1993 mutire
1897 1960 1962 1994 aufi
1984 1961 2114 2002 sumus,
2139 1959 2280 1995 datisn-

1336 2017 1409 2040 mus
1421 2007 1456 2040 in
1467 2006 1646 2050 opprobrio
1671 2008 1802 2049 multis,
1829 2009 1965 2052 expositi
1987 2019 2045 2055 pro
2065 2007 2200 2045 Christo
2216 2020 2279 2053 pe*

1335 2056 1447 2090 riculis
1486 2055 1662 2098 omnibus,
1687 2057 1844 2100 tanquam
1865 2060 1992 2105 signum
2011 2060 2053 2095 ad
2089 2060 2242 2105 sagittam
2266 2085 2277 2093 .

1308 2115 1309 2118 ’
1335 2105 1493 2142 Tandem
1505 2105 1625 2141 addicti
1637 2106 1741 2142 exilio
1750 2118 1827 2143 cum
1837 2109 1992 2145 omnibus
2009 2109 2146 2151 nostris,
2174 2109 2280 2145 Cleri·

1335 2157 1423 2191 cis&
1443 2156 1574 2198 Laicis,
1600 2156 1790 2193 mulieribus
1801 2159 1834 2194 &
1845 2159 1985 2207 parvulis
1995 2183 2008 2201 ,
2033 2157 2198 2204 pusillis&
2211 2171 2278 2195 ma·

1334 2205 1481 2250 joribus,
1506 2218 1543 2242 ut
1565 2218 1625 2241 nec
1647 2209 1828 2243 reverentia
1845 2207 1974 2244 ordinis
1993 2233 2005 2250 ‚
2043 2220 2105 2244 nec
2122 2209 2276 2245 conditio

1334 2258 1446 2298 sexus,
1474 2268 1532 2291 nec
1541 2257 1643 2292 aetatis
1664 2259 1827 2294 miseratio
1856 2258 2035 2304 quidquam
2056 2262 2109 2294 irae
2127 2258 2277 2294 detrahe-

1335 2315 1382 2339 ret
1402 2317 1458 2340 aut
1482 2308 1601 2341 furori.
1629 2308 1731 2342 Multi
1755 2320 1867 2343 eorum
1893 2309 1957 2353 jam
1979 2310 2015 2344 in
2035 2309 2138 2344 exilio
2155 2309 2277 2344 monui

1334 2355 1426 2389 sunt:
1453 2367 1533 2400 quos
1546 2380 1556 2395 ‚
1584 2359 1742 2399 quoniam
1757 2359 1947 2394 innocenter
1958 2369 2016 2402 pro
2037 2359 2159 2402 justitia
2177 2359 2276 2403 patie-

1336 2405 1453 2439 bantur
1468 2430 1479 2445 ,
1502 2406 1702 2439 confidimus
1713 2408 1751 2440 ad
1764 2410 1908 2450 requiem
1918 2409 2105 2442 convolasse
2115 2433 2126 2449 ,
2151 2408 2187 2442 dt
2198 2419 2274 2443 cum

1333 2455 1443 2490 elestis
1463 2455 1610 2489 laborum
1632 2455 1763 2489 suorum
1775 2458 1924 2499 recepisse
1943 2457 2122 2491 mercedem
2137 2481 2144 2490 .
2170 2457 2276 2491 Pluri-

1333 2506 1378 2540 mi
1394 2503 1470 2538 vero
1481 2504 1587 2539 adhuc
1598 2507 1766 2548 expectant
1787 2506 2039 2540 misericordiam
2056 2506 2146 2547 Dei,
2173 2507 2208 2540 'm
2230 2508 2276 2541 sa-

1333 2555 1505 2596 me&siti,
1531 2556 1566 2588 in
1579 2556 1698 2600 frigore
1719 2556 1752 2589 &
1778 2556 1945 2590 nuditate.
1972 2555 2044 2590 Alii
2063 2565 2218 2590 tenentur
2237 2557 2273 2591 in

1333 2605 1472 2639 vinculis
1484 2618 1496 2638 .-
1523 2605 1609 2639 inter
1622 2616 1704 2648 quos
1716 2605 1915 2649 Capellanus
1926 2606 2033 2640 noster
2044 2604 2272 2651 Religiosus:,
2290 2622 2291 2625 ¹

1331 2656 1388 2699 qui
1403 2655 1445 2690 de
1456 2655 1654 2689 conscientia
1666 2655 1700 2689 &
1722 2656 1880 2690 consensu
1895 2654 1996 2700 Regis
2020 2657 2216 2690 remanserat
2236 2656 2272 2690 in
2327 2671 2330 2674 ⁴

1332 2705 1456 2750 Anglia
1471 2729 1482 2745 ‚
1510 2705 1578 2748 ipso
1590 2704 1660 2748 post
1670 2704 1760 2738 illam
1771 2730 1781 2746 ,
1807 2716 1905 2750 quam
1917 2705 2033 2739 dicunt
2045 2729 2056 2745 ,
2082 2704 2271 2749 appellatio-

1332 2766 1407 2790 nem
1425 2754 1601 2789 mandante
1612 2765 1739 2789 tenetur
1748 2755 1884 2789 afflictus
1897 2754 1930 2787 in
1940 2765 2066 2789 carcere
2076 2780 2083 2788 .
2109 2754 2270 2790 Haecom-

1332 2806 1388 2840 nia
1402 2803 1614 2839 sustinuimus
1629 2829 1640 2846 ,
1664 2814 1873 2839 tentantesan
1897 2813 1953 2848 per
1974 2805 2167 2849 patientiam
2181 2816 2270 2839 man-

1331 2854 1514 2890 suetudinis
1531 2856 1644 2889 nostrae
1655 2855 1812 2897 possemus
1819 2855 1932 2898 aliquo
1945 2852 2046 2889 modo
2056 2854 2207 2899 mitigare
2218 2856 2271 2889 sae‘

1332 2906 1446 2939 vitiam
1458 2905 1539 2948 ejus.
1566 2903 1628 2939 Sed
1638 2903 1764 2947 quanto
1788 2905 1879 2947 plura
1899 2905 2038 2946 patimur
2050 2929 2062 2944 ,
2087 2904 2181 2938 tanto
2198 2915 2270 2939 ma-

1326 2954 1382 3000 -gis
1393 2955 1554 2990 crudescit
1576 2953 1763 2989 immanitas
1774 2979 1784 2994 ‚
1810 2965 1846 2987 ut
1860 2952 1987 2997 publice
2006 2955 2144 2988 fateatur
2158 2955 2191 2988 se
2201 2954 2271 2988 nul-

1331 3004 1478 3039 lomodo
1501 3005 1589 3048 posse
1598 3003 1741 3047 placari,
1767 3003 1825 3037 nisi
1837 3005 1866 3037 ei
1886 3004 1926 3038 ad
1949 3014 2066 3038 nutum
2088 3015 2269 3049 exponatur

1333 3054 1476 3089 Ecclesia
1489 3078 1501 3095 ‚
1527 3055 1559 3088 ἀ
1577 3054 1618 3087 de
1638 3054 1797 3087 consensu
1811 3054 1914 3088 vestro
1935 3055 2132 3098 recipiantur
2149 3055 2269 3089 abom-

1333 3103 1427 3139 uibus
1447 3102 1719 3142 consuetudines,
1746 3103 1850 3137 immo
1862 3104 2079 3147 perversitates
2091 3106 2172 3144 suae,
2196 3114 2265 3137 non

1333 3152 1433 3189 mode>
1444 3152 1637 3188 Canonibus
1647 3153 1681 3186 ὅ(
1692 3152 1818 3197 legibus
1828 3154 1978 3195 adversae,
2011 3152 2063 3187 sed
2084 3152 2268 3197 Evangelio

1332 3201 1452 3239 Christi
1465 3203 1593 3246 penitus
1613 3201 1766 3237 inimicae.
1794 3204 1886 3251 Qia
1906 3215 1984 3248 ergo
2004 3214 2073 3236 non
2090 3204 2268 3247 acquiesci·-

1333 3264 1421 3294 mus,
1448 3252 1483 3286 δε
1495 3251 1702 3297 praedicamus
1714 3252 1790 3287 Deo
1801 3253 1910 3297 potius
1927 3252 2149 3287 obediendum
2172 3253 2268 3298 quam

1333 3303 1481 3341 homini,
1508 3302 1619 3346 quaerit
1630 3303 1775 3337 animam
1787 3303 1949 3343 nostram,
1978 3312 2015 3336 ut
2036 3314 2162 3337 cumea
2183 3303 2268 3336 aufe-

1333 3365 1380 3389 rat
1395 3353 1540 3389 Ecclefiae
1552 3352 1734 3386 libertatem
1748 3378 1758 3393 ,
1783 3355 1862 3388 &in
1877 3353 1998 3397 Regno
2011 3352 2067 3387 suo
2079 3353 2169 3388 Sedis
2180 3350 2268 3394 Apo-

1332 3404 1449 3439 stolicae
1460 3401 1635 3446 privilegia
1647 3403 1875 3448 usquequaque
1888 3402 2071 3437 convellat.

1382 3452 1462 3488 Hoc
1473 3453 1635 3498 proposito
1647 3463 1749 3498 nuper
1759 3454 1793 3488 in
1815 3453 1959 3498 capitulo
1971 3450 2168 3507 cistertiensi
2191 3461 2267 3493 pro—

2125 3510 2218 3534 ximo
