2358 3776
346 110 386 160 ’ἰ
405 112 459 160 18

296 297 334 330 in
356 295 493 328 eandem
514 292 651 329 haerefim
669 293 857 327 damnatam
877 291 1052 332 inciderit,
1088 303 1232 326 commu-

294 345 440 379 nicando
459 345 567 379 eidem
586 343 775 389 Reginaldo
796 342 992 375 Coloniensi
1017 339 1232 384 schismatico,

290 394 513 430 machinando
531 396 630 428 etiam
653 394 686 427 ἀ
708 391 900 426 fabricando
919 389 1031 424 omnia
1050 392 1134 426 mala
1157 402 1231 425 cum

289 444 502 484 schisntiticis
531 446 566 479 &
590 442 811 476 Theutonieis
834 440 898 474 illis
910 441 945 473 in
968 441 1144 484 perniciem
1167 442 1230 475 Dei

284 495 322 530 ἃ
343 495 514 534 Ecciefiae,
538 495 571 528 ὅ(
599 493 769 536 praesertim
794 491 943 525 Ecclefiae
966 490 1127 524 Romana:
1145 515 1156 531 ‚
1191 503 1230 525 ex

278 545 386 588 pactis
403 544 579 578 contractis
592 544 676 576 inter
698 542 887 577 Dominum
899 540 1053 584 Regnum
1067 541 1101 575 δε
1125 543 1228 584 ipsos.

337 594 676 628 Excommunicamus
693 593 794 627 etiam
818 590 1020 625 Richardum
1045 591 1085 625 de
1109 591 1192 626 Luci
1217 616 1227 632 ,

281 643 319 678 ἀ
339 644 521 687 Jocelinum
546 642 587 678 de
611 643 718 682 Baill,
742 643 798 686 qui
817 642 1012 685 pravitatum
1035 640 1226 676 illarumau·

280 692 436 730 thoros&
454 693 663 729 fabricatores
683 692 891 727 exstiterunt.

338 743 553 788 Radulpbum
575 745 675 779 etiam
695 743 738 777 de
758 742 864 781 Broc,
888 741 945 783 qui
967 740 1054 774 bona
1080 741 1224 775 Ecclesiae

280 792 549 834 cantuariensis,
583 805 655 838 quae
674 793 825 826 alimenta
847 790 887 824 de
905 791 975 834 jure
997 791 1070 824 sunt
1101 803 1224 835 paupe-

280 854 356 878 rum
377 870 388 886 ,
414 844 585 890 occupavit
605 845 637 878 ὅ(
656 842 800 881 detinet,
827 839 1039 885 hominesque
1061 842 1188 875 nostros
1213 866 1223 882 ,

276 903 351 928 tam
375 895 524 932 Clericos
548 894 643 939 quam
665 891 804 937 Laicos,
829 891 941 939 cepit,
963 890 998 928 ἀ
1017 891 1051 926 in
1071 893 1222 937 captione

280 952 392 980 tenet.

326 995 512 1040 'Hugonem
533 1005 666 1040 quoque
686 993 727 1029 de
760 993 868 1028 sansto
884 992 987 1027 Claro
1025 1016 1037 1033 ,
1073 989 1107 1026 δε
1128 991 1220 1026 Tho-

272 1053 366 1079 mam
390 1045 495 1080 filium
517 1045 692 1085 Bernardi,
719 1044 776 1088 qui
798 1043 942 1088 ejusdem
963 1042 1112 1077 Ecclefiae
1137 1044 1221 1077 Can·

274 1094 446 1132 mariensis
468 1095 554 1130 bona
576 1096 611 1130 &
630 1095 832 1139 possessiones
860 1094 981 1138 absque
1007 1093 1221 1128 conniventia

274 1143 387 1179 nostra
397 1156 640 1189 occupaverunt
652 1169 663 1186 ,
677 1145 847 1180 ‚dtsstenent
858 1168 866 1178 .

328 1196 518 1238 Omnesque
542 1191 641 1230 etiam
656 1193 778 1239 ⁵qui1de
798 1194 914 1229 cietero
938 1194 972 1228 in
987 1194 1221 1236 possessione&

277 1243 369 1279 bona
390 1244 536 1280 Ecclesia
558 1245 798 1278 Canruatienfis
818 1253 934 1277 contra
945 1244 1150 1277 voluntatem
1165 1255 1220 1277 no—

274 1294 375 1328 stram
397 1295 430 1328 ὅ(
449 1291 642 1328 consensum
670 1304 785 1327 manus
815 1294 976 1327 violentas
1005 1294 1221 1335 extendent,

273 1344 390 1378 eadem
412 1342 766 1378 excommunicationis
785 1344 942 1377 sententia
964 1341 1197 1377 innodavimus
1211 1368 1221 1384 ‚

275 1394 368 1437 juxta
393 1394 475 1428 illud
496 1394 594 1437 Papa
617 1393 733 1428 Lucii:
759 1397 872 1427 Omnes
895 1391 1028 1435 Ecclesia
1048 1401 1182 1434 raptores
1210 1417 1221 1433 ,

271 1453 365 1485 atque
379 1442 502 1485 suarum
518 1443 704 1485 facultatum
720 1444 907 1476 alienatores·
921 1445 941 1475 ἃ
962 1442 1114 1475 liminibus
1146 1441 1221 1487 ejus-

272 1493 344 1527 dem
367 1496 477 1524 Matris
500 1491 633 1533 Ecclefiae
653 1491 946 1526 anathematizamus
959 1514 971 1531 ,
999 1492 1181 1525 damnamus
1205 1517 1216 1533 ,

270 1551 361 1583 atque
377 1538 536 1583 sacrilegos
555 1544 611 1583 effe
630 1542 802 1582 ,iudicamus
816 1566 824 1573 .
853 1541 896 1574 Et
918 1551 986 1574 non
1011 1541 1116 1574 solum
1129 1553 1186 1575 eos
1210 1564 1221 1580 ,

271 1590 328 1626 sed
352 1589 451 1624 etiam
473 1590 520 1623 eis
537 1590 802 1623 consentientes:
828 1589 904 1637 quie
922 1600 991 1623 non
1014 1589 1143 1623 tantum
1162 1590 1220 1633 qui

270 1640 398 1679 :faciunt
418 1640 462 1674 rei
485 1639 672 1683 judicantur
691 1663 702 1680 ,
739 1639 791 1673 sed
814 1638 912 1673 etiam
933 1638 991 1684 qui
1023 1638 1219 1674 facientibus

270 1690 482 1725 consentiunt
495 1714 503 1721 .
530 1689 591 1723 Par
613 1690 703 1724 enirn
727 1700 823 1733 poenn
842 1689 877 1723 δε
895 1690 1220 1733 agentes&consen-

259 1742 391 1776 <tientes
411 1738 680 1784 comprehendit.
711 1739 755 1772 Et
767 1736 844 1774 alibi
856 1738 938 1772 dicit
950 1739 1119 1782 scriptura:
1151 1741 1218 1782 ,ραι

271 1790 415 1835 consentit
427 1790 617 1832 peccantibus
639 1814 650 1831 ,
676 1790 710 1824 et
730 1790 822 1822 alium
850 1795 1019 1831 peccantem
1044 1787 1180 1830 defendit
1206 1814 1217 1830 ,

272 1839 448 1876 maledictus
471 1846 529 1874 erit
552 1841 638 1883 apud
659 1842 754 1873 Deum
778 1838 814 1874 θ
830 1837 963 1872 homines
989 1863 1001 1879 ,
1033 1843 1216 1880 corripietur-

269 1903 328 1935 que
341 1896 539 1933 increpatione
545 1889 722 1934 saeviffima.
749 1889 793 1924 Et
806 1887 943 1923 iterum:
971 1890 1216 1931 siquispeccan-

270 1951 333 1979 tem
354 1941 492 1984 defendit
502 1966 514 1983 ,
541 1941 639 1975 acrius
649 1941 743 1982 qucim
750 1944 803 1982 qui
808 1943 949 1981 peccavit
958 1947 1122 1972 coerceatur
1132 1943 1142 1971 .“

320 1991 450 2027 Sanein
470 1991 614 2026 Domini
626 1988 729 2035 Regis
740 1990 910 2034 personam
925 1989 1005 2022 ferre
1025 1988 1216 2022 sententiam

271 2040 382 2077 adhuc
404 2040 613 2081 distulimus,
638 2041 856 2084 exspectantes
875 2038 897 2071 si
919 2036 1006 2073 forte
1028 2038 1154 2073 Divina
1169 2038 1218 2072 in-

274 2091 419 2135 spirante
443 2090 549 2134 gratia
569 2089 746 2132 resipiscat.
773 2089 810 2123 in
823 2089 977 2132 proximo
999 2097 1110 2122 tamen
1133 2087 1216 2121 latu·

269 2141 300 2177 ri
329 2151 424 2180 eam,
450 2139 508 2172 nisi
527 2138 624 2174 citius
635 2137 811 2182 resipuerit.
838 2139 882 2172 Et
894 2137 972 2172 inde
984 2136 1029 2172 est
1041 2138 1130 2181 quod
1144 2138 1215 2172 Fra·

272 2190 419 2225 ternitati
438 2189 551 2224 iefflae
573 2190 766 2224 mandamus
780 2211 792 2228 ‚
824 2197 923 2232 atque
944 2187 979 2220 in
998 2186 1117 2220 virtute
1140 2186 1216 2221 obe-

269 2239 403 2276 dientioe
420 2237 622 2284 ptaedpimus
640 2262 651 2278 ,
676 2237 838 2282 quatenus
872 2238 959 2284 viros
989 2245 1179 2278 ptaetaxatos
1203 2259 1215 2276 ,

271 2290 331 2335 qui
351 2289 370 2323 ὲ
392 2287 491 2326 nobis·
519 2285 797 2324 excommunicati
818 2286 893 2319 sunt
922 2305 950 2323 ,»
973 2294 1030 2317 vos
1049 2293 1180 2327 quoque
1206 2310 1216 2326 ‚

272 2342 371 2386 proni
387 2339 505 2379 decet,
531 2336 837 2373 excommunicatos
857 2333 892 2368 &
913 2331 1057 2367 habeatis
1070 2359 1081 2374 ,
1105 2333 1216 2382 ἀβε-

270 2389 420 2424 nunciati
440 2388 569 2423 faciatis
590 2412 600 2429 ,
637 2386 728 2430 juxta
749 2384 830 2419 illud
852 2385 1032 2418 Decretum
1066 2383 1214 2418 Honorii

271 2439 367 2482 Papae
388 2450 397 2469 τ
431 2442 522 2471 Curae
538 2437 578 2480 fit
597 2436 732 2471 omnibus
767 2433 926 2478 Epi-(copis
960 2440 1218 2467 excommunicato-

272 2502 340 2525 rum
360 2493 481 2521 omnino
500 2485 695 2520 nominatam
707 2490 819 2519 vicinis
838 2482 1014 2528 Epifiopis,
1041 2485 1133 2526 quam
1152 2483 1217 2527 suis

337 196 496 231 Similiter
516 191 552 228 ὃ(
572 190 750 228 Ricardum
781 190 906 227 Deibes
925 191 1161 227 denunciamus
1183 203 1235 225 ex·

291 245 602 284 communicatum,
627 243 661 276 ⁴&
681 243 1068 283 excommunicavimus,
1093 244 1134 276 eo
1147 242 1234 285 quod

1419 241 1828 278 EP18TOLA
1925 242 2105 281 XCVII.

1294 342 1446 378 Thomas
1467 342 1708 378 Cantuarienfis
1733 339 2052 388 Archi-Episcopus
2073 345 2231 381 omnibus

1590 393 1760 438 Episcopis
1783 391 1933 438 Angiiae.

1316 492 1444 526 Thomas
1468 497 1524 527 Dei
1538 499 1643 539 gratia
1673 492 1898 535 Cantuarienfis
1922 492 2056 535 Ecclefiae
2071 493 2204 536 Minister

1413 543 1532 578 humilis
1556 544 1771 578 venerabilibus
1794 544 1960 578 Fratribus
1983 548 2105 578 CantIae

1439 596 1606 629 Provinciae
1619 592 1774 638 Episcopis
1788 593 1934 637 univer-fis
1939 593 2078 638 salutem.

1359 693 1375 726 1
1400 705 1547 729 curamus
1568 696 1629 729 esse
1656 693 1746 739 quod
1757 695 1917 735 dicimur,
1947 695 1980 729 &
2002 693 2100 728 nostri
2123 693 2230 728 nomi-

1374 744 1443 784 nis,
1469 744 1526 787 qui
1548 746 1747 789 appellamur
1768 745 1921 789 Episcopi
1951 744 1984 778 &
2004 744 2186 779 Pontifices
2209 769 2222 785 ‚

1289 793 1376 827 nosse
1399 794 1551 828 volumus
1569 795 1839 840 significationem
1861 820 1872 836 ,
1908 805 2039 839 oportet
2075 805 2136 828 nos
2155 794 2225 838 jugi

1287 843 1508 880 sollicitudine
1528 847 1727 879 confidetare
1751 846 1783 880 ἀ
1805 845 1926 886 imitari
1951 845 2085 890 vestigia
2104 844 2193 878 illius
2210 866 2222 883 ‚

1284 894 1339 936 qui
1363 892 1522 928 Pontifex·
1541 897 1573 928 in
1586 895 1854 930 aeternumaDeo
1866 895 2063 929 constitutus
2075 895 2106 929 se
2117 895 2222 937 ipsum

1286 953 1343 985 pro
1366 943 1459 978 nobis
1479 940 1568 979 Patri
1589 940 1711 980 'obtulit
1736 947 1768 978 in
1791 956 1842 978 ara
1861 944 1989 985 crucis,
2022 945 2058 979 δε
2078 944 2120 979 de
2141 944 2225 977 sum-

1285 1003 1336 1026 ma
1355 993 1513 1028 coelorum
1531 990 1681 1029 omnium
1706 995 1833 1037 specula
1850 995 1938 1028 astus
1968 995 2002 1028 &
2025 996 2152 1029 adinum
2176 994 2226 1029 in-

1284 1042 1572 1088 tentionesjugiter
1583 1044 1762 1087 speculatur
1776 1069 1786 1085 ,
1811 1044 1945 1077 tandem
1957 1043 2137 1090 unicuique
2155 1042 2225 1078 red·

1283 1092 1407 1127 diturus
1428 1094 1605 1129 secundum
1627 1104 1722 1137 opera
1742 1095 1815 1127 sua.
1841 1091 1944 1127 Vices
1962 1092 2051 1127 enim
2083 1091 2170 1128 illius
2188 1093 2225 1126 in

1281 1143 1371 1176 terris
1392 1144 1550 1188 gerendas
1571 1144 1787 1185 suscepimus,
1824 1141 1934 1186 adepti
1955 1143 2063 1177 sumus
2082 1140 2229 1187 glorians
2272 1182 2275 1185 ¹

1283 1194 1448 1233 nominis,
1475 1192 1635 1228 honorem
1659 1191 1998 1234 frustusquelaborum
2011 1191 2226 1235 spiritualium

1283 1244 1504 1286 temporaliter
1527 1244 1745 1287 possidemus,
1773 1243 1943 1285 Apostolis
1966 1243 1998 1276 ὅ(
2027 1241 2227 1285 Apostolicis

1281 1293 1360 1328 viris
1382 1294 1417 1327 in
1441 1292 1652 1327 Ecclefiarum
1686 1293 1822 1338 fastigiis
1844 1293 2073 1331 succedentes,
2107 1300 2143 1325 ut
2167 1303 2226 1325 no·

1283 1343 1347 1377 stro
1368 1342 1558 1377 Ministerio
1582 1344 1703 1387 peccati
1724 1344 1756 1377 &
1782 1343 1893 1376 mortis
1915 1341 2095 1376 destruatur
2120 1342 2223 1384 Impe-

1282 1393 1390 1432 rium,
1416 1393 1451 1427 &
1474 1395 1506 1426 in
1533 1393 1597 1427 fide
1617 1394 1650 1428 δε
1683 1393 1825 1436 profesto
1860 1394 2019 1427 virtutum
2043 1391 2227 1425 coalescens

1280 1442 1454 1477 aedtficium
1486 1442 1608 1478 Christi
1631 1446 1749 1478 crescat
1771 1444 1805 1477 in
1840 1443 1999 1485 templum
2023 1443 2166 1476 faustum
2186 1441 2223 1475 in

1271 1491 1453 1527 Domino.
1485 1493 1526 1527 Et
1551 1493 1683 1537 quidem
1710 1493 1947 1537 Episcoporum
1969 1492 2093 1526 multus
2104 1491 2149 1525 est
2165 1501 2226 1525 nu-

1282 1551 1404 1576 merus.
1431 1542 1501 1590 Qi
1523 1541 1664 1577 docendi
1684 1543 1717 1578 &
1739 1539 1891 1587 pascendi
1912 1540 2170 1577 sollicitudinem
2189 1541 2224 1574 δε

1282 1589 1470 1624 instantiam
1490 1590 1736 1639 ¹diligentiorem
1759 1593 1961 1635 promisimus
1993 1593 2028 1626 in
2058 1591 2227 1626 consecra-

1280 1639 1391 1680 tione,
1417 1641 1450 1675 &
1473 1639 1576 1675 verbis
1597 1640 1748 1684 quotidie
1770 1642 1959 1683 profitemur
1979 1665 1989 1680 ‚
2014 1639 2067 1673 sed
2097 1641 2230 1674 utinam,

1279 1690 1358 1723 fides
1380 1690 1632 1732 pollicitationis
1648 1690 1689 1725 de
1720 1689 1911 1724 testimonio
1944 1691 2051 1733 operis
2073 1687 2226 1722 convale-

1282 1740 1364 1772 scat.
1393 1739 1505 1773 Meffis
1530 1741 1640 1783 itaque
1662 1741 1765 1773 multa
1790 1740 1835 1773 est
1859 1764 1869 1779 ,
1897 1750 1957 1772 nec
1977 1739 2018 1772 ad
2040 1750 2110 1772 eam
2130 1737 2233 1772 colli‘·

1279 1791 1421 1832 gentiam
1439 1788 1471 1822 δε
1483 1789 1750 1835 congregandam
1766 1789 1798 1820 in
1813 1787 1963 1821 horreum
1985 1787 2126 1821 Domini
2139 1798 2224 1826 unus

1280 1838 1436 1872 sufficeret
1459 1848 1514 1872 aut
1536 1840 1655 1881 pauci.
1684 1838 1734 1871 Ex
1747 1849 1814 1882 quo
1827 1839 1898 1882 lege
1910 1838 2033 1872 Divina
2052 1837 2154 1880 coepit
2166 1837 2222 1882 agi

1278 1886 1426 1931 Populus
1448 1888 1481 1922 in
1504 1888 1720 1924 Hebraeorum
1740 1889 1909 1922 dumtaxat
1923 1898 2021 1932 gente
2034 1887 2218 1928 consistens,

1277 1937 1398 1980 judices
1423 1939 1568 1981 oportuit
1591 1937 1821 1981 multiplicari,
1854 1939 1886 1973 δε
1908 1938 1970 1972 effe
1994 1938 2098 1980 plures
2120 1938 2222 1971 corre0'

1281 1998 1388 2030 ptores
1409 1989 1585 2029 vitiorum,
1610 1989 1644 2022 ἃ
1664 1999 1792 2022 morum
1818 1990 2036 2022 correctores:
2066 1987 2142 2030 quia
2155 1986 2223 2021 Le-

1278 2037 1412 2082 gislator
1436 2037 1522 2071 solus
1546 2049 1643 2072 tantae
1666 2033 1888 2072 muititudinis
1914 2050 2012 2072 onera
2045 2049 2112 2071 non
2134 2047 2226 2081 pote-

1280 2098 1327 2120 rat
1350 2086 1524 2121 sustinere.
1552 2088 1650 2122 Eiesti
1670 2090 1741 2122 sunt
1766 2088 2058 2132 itaquemancrante
2070 2082 2232 2123 Domino*

1281 2136 1481 2180 septuaginta
1495 2138 1635 2172 seniores
1645 2163 1656 2178 ‚
1684 2139 1718 2173 δε
1729 2138 1856 2172 adducti
1871 2138 1911 2172 ad
1923 2138 2042 2172 ostium
2054 2137 2226 2171 Taberna-

1279 2183 1365 2226 culi,
1394 2188 1482 2230 quod
1504 2187 1727 2233 praefigurabat
1753 2187 2185 2230 Ecciefiam.›Acceperunt
2203 2186 2224 2221 a

1280 2235 1354 2269 Deo
1377 2246 1497 2278 partem
1518 2238 1645 2282 spiritus
1667 2238 1776 2281 Moysi
1790 2262 1800 2278 ‚
1828 2248 1882 2281 pet·
1899 2248 1994 2281 quem
2007 2236 2230 2283 lexintelligif

1279 2297 1330 2318 tur
1341 2297 1375 2318 ut
1390 2287 1640 2329 prophetarent,
1665 2288 1699 2322 δι
1719 2287 1837 2332 Populi
1859 2287 2082 2322 examinarent
2094 2285 2229 2322 &deci-

1278 2335 1390 2368 derent
1401 2336 1535 2369 caussas:
1567 2337 1741 2379 majoribus
1762 2347 1870 2370 tamen
1884 2337 2050 2370 reservatis
2064 2361 2074 2377 ,
2099 2336 2229 2371 δτι-εὴ·-

1279 2384 1384 2419 tendis
1406 2384 1445 2418 ad
1471 2395 1611 2419 examen
1632 2385 1745 2425 illius,
1771 2386 1822 2419 cui
1844 2386 1944 2418 totius
1970 2385 2051 2429 legis
2073 2397 2138 2418 erat
2158 2381 2229 2419 cre-²

1279 2435 1345 2468 dita
1366 2433 1566 2478 dispensatio
1589 2459 1595 2467 .
1626 2435 1667 2469 Et
1692 2433 1714 2468 fi
1737 2434 1904 2477 scripturas
1927 2435 2161 2477 perscrutemur
2177 2439 2225 2467 at-

1280 2483 1399 2518 tentius
1420 2508 1431 2524 ,
1459 2485 1663 2521 inveniemus
1703 2483 1762 2517 hos
1794 2483 2006 2517 Hebraeorum
2033 2483 2226 2527 Praepositos

275 2537 478 2577 parochianis
494 2543 613 2579 pariter
632 2537 905 2577 indicarefvaque
921 2538 954 2566 in
966 2533 1150 2567 >celebrum
1168 2542 1218 2577 po·
1281 2534 1432 2568 exstitisse
1447 2559 1457 2575 ,
1483 2545 1566 2579 quos
1587 2534 1628 2568 ab
1646 2533 1846 2569 exactoribus
1867 2531 2048 2567 Pharaonis
2068 2533 2102 2565 in
2116 2532 2226 2578 AEgy·

267 2589 328 2633 fita
345 2596 413 2630 prae
426 2587 547 2630 foribus
569 2584 702 2627 Ecclefiae
726 2584 838 2618 tundis
850 2579 1050 2618 vvei'ttenttbus
1063 2583 1220 2626 inculeare,

1280 2593 1336 2628 pto
1358 2585 1495 2632 legimus
1518 2584 1724 2629 flagellatos,
1749 2582 1832 2617 adeo
1859 2592 1895 2616 ut
1921 2581 2016 2616 taedio
2034 2583 2138 2616 affecti
2153 2583 2224 2622 ,·'&

274 2647 419 2682 quatenus
442 2635 624 2678 inutraque
648 2635 805 2678 diligentia
829 2629 1094 2668 exconmunicatis
1114 2635 1220 2677 ubique
1282 2635 1376 2668 variis
1398 2635 1500 2669 attriti
1524 2635 1688 2678 suppliciis
1703 2634 1840 2667 nomina
1851 2633 1904 2667 sua
1926 2643 2034 2666 coram
2049 2631 2226 2676 AEgypt'iis

276 2685 485 2727 Ecclefiasticus
506 2686 610 2718 aditus
634 2685 790 2728 denegetur
813 2708 824 2725 ‚
850 2680 1102 2727 &excusationis
1125 2685 1218 2729 cauffo
1283 2686 1393 2720 foetere
1417 2695 1643 2729 quererentur.
1669 2683 1758 2730 Qia
1768 2694 1878 2717 tamen
1891 2682 2083 2726 patientiam
2104 2680 2225 2716 habue-

276 2735 412 2772 omnibus
435 2735 610 2777 auferatur.
638 2733 722 2767 Tibi
748 2743 855 2767 autem
877 2758 888 2774 ‚

277 2784 543 2825 London'iensis,
567 2783 601 2817 in
630 2783 663 2817 vi
682 2782 878 2817 obedientiae
899 2783 1119 2828 injungimus,
1145 2797 1218 2829 qua-

279 2846 378 2875 tenus
400 2835 520 2869 litteras
541 2834 707 2877 praesentes
726 2832 799 2867 aliis
810 2831 1047 2867 venerabilibus
1056 2834 1220 2870 Fratribus
1283 2836 1398 2870 borum
1418 2834 1652 2878 experientiam
1675 2843 1860 2867 meruerunt
1885 2856 1896 2872 ,

923 2734 1034 2768 Frater
1057 2733 1216 2779 Episcope
1282 2746 1378 2776 runt,
1404 2734 1438 2768 &
1462 2734 1575 2778 Moysi
1600 2734 1863 2777 obtemperantes
1885 2730 2225 2775 acquieveruntverbo

1284 2786 1368 2826 Dei,
1394 2782 1458 2828 hoc
1481 2793 1642 2828 praeeunte
1664 2783 1766 2829 gratia
1801 2793 1855 2827 per
1880 2782 1976 2819 fidem
2000 2781 2033 2817 δι
2054 2781 2163 2825 jugem
2181 2781 2224 2815 la·

1930 2842 1966 2865 ut
1994 2842 2069 2865 cum
2101 2830 2227 2874 Moyse·

277 2889 313 2922 &
337 2882 686 2928 Coepiscopisnostris
695 2882 850 2916 omnibus
872 2883 912 2917 de
924 2883 1099 2919 Provincia
1114 2887 1218 2920 nostra
1284 2886 1511 2930 praeficerentur
1526 2884 1675 2927 Populo,
1702 2882 1794 2925 cujus
1809 2882 1942 2915 salutem
1957 2890 2224 2929 procuraveruntg

281 2934 470 2974 manifestes
492 2933 525 2970 δι
546 2932 715 2968 ostendas.
743 2931 862 2967 valete
883 2933 918 2968 in
929 2931 1063 2971 Christo
1075 2959 1089 2977 ,
1114 2936 1219 2982 &pro
1282 2937 1315 2971 δι
1335 2935 1392 2979 qui
1414 2933 1556 2971 studiose
1578 2933 1744 2967 audierant
1764 2954 1775 2971 ‚
1810 2931 1970 2966 Doctores
1990 2942 2031 2965 ex
2059 2930 2223 2974 discipulis

282 2984 381 3025 nobis
393 2993 484 3021 orate
499 2983 657 3021 instanter
667 3009 674 3019 .

1285 2984 1495 3021 redderentur
1503 3009 1510 3016 .

1334 3033 1396 3069 Sed
1413 3033 1447 3069 ἃ
1469 3034 1503 3068 in
1528 3032 1624 3066 initio
1643 3031 1802 3064 nascentis
1826 3030 1972 3065 Ecciefiae
1994 3056 2005 3071 ,
2042 3031 2123 3064 sicut
2146 3030 2223 3063 Bea-

1286 3096 1337 3119 tus
1358 3083 1455 3117 docet
1477 3081 1677 3125 Apostolus,
1703 3079 1837 3121 cbristus
1855 3082 1938 3115 coelos
1958 3076 2139 3123 adscendens
2151 3102 2163 3119 ,
2186 3086 2222 3111 m·

1269 3133 1462 3183 {adimpleret
1479 3137 1597 3170 omnia,
1624 3128 1767 3174 quosdam
1790 3132 1911 3173 quidem
1942 3130 2025 3165 dedit
2047 3128 2186 3171 Apostolos
2213 3152 2224 3169 ,

1269 3182 1424 3228 {quosdam
1448 3181 1633 3224 Prophetas,
1658 3182 1733 3213 aiios
1762 3180 1973 3224 Evangelistar
1996 3205 2007 3220 ,
2032 3180 2105 3212 altos
2128 3177 2225 3218 Pasto-

1286 3235 1380 3268 ηαδ·
1402 3231 1551 3275 Magistros
1563 3255 1576 3272 ,
1600 3230 1645 3263 ad
1662 3230 1877 3269 instrudlionem
1905 3229 2076 3263 Sanc‘lorum
2097 3235 2130 3261 in
2149 3236 2221 3270 epus

1288 3281 1442 3323 Ministeril
1457 3305 1469 3321 ,
1495 3287 1528 3312 in
1549 3279 1772 3322 aedificationem
1793 3286 1920 3323 corporis
1950 3279 2078 3319 Christi.
2107 3278 2243 3321 Neque

1288 3334 1375 3368 enim
1386 3330 1499 3366 omnia
1524 3331 1583 3364 uni
1619 3331 1855 3366 committenda
1887 3339 1978 3364 erant
1998 3329 2106 3363 officia
2128 3350 2139 3367 ,
2172 3325 2226 3359 sed

1289 3380 1546 3425 unumquodque
1569 3380 1750 3414 membrum
1773 3381 1832 3414 suo
1856 3378 2051 3413 donandum
2073 3385 2140 3412 erat
2159 3375 2230 3410 offi-

1296 3434 1372 3474 cio,
1399 3432 1444 3466 ita
1464 3440 1572 3467 tamen
1596 3440 1633 3465 ut
1654 3438 1771 3475 caput,
1798 3431 1833 3465 in
1855 3440 1922 3472 quo
1945 3429 2034 3465 velut
2055 3428 2090 3463 in
2113 3425 2229 3461 arce&

2109 3486 2184 3521 quo
