2358 3776
346 162 390 209 S.

138 258 212 283 vam
227 269 238 287 ,
264 245 431 283 sanciam,
454 244 531 279 Deo
553 243 754 287 placentem,
781 243 841 282 qui
864 238 1094 293 carnentsuam

140 298 176 332 in
189 295 398 331 orationibus
419 294 455 328 &t
476 294 603 339 vigiliis
613 288 822 334 ,sjejuniisdc
843 286 1012 331 asperioris
1035 289 1094 345 usu

143 345 420 382 ciliciiconviciis
440 340 762 385 &concupiscentiis
782 338 985 372 crucifixerat
1000 361 1011 377 ‚
1036 349 1094 382 qur

144 396 278 431 dorsum
293 420 305 436 ,
326 395 418 439 quod
431 393 490 428 soli
511 391 685 428 familiares
718 389 788 432 ejus
812 397 991 428 noverant,
1016 398 1094 421 tam-

144 446 247 491 quam
268 444 390 480 Christi
411 442 560 488 puerulus
577 450 742 483 exponere
767 441 977 475 consueverat
988 438 1030 471 ad
1040 434 1096 470 fla·

149 496 313 542 gella,qui
333 486 827 535 Chrisst'cospus&saoguinem
839 489 952 524 solitus
969 498 1039 522 erat
1050 487 1097 521 of-

148 548 231 582 ferre
241 546 277 580 in
291 544 526 588 Machaeram
538 540 646 575 Alteri
659 538 836 583 prostratus
844 539 983 575 effusum
996 537 1096 571 mani·

151 583 527 640 busimpiotumobtulit
537 590 724 635 proprium.
747 589 817 626 Cui
841 588 987 633 unquam
1009 587 1095 622 Mar-

151 642 231 690 ty'rii
248 640 480 682 aimluaenristit
493 640 685 686 gloriosior?

349 690 378 726 B
404 691 433 726 E
458 691 491 726 N
521 691 550 726 Ε
577 692 612 726 D
636 689 653 724 1
677 690 712 725 C
736 688 777 723 T
802 690 835 723 U
862 691 900 725 S.

201 736 315 786 CUM
332 741 426 776 enim
448 739 568 786 singuli
589 740 776 783 Martyrum
810 739 951 785 singulas
972 739 1095 773 cauffas

151 802 284 841 agentes
292 791 450 838 singulare
458 790 509 826 ob
515 791 650 827 salutem
660 790 824 834 propriam
839 800 1003 824 certamen
1016 787 1093 821 inie-

141 845 240 884 ¹rint,
266 841 527 884 isseunjversalis
544 840 805 876 Ecclesioecauffa
825 841 970 884 suscepta
979 848 1094 873 contra

152 892 364 937 Principes&
372 891 574 935 Tyrannos,
595 899 713 929 contra
723 890 873 927 Ecclefiae
885 890 995 924 saneiae
1006 887 1095 922 Mer-

151 942 299 986 cenariop
315 938 425 987 potius
444 952 546 986 quam
569 940 717 975 Pastores
731 939 926 981 decertans,
962 949 1000 974 ut
1022 948 1097 974 eam

150 993 336 1034 evinceret.
362 991 557 1031 satellitibus
565 990 610 1025 de
621 1001 758 1036 empore
768 992 826 1025 suo
837 988 1041 1037 triumphurn
1053 990 1096 1022 re*

153 1053 283 1089 portare
295 1042 438 1088 permisit
452 1042 552 1079 ,mos
559 1040 787 1080 alteriuestetae
797 1041 949 1076 homines
960 1058 972 1081 ,·
998 1038 1095 1074 istum

142 1087 397 1129 ‘Christi-cole
413 1093 451 1129 ἀ
464 1091 523 1127 filii
531 1091 652 1136 proprii
662 1100 883 1136 per-emerunt.

449 1141 468 1186 J
493 1144 531 1179 Q
554 1141 586 1176 A
612 1141 647 1176 N
675 1140 710 1175 N
740 1140 769 1174 E
796 1142 835 1176 S.

209 1191 310 1227 NEC
333 1192 428 1227 licuit
450 1190 612 1226 Ministris
633 1188 774 1225 sathanae
795 1190 830 1224 in
866 1187 1097 1226 immolatione

157 1241 347 1279 Ministri&
358 1242 469 1282 Servi,
493 1240 584 1284 quod
595 1240 797 1284 praeambulis
808 1250 923 1274 eorum
945 1240 980 1273 in
1001 1236 1099 1272 cruci·

157 1292 284 1326 fixione
293 1290 489 1336 Magistri&
502 1291 642 1324 Domini
654 1312 663 1323 -
693 1288 841 1324 Christus
852 1290 945 1324 enim
955 1312 969 1328 ,
990 1299 1032 1321 ne
1050 1286 1098 1320 fle·

155 1340 284 1375 daretur
292 1342 409 1375 civitas
419 1365 432 1380 ‚
470 1352 510 1375 ne
524 1341 725 1384 pollueretur-
746 1338 924 1374 Sabbatum
936 1339 955 1373 ὲ
965 1337 1101 1383 Judicio

160 1389 362 1434 licetiniqno
380 1389 636 1434 predamnatus,
661 1388 936 1434 qualemcumque
959 1389 1102 1432 allegan-

158 1439 195 1475 di
205 1451 264 1484 pro
280 1441 310 1475 se
328 1451 494 1485 acceperat
517 1439 706 1476 facultatem
727 1463 740 1481 ,
762 1440 796 1474 dt
818 1438 860 1487 ab
871 1438 950 1474 urbe
968 1437 1102 1473 eductus

158 1499 250 1528 extra
262 1491 650 1534 porta'mcrucifiintsest‚
674 1488 855 1525 ministerio
875 1491 991 1533 utique
1015 1487 1104 1521 Gen-

139 1540 292 1583 tilium,
316 1541 375 1584 qui
395 1542 506 1581 Deum
528 1551 598 1575 non
620 1550 779 1575 noverant
798 1564 810 1581 ,
844 1540 880 1575 ἀ
901 1537 1104 1574 authoritate

159 1590 297 1636 publica:
311 1590 498 1635 potestatis,
522 1588 660 1627 hiscum
670 1589 892 1625 deferentibus
912 1598 1053 1634 quorum
1064 1587 1105 1620 le·

161 1642 238 1685 gem
249 1640 334 1674 visus
342 1640 387 1675 est
400 1642 616 1684 impugnare,
643 1639 817 1682 Discipulo
829 1662 841 1678 ,
867 1638 942 1673 filio
958 1637 1106 1681 perditio·

162 1690 234 1730 nis,
257 1688 631 1731 proditionisperfidiam
654 1696 866 1730 procurante.
903 1686 951 1720 At
969 1685 1105 1732 istenon

161 1737 449 1777 modoinUrbc,
477 1737 625 1772 tedium
638 1736 833 1770 Ecclesiam:
861 1735 944 1768 Non
957 1743 1106 1775 tempore

161 1785 334 1832 prophano
345 1807 357 1824 ,
373 1784 437 1818 *sed
460 1783 536 1823 die,
561 1793 659 1827 quem
691 1782 886 1818 Nativitatis
918 1781 1106 1815 Dominicae

163 1834 356 1871 solemnitas
365 1832 592 1874 consecrabat.
621 1832 666 1867 Et
678 1831 772 1867 omni
792 1831 863 1876 jure
872 1831 981 1866 decuit
993 1838 1029 1866 ut
1038 1829 1107 1866 Na-

163 1883 239 1919 talis
248 1883 629 1927 ejusquiinnoeenter&
650 1881 838 1918 sanaiffime
849 1883 993 1924 vixerat,
1019 1891 1107 1917 nata-

162 1933 229 1969 lem
237 1935 431 1969 Sanctorum
441 1933 672 1968 innocentium
684 1933 865 1977 sequeretur
877 1958 884 1966 .
905 1933 949 1968 Et
961 1933 1110 1977 quidem,

162 1993 202 2018 ut
224 1983 366 2018 creditur
386 2008 400 2024 ‚
424 1993 539 2019 necem
556 1983 651 2027 ipsius
671 1982 868 2018 Traditores
896 1993 1108 2029 procuravere

163 2033 327 2078 Discipuli
339 2058 351 2074 ‚
361 2034 572 2069 sacerdotum
582 2032 753 2077 Principes
764 2033 988 2069 formaverunt
1001 2057 1013 2073 ,
1038 2043 1107 2067 tan·

162 2082 201 2118 to
214 2084 247 2118 in
259 2084 386 2119 malitia
396 2083 531 2118 Annam
542 2085 578 2118 ἀ
589 2082 753 2126 Caipham
763 2106 775 2122 ,
790 2083 935 2118 Pilatum
945 2083 980 2118 ἀ
999 2083 1107 2117 Hero-

163 2133 239 2168 dem
248 2133 388 2178 amplius
397 2133 628 2178 praecedentes,
652 2132 778 2177 quanto
787 2132 980 2178 diligentius
999 2143 1107 2176 preca-

165 2194 303 2243 vefunt,
328 2195 371 2218 ne
382 2183 416 2218 in
426 2184 595 2229 Judicium
606 2181 783 2218 traheretur
796 2207 806 2223 ,
828 2194 869 2216 ne
878 2183 1108 2217 conveniretur

161 2233 205 2268 ab
216 2233 246 2267 A
251 2234 486 2278 pparitoribus,
512 2244 554 2267 ne
564 2243 729 2277 appareret
740 2243 816 2268 ante
825 2233 944 2268 faciem
954 2229 1108 2273 Praefidis,

167 2293 210 2316 ne
220 2283 394 2328 privilegio
407 2283 495 2318 Sacri
507 2283 574 2318 loci
585 2283 638 2317 vel
649 2284 802 2327 temporis
811 2308 822 2324 ,
848 2293 902 2317 aut
913 2281 1084 2327 dignitatis
1096 2306 1107 2322 ,

166 2331 1108 2426 22255322’s23312‘52’10352‘502053532115,5522‘333

165 2430 270 2471 lium,
296 2441 364 2465 non
379 2429 524 2466 hostium
534 2455 547 2472 ,
571 2431 626 2467 sed
635 2442 750 2467 eorum
760 2432 817 2476 qui
838 2432 946 2478 legem
958 2433 1025 2467 Dei
1038 2441 1129 2482 pro-f

165 2479 387 2516 fitebantur&
396 2481 575 2517 amicorum
588 2482 687 2517 fidem
697 2507 705 2514 .
725 2482 809 2518 Sane
821 2483 902 2517 mira
915 2482 1004 2523 Dei,
1030 2493 1108 2518 cun·

166 2529 216 2564 ἂι
238 2531 394 2574 sapienter
415 2531 448 2566 δε
473 2531 639 2567 salubriter
654 2532 863 2574 ordinantis,
894 2532 1105 2577 dispositione

166 2581 357 2626 contingit,
382 2580 472 2626 quod
482 2580 696 2626 quihaectam
716 2582 823 2623 male,
849 2593 918 2618 tam
938 2582 1109 2627 impuden-

164 2640 214 2665 ter
226 2630 365 2675 permifit
387 2630 478 2672 fieri,
502 2631 617 2673 eadem
642 2644 710 2667 non
733 2632 778 2667 est
792 2633 894 2678 passus
915 2632 1070 2668 abscondi
1096 2657 1108 2674 ,

159 2688 205 2717 ,ut
228 2677 282 2715 hic
292 2681 392 2716 etiam
404 2682 627 2726 temporaliter
636 2681 807 2726 impleatur
818 2683 907 2727 quod
918 2683 1033 2722 veritas
1041 2693 1108 2727 pro-

168 2729 245 2765 tulit
256 2744 267 2766 .·
288 2730 554 2774 naumurum,
568 2733 649 2775 quod
657 2743 715 2766 non
724 2724 871 2767 revele'eur
882 2757 889 2765 .
917 2731 1007 2769 Nam
1017 2733 1107 2775 quod

165 2780 208 2814 de
219 2780 373 2825 fignifero
384 2781 686 2826 ProditorumJuda
707 2783 854 2818 sermone
865 2781 985 2817 celebri
998 2784 1108 2829 vulga·
1143 2789 1145 2805 ²

160 2840 240 2865 vtum
249 2830 294 2866 est
309 2855 321 2872 ,
346 2832 412 2874 p'ari
424 2830 492 2873 jure
505 2831 701 2866 trahendum
711 2832 757 2867 est
769 2832 812 2868 ad
824 2832 1016 2876 Complices
1026 2833 1109 2873 suos,

166 2879 209 2914 eo
224 2881 312 2924 quod
333 2881 374 2915 de
395 2881 553 2918 similibus
575 2882 670 2917 rebus
696 2882 782 2918 idem
801 2881 930 2918 constet
953 2883 1107 2927 effejudi-

169 2931 256 2964 cium
269 2955 279 2971 ‚
305 2941 341 2966 ut
352 2930 547 2967 Christianis
555 2932 710 2967 omnibus
721 2945 760 2967 ex
776 2933 840 2968 fide
849 2933 995 2978 liqueat,
1016 2933 1107 2977 quod

170 2979 256 3013 Coeli
267 2982 454 3018 revelabunt
473 2983 682 3026 iniquitatem
706 2984 871 3027 ipsorum,
896 2983 933 3018 δε
958 2983 1108 3019 adversus

170 3038 226 3061 eos
235 3034 514 3076 terraconsurget.
537 3033 624 3080 Qis
634 3043 743 3067 autem
756 3033 903 3069 fidelium
923 3034 1040 3069 audeat
1052 3035 1116 3072 du-.

173 3078 295 3119 birare,
320 3083 409 3123 quod
432 3083 524 3117 Deus
542 3081 698 3118 authores
719 3084 752 3117 &
772 3092 1006 3128 perpetratores
1022 3087 1107 3121 tanti

168 3127 331 3176 sacrilegii
338 3141 392 3169 aut
400 3141 604 3170 converteret
611 3142 669 3173 aut
679 3143 860 3170 contereret
870 3136 886 3169 λ

466 155 852 206 THOMAE
922 147 1859 201 CANTuA'RIENSIS.·

1960 169 2031 216 47

1349 283 1385 319 C
1430 283 1466 319 A
1515 282 1545 317 P
1596 283 1638 320 U
1688 284 1728 318 T
1825 291 1913 326 XX.

1240 388 1287 418 De
1302 384 1408 429 spoliis
1426 387 1464 421 ot
1484 385 1668 425 vestimentis
1679 409 1692 426 ‚
1714 397 1786 429 quae
1804 395 1921 430 parma
1930 390 2005 435 sume

1473 438 1589 471 Milites
1609 441 1692 469 mter
1699 437 1756 482 [ε.

1351 533 1915 574 BENEDICTUS.

1221 634 1520 681 NIQJITATIS
1547 635 1650 682 igitur
1673 637 1828 682 Operarii
1850 663 1861 680 ,
1891 650 1959 679 non
1986 639 2098 674 minut

1235 686 1427 728 cupiditatis
1448 686 1499 721 fiti
1522 685 1728 728 laborantes,
1752 690 1851 732 quim
1865 689 2034 734 sanguinis
2056 690 2104 724 in-

1236 737 1385 770 nocentis
1405 737 1564 772 effufione
1582 736 1764 778 inebriati,
1788 739 1829 773 ad
1860 739 2018 783 palatium
2044 741 2105 773 Ar-

1152 785 1209 820 chi
1224 785 1402 830 -Episcopi
1413 797 1488 821 cum
1523 786 1739 831 complicibus
1762 789 1827 823 suis
1848 790 2047 834 quantocius
2057 801 2103 823 re-

1153 845 1321 870 currerunt
1336 860 1344 869 .
1371 836 1414 870 Et
1429 837 1530 872 aliisa
1551 837 1679 873 stabulo
1698 848 1802 883 equos
1822 838 1985 875 violenter
2002 849 2107 874 extra·

1125 919 1128 922 Δ
1155 884 1330 927 bentibus.
1355 886 1428 921 aliis
1448 888 1591 924 famulos
1611 887 1702 923 illius
1719 887 1938 930 cedentibus,
1965 889 2041 925 aliis
2060 899 2106 925 re·

1127 956 1129 958 -
1156 935 1357 971 solventibus
1380 947 1517 972 omnem
1549 938 1668 973 domus
1685 939 1914 984 supelleailem
1938 941 1973 976 ἀ
2001 940 2107 974 clitel-

1157 987 1222 1027 las,
1248 986 1405 1021 &scrinia
1417 987 1695 1028 demolientibus,
1719 990 1943 1035 quidcumque
1960 990 2032 1025 auri
2054 989 2107 1024 vel

1158 1039 1302 1081 argenti,
1341 1037 1477 1071 vestium
1499 1049 1556 1073 aut
1579 1039 1744 1075 variorum
1765 1050 2039 1076 ornamentorum
2059 1042 2110 1075 in·

1160 1098 1292 1121 ventum
1304 1086 1374 1128 est,
1385 1088 1470 1122 inter
1481 1088 1513 1123 se
1525 1099 1584 1132 pro
1599 1090 1768 1125 voluntate
1778 1093 1906 1135 propria
1918 1091 2106 1125 diviserunt.

1158 1136 1211 1171 Sic
1220 1137 1312 1171 enim
1323 1138 1455 1172 Divinae
1463 1139 1586 1182 placuit
1609 1140 1743 1183 pietati,
1769 1142 1963 1186 potenter&
1985 1142 2110 1185 sapien-

1159 1186 1549 1231 terdisponentiomnia,
1574 1200 1611 1222 ut
1634 1200 1773 1230 eorum,
1797 1190 1992 1234 quiCbristi
2015 1190 2109 1225 vesti-

1160 1246 1268 1270 menta
1281 1238 1392 1280 partiti
1412 1239 1485 1271 sunt
1497 1262 1508 1277 ‚
1532 1239 1715 1273 imitarores
1726 1241 1831 1274 effecti
1855 1240 2033 1283 pastionem
2048 1242 2111 1274 ser·

1161 1285 1191 1320 vi
1204 1285 1339 1330 paffioni
1362 1288 1504 1321 Domini
1525 1288 1653 1330 plenius
1674 1288 1901 1324 assimilarent:
1934 1290 2110 1338 Qatenus

1162 1335 1333 1371 manifesta
1342 1347 1451 1372 rerum
1471 1336 1688 1373 similitudine
1696 1339 1821 1373 cunetis
1834 1339 2053 1375 innotesceret
2074 1340 2112 1374 fi·

1161 1385 1307 1428 delibus,
1334 1386 1380 1422 ita
1400 1387 1604 1431 eripiendam
1621 1388 1686 1424 effe
1709 1386 1884 1424 Ecclesiam
1908 1401 1966 1435 per
1983 1390 2116 1436 sangui-

1165 1447 1240 1471 nem
1253 1437 1412 1480 Martyris
1421 1437 1604 1473 {servitute
1616 1437 1738 1473 Mundi
1753 1463 1764 1479 ,
1791 1440 1872 1474 sicut
1883 1450 1940 1484 per
1967 1450 2112 1475 mortem

1165 1486 1469 1531 Chrissiredempta
1478 1487 1726 1533 estapotestate
1735 1489 1874 1524 Diaboli
1896 1514 1904 1522 .
1926 1489 2031 1524 Porro
2042 1490 2113 1524 scri-

1167 1546 1220 1580 pta
1230 1537 1346 1572 omnia
1365 1537 1402 1571 dc
1427 1536 1616 1582 privilegia,
1646 1549 1718 1582 qnae
1739 1539 1898 1574 mantion-
1918 1539 1966 1574 illi
1993 1549 2116 1588 repere

1167 1595 1242 1620 runt
1263 1610 1275 1626 ‚
1310 1586 1383 1620 filio
1411 1587 1605 1629 perditionis
1628 1586 1812 1631 Ranulplto
1831 1587 1873 1624 de
1889 1589 1974 1623 Broc
1995 1591 2116 1625 tradita

1168 1635 1263 1675 sunt,
1288 1633 1330 1669 ad
1339 1634 1469 1680 Regem
1480 1635 1787 1670 inNortmanniam
1798 1638 2037 1673 transferenda.
2059 1639 2117 1674 Ut

1169 1695 1205 1718 ea
1219 1684 1390 1723 videlicet,
1417 1683 1617 1728 qun-Regni⁴
1634 1685 1680 1717 sui
1705 1685 2012 1723 Consuetudinibus
2030 1690 2118 1725 vide-

1166 1742 1279 1765 rentur
1287 1731 1447 1771 adversari
1461 1744 1475 1771 ς
1497 1731 1532 1765 &
1545 1731 1595 1765 vel
1607 1732 1798 1768 universalis
1811 1734 1960 1771 Ecclesia:
1970 1737 2120 1773 libertati

1170 1779 1221 1814 vel
1233 1779 1473 1815 Cantuariensis
1486 1780 1636 1816 Ecclesiae
1657 1784 1856 1826 patrocinari
1877 1784 2119 1832 dignitatibus,

1170 1840 1227 1874 pro
1245 1829 1342 1865 libitu
1366 1830 1424 1865 suo
1442 1841 1500 1866 aut
1521 1832 1779 1875 comminueret,
1805 1847 1862 1871 aut
1880 1835 2049 1882 nunquam
2070 1840 2119 1873 vi-

1169 1879 1275 1916 denda
1285 1879 1466 1916 recluderet
1478 1907 1486 1914 .
1514 1882 1557 1916 Et
1568 1882 1690 1918 milites
1701 1883 1835 1927 quidem
1850 1885 1916 1922 haec
1927 1889 2073 1925 fecerunt
2083 1914 2092 1922 .

1359 1930 1932 1972 HERJBERTUS.

1220 1982 1310 2018 SED
1333 1994 1411 2020 cum
1423 1984 1504 2020 inter
1513 1986 1576 2020 alia
1589 1984 1657 2021 duo
1669 1985 1867 2025 invenissent
1890 1988 1999 2028 cilicia
2013 2016 2026 2034 ,
2050 1990 2124 2038 qu'ae

1169 2034 1256 2078 quafi
1270 2035 1417 2077 quadam
1427 2036 1564 2070 vestium
1578 2037 1758 2074 imitatoria
1771 2039 1908 2076 Athleta
1931 2041 2055 2078 Christi
2069 2045 2120 2078 su-

1171 2094 1227 2126 per
1240 2084 1332 2119 nudo
1343 2084 1478 2119 induere
1489 2087 1699 2123 consueverat
1709 2112 1720 2129 ,
1748 2100 1817 2124 noa
1841 2091 1916 2126 sunt
1929 2093 2040 2136 partiti
2062 2094 2120 2128 illa

1171 2134 1256 2168 inter
1266 2134 1320 2174 se,
1346 2134 1472 2170 sednec
1485 2137 1609 2177 sortiti,
1637 2138 1859 2182 eujuseffent,
1887 2141 2010 2178 sedilia
2037 2153 2123 2179 tam-

1170 2193 1267 2227 quam
1281 2182 1356 2219 vilia
1367 2185 1400 2218 &
1411 2185 1662 2222 sibiinofficiosa
1684 2187 1891 2232 abjecerunt:
1921 2192 2120 2229 Admodum

1170 2242 1281 2268 tamen
1290 2233 1357 2277 jam
1369 2235 1613 2271 consternati&
1624 2238 1791 2282 stupefacti
1803 2265 1815 2282 ,
1840 2240 1932 2286 quod
1944 2252 2013 2279 tarn
2023 2254 2121 2289 gran-

1170 2283 1212 2318 de
1231 2306 1243 2324 ,
1277 2293 1345 2318 tam
1374 2284 1512 2320 evidens
1535 2286 1732 2324 obumbrare
1762 2291 1932 2338 religionis
1951 2304 2122 2331 cernerent

1169 2344 1404 2378 argumentum
1425 2358 1433 2368 .
1463 2335 1706 2374 Unde&mox
1718 2338 1862 2385 plerique
1881 2343 1924 2378 de
1944 2342 2082 2380 cohorte
2108 2368 2121 2386 ‚

1169 2394 1248 2418 cum
1259 2383 1538 2421 Centurioneillo
1552 2387 1754 2435 Evangelico
1766 2415 1778 2432 ,
1803 2393 1903 2428 tacite
1922 2402 2033 2428 tamen
2057 2406 2120 2438 prae

1172 2434 1314 2475 timore,
1336 2434 1554 2480 loquebantur
1563 2438 1642 2473 fibi:
1669 2442 1745 2474 Ver?
1755 2441 1838 2475 bomo
1855 2442 2007 2483 isteiustus
2029 2453 2096 2478 erar
2110 2469 2118 2477 .

1142 2497 1144 2499 ·
1173 2484 1215 2519 Et
1225 2485 1445 2528 percutientes
1454 2488 1579 2531 peaora
1591 2490 1916 2526 suarevertebantur.
1947 2493 2051 2529 Unus
2065 2504 2117 2529 ve·

1141 2552 1145 2559 »
1171 2534 1209 2570 τὸ
1219 2533 1424 2571 carnificum
1435 2537 1607 2579 Militum,
1636 2541 1799 2583 poenitens
1819 2541 2030 2587 quodegiffet
2051 2542 2115 2583 sie,

1170 2584 1370 2621 Dioecesano
1393 2587 1559 2632 Episcopo
1578 2590 1634 2621 suo
1645 2590 1807 2625 confitens
1826 2592 1976 2628 secretius
1996 2594 2120 2629 revela-

1171 2636 1237 2678 vit,
1265 2634 1441 2680 quodcum
1453 2637 1509 2680 ipfi
1523 2637 1610 2680 prius
1621 2638 1748 2674 ardenti
1769 2640 1884 2678 animo
1897 2642 1931 2676 ἀ
1942 2643 2028 2687 quasi
2041 2655 2118 2679 cum

1170 2686 1315 2731 quodam
1339 2686 1503 2721 accidenti
1514 2687 1662 2732 tripudio
1681 2690 1843 2725 adSansti
1878 2691 1938 2725 viri
1963 2694 2123 2729 accelera·

1170 2746 1241 2771 rent
1255 2734 1454 2770 occisionem
1463 2758 1489 2775 ‚m
1500 2747 1583 2772 mox
1595 2740 1722 2781 peraeto
1733 2740 1864 2787 flagitio
1879 2742 1912 2775 in
1925 2743 2046 2777 reeeffu
2061 2745 2120 2779 suo

1169 2786 1256 2829 quafi
1269 2785 1493 2828 tremulisjam
1506 2787 1541 2822 dc
1551 2788 1772 2825 tremebundis
1785 2790 1957 2827 videbatur
1968 2793 2116 2838 singulis,

1169 2834 1286 2881 quibus
1307 2835 1528 2877 incedebant,
1554 2838 1691 2882 paffibus
1711 2851 1794 2875 terra
1815 2841 1902 2886 quari
1925 2853 2055 2887 aperta,
2081 2845 2117 2879 ἀ

1167 2886 1253 2931 quasi
1275 2895 1383 2930 parata
1404 2885 1446 2921 ad
1468 2887 1555 2931 ipsos
1574 2890 1666 2923 vivos
1688 2890 1929 2927 absorbendum
1943 2918 1951 2926 .
1987 2893 2119 2937 Episco-

1171 2948 1252 2980 pus,
1278 2936 1332 2970 cui
1353 2936 1435 2971 fasta
1463 2936 1522 2971 est·
1544 2940 1703 2975 confessio
1724 2940 1812 2983 haec,
1839 2942 1935 2977 bonae
1954 2944 2117 2978 memoria

1171 2985 1427 3022 Bartholomaeus
1439 2987 1634 3023 Exonienfis
1650 2991 1828 3036 Episcopus
1839 3002 1907 3029 erat
1918 3005 1933 3036 ;
1962 2995 2055 3028 miles
2069 3005 2120 3028 ve—

1171 3037 1208 3071 ro
1219 3037 1366 3072 carnifex
1374 3037 1410 3072 δε
1420 3039 1663 3084 confessoriam
1674 3042 1767 3087 supra
1777 3044 1969 3080 nominatur
1981 3043 2114 3079 wilhel-

1171 3098 1245 3123 mus
1255 3085 1297 3123 de
1308 3087 1414 3123 'Raci
1424 3098 1493 3124 erat
1506 3113 1515 3123 .

1987 3538 2083 3576 CA·
