2358 3776
534 92 579 139 S.
626 87 918 138 THOMAE
951 82 1360 135 CANTUARa
1427 89 1563 137 LIB.
1601 95 1657 140 V.

126 187 263 221 querens
273 202 285 219 ,
312 178 459 215 sermone
472 180 548 215 usus
559 180 604 214 est
617 177 826 224 vehementer
835 172 1052 229 commotivo,

125 228 159 262 ἀ
171 238 207 262 ut
217 238 372 264 revertens
384 230 576 265 Senonenfis
588 230 719 264 testatus
739 227 784 261 est
796 251 807 267 ,
833 233 970 277 materiae
988 223 1050 277 *tali

123 277 302 311 admodum
314 289 478 325 cognato.
507 279 639 313 Deinde
651 276 788 313 soliduo
803 299 815 316 ,
841 274 914 308 Rex
927 271 1049 306 scnhcet

124 325 158 360 ἀ
173 326 431 368 cantuariensis,
457 330 491 362 in
503 339 626 371 partem
638 327 819 363 secedentes
831 348 843 364 ,
861 323 902 357 de
916 320 1052 355 Secretis

121 373 188 410 suis
209 379 312 411 multo
333 379 400 414 diei
425 379 528 422 spatio
555 378 789 416 disseruerunt,
816 371 895 408 adeo
907 381 941 405 ut
955 371 1050 414 quam

123 426 269 469 pluribus
293 428 490 463 adstantium
503 428 629 463 taediosa
641 428 731 462 fieret
741 435 808 460 tam
821 423 949 458 diutina
962 432 1050 455 mora

122 476 358 512 collocutionis
377 504 385 511 .
403 478 620 522 Conquestus
640 477 684 512 est
710 485 818 510 autem
842 471 888 505 ibi
911 471 1052 527 Cantua·

123 525 230 559 riensis
241 525 281 561 de
304 527 429 562 laefione
450 529 622 572 dignitatis
634 526 781 562 Ecclesia:
802 524 884 561 suae,
911 519 1051 565 maxtme

123 575 157 609 in
172 577 251 609 novi
263 578 365 622 Regis
383 577 608 613 Coronatione
619 603 629 619 ‚
639 574 835 612 enumeratis
848 580 928 616 quot
939 571 973 606 ἀ
985 582 1052 614 quae

123 625 272 668 praedista
286 627 424 662 Ecclesia
445 628 531 673 Regi
546 628 728 662 contulerat
738 650 750 666 ‚
775 621 915 658 maxim&
926 632 1000 656 cum
1013 619 1053 655 de

123 674 234 719 Regni
253 677 387 712 Corona
409 677 493 712 inter
516 680 620 722 ipsum
643 678 676 712 &
705 677 831 719 Regem
853 672 1052 715 Stel'hfflum

123 723 215 758 fieret
227 724 418 771 disceptatio
427 753 435 761 .
465 728 539 762 Rex
551 737 657 762 autem
677 726 805 760 causam
817 722 1054 757 Coronationis

124 774 283 816 supradict
321 772 501 823 affignans‚
528 789 596 811 tum
609 776 726 810 statum
737 774 863 819 Regni,
889 783 959 806 tum
975 774 1053 805 iram

123 833 222 866 quam
235 826 267 858 in
281 787 549 866 gantuariensem
557 835 760 864 exercuerat,
785 822 930 868 promisit
944 823 973 856 se
985 831 1054 856 om-

122 872 179 906 nia
190 878 406 911 correcturum
421 877 460 910 ad
475 876 678 910 voluntatem
692 875 831 910 Domini
843 872 1054 908 Cantuarien-

123 919 182 962 fis,
209 922 364 966 adjiciens
373 925 474 960 filiam
486 926 587 970 Regis
599 926 740 960 Francia:
762 924 912 958 nondum
922 932 1054 957 corona-

122 979 189 1005 tam
201 972 242 1005 ab
253 974 322 1018 ipso
333 975 556 1011 coronandam
567 1001 578 1017 ,
605 975 712 1010 filium
724 976 824 1009 etiam
835 975 926 1008 suurn
942 970 1055 1006 denuo
1075 975 1079 1014 s

122 1019 166 1054 ab
187 1021 247 1056 illo
271 1024 441 1061 Coronam
465 1026 707 1069 suscepturum,
733 1027 808 1059 cum
826 1022 1054 1068 recognitione

122 1068 295 1114 dignitatis
305 1075 345 1109 ad
360 1076 536 1110 Ecclesiam
546 1075 814 1111 Cantuariensem
837 1071 1027 1118 pertinentis
1044 1093 1052 1102 .

123 1120 181 1153 Ad
214 1120 280 1157 haec
318 1127 466 1167 promissa
489 1127 729 1161 Cantuarienfis
751 1125 836 1169 Regi
860 1126 918 1158 suo
937 1122 1054 1167 gratias

124 1180 225 1213 agens
238 1172 279 1207 ab
290 1185 376 1218 equo
400 1177 586 1216 descendit,
612 1178 707 1220 seque
727 1174 766 1209 ad
779 1175 873 1219 pedes
891 1172 977 1207 illius
999 1170 1054 1204 hu·

124 1219 280 1256 miliavit.
315 1224 390 1259 Rex
412 1237 520 1262 autem
541 1237 617 1260 cum
639 1224 846 1261 festinatione
856 1220 1054 1267 equumlin-

124 1279 250 1313 quens,
277 1272 516 1310 Cautuariensis
527 1283 646 1320 equum
658 1273 893 1309 reascendentis
911 1269 1049 1304 ascenso>

123 1317 233 1361 rium,
259 1323 347 1363 quod
361 1325 460 1368 vulgo
470 1325 654 1357 strivarium
676 1322 819 1361 dicitur,
846 1319 952 1354 tenuit
966 1343 973 1350 .
1001 1318 1053 1350 Sic

122 1368 226 1411 igitur
248 1371 359 1405 reversi
382 1374 453 1406 sunt
476 1372 550 1406 Rex
574 1370 613 1406 ad
637 1372 731 1410 sum,
760 1367 1000 1404 Cantuariensis
1012 1367 1051 1400 ad

123 1415 268 1453 Francos
279 1443 287 1452 .
314 1421 388 1455 Rex
401 1433 509 1456 autem
522 1432 589 1455 non
602 1422 686 1454 inito
697 1421 764 1454 alio
776 1419 914 1454 consilio
928 1417 1054 1460 publice

123 1468 293 1501 nunciavit
305 1469 334 1502 se
354 1482 429 1505 cum
451 1469 676 1505 Cantuarienfi
689 1480 799 1514 pacem
821 1468 928 1502 fecisse
939 1465 978 1501 ad
991 1464 1053 1499 ho-

122 1525 238 1551 norem
254 1519 324 1552 ·Dei
349 1520 382 1554 ec
398 1522 489 1554 fuum
502 1545 509 1553 .
535 1520 739 1556 Convocatis
759 1518 860 1563 igitur
882 1517 961 1550 hine
978 1515 1055 1549 inde

123 1562 324 1602 adstantibus
335 1570 471 1604 restituit
482 1570 702 1605 Cantuariensi
718 1580 830 1612 pacem
853 1569 958 1605 suam,
986 1576 1053 1610 gra·

123 1614 204 1649 tiam
218 1617 306 1651 suam
318 1643 329 1660 ,
350 1619 524 1655 Ecclesiam
543 1623 632 1655 suam
642 1621 675 1654 ὅ(
687 1618 895 1663 possessiones
909 1615 1052 1650 Ecclesiae

122 1662 191 1698 suae
202 1666 234 1699 in
247 1667 410 1713 integrum
424 1695 431 1702 .
459 1669 681 1706 processerunt
701 1669 800 1704 etiam
811 1665 976 1702 Co‘exules
988 1666 1054 1699 Do»

124 1714 209 1748 mini
230 1715 491 1760 Cantuariensis,
513 1721 570 1765 qui
604 1720 774 1754 adfuerant
797 1742 809 1759 ‚
844 1718 877 1751 ὅ(
900 1717 939 1751 ad
964 1713 1060 1759 pedes

122 1762 231 1811 'Regis
242 1767 274 1800 se
283 1766 559 1804 humiliaverunt:
588 1769 664 1803 Rex
675 1778 783 1802 autem
802 1769 857 1800 'sua
869 1766 1003 1809 singulis
1013 1767 1062 1797 reb-

121 1811 285 1855 stituens,
310 1819 398 1852 suam
421 1817 564 1862 benigne
586 1828 696 1861 pacem
716 1815 876 1850 concessit
891 1814 1057 1858 eis&gra-

123 1860 230 1897 tiam:
256 1863 309 1899 his
333 1868 446 1912 itaque
459 1869 556 1912 gestis
578 1867 685 1901 voluit
707 1866 875 1915 Dominus
897 1863 992 1903 Rex,
1020 1872 1055 1896 ut

123 1911 371 1951 Cantuatiensis
392 1920 499 1952 secum
528 1917 634 1951 statim
658 1917 691 1949 in
716 1913 956 1949 Normanniam
970 1913 1057 1946 veni·

124 1966 196 2003 ret',
217 1976 289 2000 tum
310 1967 467 2010 spatiandi
494 1968 588 2000 causa
601 1990 612 2006 ‚
640 1975 710 2000 tum
733 1977 774 1999 ne
794 1963 970 1998 occultaret
982 1973 1057 1995 con·

126 2011 274 2049 cordiam
295 2017 491 2052 diuturnitas
511 2015 712 2050 dissensionis
733 2038 740 2046 .
777 2013 928 2048 Promisit
957 2011 1055 2046 etiam

126 2060 354 2099 Can-tnarienfi
398 2066 432 2100 ὅ(
470 2067 534 2100 suis
564 2064 780 2100 sufficientem
812 2062 1057 2097 necessariorum

126 2111 462 2150 administrationem.
491 2115 731 2151 Cantuariensis
750 2123 858 2148 autem
871 2138 880 2154 ,
906 2112 981 2156 quia
994 2110 1058 2146 abs-

128 2171 190 2205 que
203 2164 334 2199 licentia
344 2167 361 2200 a
375 2166 468 2210 Rege
479 2167 511 2200 &
524 2164 665 2199 Ecclesia
685 2165 883 2198 Francorum
906 2171 1034 2206 accepta
1046 2186 1056 2202 ,

129 2211 333 2248 sinelaefione
347 2216 491 2249 nominis
504 2217 567 2249 suis
583 2214 729 2249 recedere
752 2225 819 2248 non
842 2222 987 2257 poterat,
1014 2223 1057 2246 re-

129 2263 277 2298 vertendi
300 2264 340 2298 ad
364 2266 465 2308 ipsum
489 2264 636 2299 inducias
648 2264 828 2307 expetivit.
856 2263 945 2306 Jusfit
960 2262 1059 2307 igitur

131 2309 206 2346 Rex
218 2314 349 2348 interim
373 2315 642 2349 Cantuariensem
666 2314 705 2348 ad
730 2313 933 2357 possessiones
947 2313 1058 2346 suas&

130 2363 262 2397 suorum
275 2365 474 2407 recipiendas
493 2364 638 2409 aliquem
658 2364 859 2398 Clericorum
883 2364 1011 2395 suorum
1025 2363 1057 2395 in

132 2412 292 2458 Angliam
303 2415 518 2449 transmittere
535 2438 547 2455 ‚
573 2415 618 2448 ita
639 2423 747 2447 tamen
763 2422 799 2446 ut
812 2412 898 2456 prius
911 2412 950 2445 ad
966 2412 1057 2446 illum

131 2460 275 2506 Legatus
296 2462 420 2498 veniret
433 2488 444 2504 ,
469 2463 668 2507 receptisque
692 2462 805 2496 litteris
826 2463 890 2497 suis
902 2463 941 2496 ad
954 2463 1058 2495 filium

131 2511 226 2546 suum
238 2535 250 2552 ,
276 2513 309 2546 δε
321 2513 360 2546 ad
372 2524 503 2548 caeteros
522 2513 633 2558 Regni
655 2513 804 2547 custodes
816 2513 943 2545 securus
953 2521 1059 2545 trans-

131 2562 281 2595 fretaret.
307 2561 666 2604 Hisitaqueexecutis,
693 2563 768 2597 Rex
787 2562 936 2605 requisita
963 2563 979 2595 a
993 2563 1061 2596 Do·

132 2612 228 2646 mino
239 2611 461 2646 Cantuarienst
483 2610 710 2645 benedictione
729 2612 849 2645 receffit
861 2637 868 2643 .
896 2610 987 2656 Qia
1006 2611 1071 2656 igi:

134 2672 188 2699 tur
209 2661 331 2697 Amico
352 2661 463 2695 nostro
478 2685 489 2702 ‚
514 2660 568 2695 sed
592 2659 797 2694 Amiciffimo
819 2659 898 2693 &in
910 2659 1063 2694 omnibus

135 2713 297 2749 voluntati
311 2712 371 2747 vest
378 2723 416 2745 rae
427 2712 549 2746 devoto
563 2709 716 2755 magistro
729 2709 910 2743 Hereberto
923 2710 1062 2754 Legatio

136 2763 205 2799 haec
218 2763 357 2807 injuncta
369 2762 435 2802 est,
462 2772 544 2808 rogo
563 2769 720 2804 quatenus
744 2759 841 2792 vestra
861 2760 1012 2794 oratione
1023 2760 1061 2794 ad

134 2815 247 2849 Deum
259 2812 478 2848 intercedente
487 2810 613 2856 adjutus
623 2810 726 2845 tutior
749 2809 895 2844 incedat.
925 2809 1064 2850 Valete‚

138 2873 263 2900 memor
275 2862 340 2898 mei
353 2887 361 2896 .

291 2958 696 2997 EPISTOLA
757 2960 896 2997 XLVll.

253 3060 379 3097 Thomas
404 3059 626 3102 cantuariensis
660 3062 771 3096 Archi·
790 3060 953 3106 Episcopus

437 3116 560 3146 Domino
586 3114 730 3146 Gratiano
743 3137 751 3146 .

220 3210 561 3250 XPERIENTIAM
585 3222 688 3248 rerum
709 3222 842 3248 matrem
855 3211 888 3247 &
901 3211 1060 3247 nutricem

246 3265 330 3306 esse,
364 3262 580 3307 Philosophiae
600 3264 731 3299 celebris
750 3264 833 3308 apud
856 3264 1006 3306 antiquos
1030 3262 1064 3296 ὅ(

142 3325 216 3348 vera
228 3315 385 3349 sententia
421 3315 488 3354 est,
514 3313 548 3347 δε
570 3313 662 3356 ipsius
687 3314 851 3358 Apollinis
873 3311 1064 3347 testimonio

142 3363 367 3407 comprobata.
395 3363 468 3398 Nec
481 3362 664 3404 immerito,
683 3363 757 3397 cum
767 3374 915 3408 expertus
929 3361 1065 3406 quisque

142 3413 306 3458 derebus,
332 3413 494 3460 inquibus
507 3413 642 3448 versatus
664 3412 730 3456 est,
754 3414 848 3458 poffit
870 3411 997 3448 fidelius
1018 3410 1064 3454 ju-

1872 114 1972 162 “345

1119 170 1247 211 dicare,
1272 169 1305 204 dc
1327 169 1487 213 inexperti
1508 173 1549 206 de
1561 174 1653 210 rebus
1665 177 1841 225 incognitis
1858 183 1897 217 sit
1909 185 2045 227 plerum-

1119 231 1181 265 que
1203 230 1283 253 vana
1304 218 1338 253 δε
1358 219 1562 255 fraudulenta
1583 224 1791 268 imaginatio.
1823 231 1903 279 Qae
1921 234 2045 270 idcirco

1119 268 1335 316 premiserim‚
1361 279 1397 305 ut
1419 271 1572 315 ⁴velnunc
1594 273 1891 323 animadvertatur,
1918 295 2044 328 quanto

1119 319 1264 364 periculo
1287 319 1430 355 Ecclesiae
1451 320 1485 355 δε
1507 331 1581 355 meo
1602 346 1613 363 ,
1638 333 1694 357 aut
1718 329 1822 366 potius
1844 334 2043 376 Apostolicae

1119 369 1228 409 Sedis,
1257 369 1349 413 cujus
1371 369 1538 415 privilegia
1557 384 1629 406 onon
1651 372 1717 408 sine
1738 375 2042 425 multoecejusdem

1117 420 1303 470 distrimine
1315 420 1396 467 tueri
1410 422 1571 465 aggressus
1593 424 1660 457 sum
1671 447 1682 463 ,
1709 425 1875 459 Dominus
1888 430 1972 473 Papa
1986 434 2046 467 mi.

1118 469 1152 503 hi
1175 480 1311 513 experto
1333 471 1460 505 credere
1481 472 1646 512 noluerit,
1673 470 1809 516 qualiter
1820 471 1922 509 fibi&
1936 480 2045 516 Eccle-

1119 519 1165 553 siae
1175 519 1239 553 Dei
1250 520 1500 565 agendumeffet
1522 532 1599 556 cum
1623 523 1773 557 Domino
1786 524 1879 570 Rege
1892 525 2042 572 Angliae.

1121 569 1206 604 Ecce
1217 571 1305 604 enim
1318 581 1355 605 ut
1365 571 1443 605 fasta
1455 571 1500 606 est
1514 582 1578 606 vox
1605 574 1792 616 nuperrima:
1815 577 2049 613 comminatio·

1120 622 1170 654 nis
1182 619 1381 664 Apostolicae
1392 621 1425 655 in
1438 618 1567 656 auribus
1579 621 1665 665 ejus,
1693 635 1757 667 qua
1779 626 1930 661 constitit
1942 626 2049 671 ipsum

1118 669 1341 713 reponendum
1354 673 1416 706 esse
1426 672 1459 705 in
1471 672 1664 707 conditione
1676 673 1753 708 dieti
1765 674 1972 717 Imperatoris
1983 701 1994 718 ,
2014 679 2048 713 δε

1119 729 1234 754 terram
1257 720 1326 763 ejus
1348 721 1581 763 subjiciendam
1602 723 1665 757 effe
1687 724 1880 766 interdicto,
1906 726 2049 761 &Man-

1117 770 1185 804 dati
1207 770 1462 813 praevaricatores
1485 773 1661 817 Episcopos
1683 775 1922 818 suspendendos
1942 776 1975 810 ἀ
1995 787 2049 811 ex·

1118 820 1431 860 communicandos,
1457 821 1549 857 illico
1562 823 1602 858 ad
1625 822 1784 858 honorem
1803 825 1870 859 Dei
1891 825 1923 860 δε
1938 826 2049 862 Eccle-

1117 870 1182 909 fiae,
1208 879 1243 904 ut
1264 881 1307 904 ex
1329 871 1577 907 conditionibus
1598 873 1721 909 insertis
1743 875 1836 918 pasto
1854 877 1984 921 concipi
1997 877 2050 911 de·

1121 919 1214 960 buit,
1240 919 1432 959 utilitatem,
1461 933 1572 965 pacem
1595 924 1673 959 fecit
1694 948 1706 965 ,
1735 925 1825 969 cujus
1845 924 1983 960 formam
2005 937 2048 971 ex

1119 970 1233 1004 litteris
1244 969 1395 1005 Domino
1409 969 1503 1016 Papae
1514 972 1614 1010 miffis
1624 972 1814 1017 planum‘est
1834 975 2019 1020 intelligere
2038 990 2046 1010 .-

1098 1035 1101 1048 τ
1118 1021 1191 1055 Nec
1201 1019 1360 1060 dubium,
1388 1022 1469 1065 quin
1492 1023 1575 1058 infra
1593 1018 1675 1058 duos‘
1694 1025 1820 1069 >primos
1840 1024 2050 1062 exiliinostri

1117 1081 1221 1105 annos
1230 1080 1300 1104 eam
1314 1071 1435 1106 fecisset
1447 1096 1458 1112 ,
1484 1073 1506 1106 fi
1520 1085 1593 1108 eum
1605 1073 1645 1108 ab
1656 1075 1752 1110 initio
1772 1074 1832 1109 hac
1855 1076 1908 1110 via
1921 1077 2048 1122 aggres-

1118 1121 1168 1154 sus
1190 1121 1266 1155 effet
1288 1121 1452 1156 Dominus
1473 1121 1582 1167 Papa,
1608 1135 1759 1168 autquos
1770 1126 1808 1159 ad
1833 1125 2053 1169 ipsumdestiu

1120 1171 1205 1203 navit
1220 1173 1251 1203 in
1266 1171 1376 1213 primis
1391 1170 1570 1207 habuissent
1585 1175 1731 1218 spiritum
1755 1175 1901 1211 nostrum
1915 1201 1922 1207 .
1951 1167 2053 1220 Quid·

1117 1220 1203 1252 enim
1215 1220 1288 1253 Rex
1301 1222 1450 1262 potuisset
1462 1224 1495 1255 in
1509 1223 1602 1265 illos,
1614 1225 1688 1258 cum
1700 1227 1854 1270 perpetuo
1868 1237 1978 1258 verum
1992 1225 2046 1258 sit:

1118 1280 1168 1301 nec
1185 1267 1279 1310 speres
1299 1270 1438 1311 aliquid,
1465 1283 1516 1304 nec
1535 1272 1712 1315 extimescat
1722 1280 1966 1314 ,exarmaveris
1992 1279 2050 1307 im·

1116 1322 1248 1360 potentis
1272 1323 1351 1350 iram
1363 1318 1380 1349 ἔ
1409 1320 1478 1352 Aut
1490 1321 1569 1360 quid
1582 1323 1720 1354 tentavit
1735 1323 1770 1355 in
1785 1333 1863 1360 vos,
1879 1334 1975 1365 quem
1988 1334 2049 1357 nec

1119 1377 1209 1411 prece
1222 1391 1233 1407 ,
1250 1375 1318 1400 ‘nec
1331 1366 1433 1410 pretio
1449 1393 1460 1408 ‚
1489 1379 1547 1402 nec
1559 1368 1728 1404 blanditiis
1739 1395 1750 1411 ,
1778 1372 1965 1412 neeminis,
1991 1381 2049 1407 aut

1119 1418 1377 1460 quibuscumque
1400 1417 1688 1452 sollicitationibus
1711 1420 1880 1454 deflectere
1899 1421 2007 1463 potuit
2031 1421 2051 1454 ὲ

1120 1467 1171 1499 via
1184 1466 1289 1510 resta?
1315 1465 1440 1510 Verum
1452 1467 1526 1509 quia
1540 1467 1690 1501 Romana
1705 1468 1845 1502 Ecclefia
1856 1494 1866 1509 ‚
1893 1471 1980 1513 quod
1996 1482 2050 1513 pa-

1120 1527 1156 1549 ce
1177 1515 1326 1549 omnium
1348 1515 1382 1548 in
1406 1526 1482 1549 aure
1495 1517 1602 1550 >vestra
1620 1518 1758 1553 dixerim
1776 1514 1787 1559 ζ
1813 1514 1921 1562 posuit
1938 1513 2051 1558 *firma*

1121 1575 1268 1599 mentum
1291 1566 1383 1599 suum
1406 1565 1613 1601 formidinem
1631 1592 1642 1609 ,
1682 1577 1738 1602 aut
1754 1571 1808 1612 Ἰώ
1830 1574 1937 1612 captat
1955 1594 1966 1610 ‚
1993 1570 2056 1609 aaa&

1122 1616 1272 1659 personas
1292 1615 1432 1659 accipit,
1459 1617 1492 1650 δε
1514 1615 1742 1662 authoritate,-
1757 1612 1825 1662 qui*
1844 1621 2025 1662 praeeminet
2038 1629 2056 1662 ,·

1123 1667 1235 1711 iniqua
1248 1665 1435 1711 gerentibus
1458 1678 1525 1700 non
1547 1667 1709 1707 occurrit,
1736 1671 1903 1711 propterea
1923 1665 2057 1715 flag-euax

1122 1717 1188 1751 Dei
1210 1717 1343 1761 gravia,
1369 1716 1402 1749 δε
1426 1717 1492 1748 toti'
1514 1716 1641 1749 mundo
1665 1718 1901 1759 vixportabilia
1915 1721 2058 1753 veniunt

1123 1767 1216 1808 super
1235 1775 1306 1799 eam
1319 1789 1329 1804 ,
1355 1771 1393 1798 ut
1411 1764 1568 1799 instabilis
1592 1766 1673 1799 fasta
1695 1767 1802 1811 fugiat
1822 1766 1840 1799 ὲ
1862 1767 1946 1802 facie
1956 1770 2059 1815 perse²

1122 1814 1271 1859 quentis,
1300 1814 1333 1847 &
1353 1813 1394 1846 in'
1409 1813 1676 1860 tribulationibus
1698 1816 1755 1849 vix
1779 1816 1924 1851 subsistat
1943 1842 1952 1849 .
1991 1817 2057 1853 Sed

1122 1865 1208 1910 apud
1221 1876 1316 1909 quem
1330 1862 1440 1898 rectius
1453 1864 1510 1897 ista
1521 1864 1686 1908 deplorem
1699 1890 1710 1906 ‚
1738 1864 1836 1908 quam
1858 1866 1945 1913 apud
1956 1878 2034 1902 eum
2046 1893 2058 1910 ,

1123 1916 1179 1958 qui
1203 1915 1220 1948 ὲ
1246 1914 1382 1957 praefatis
1407 1913 1496 1947 vitiis
1516 1918 1570 1957 per
1580 1915 1719 1960 gratiam
1732 1915 1798 1950 Dei
1811 1913 1968 1952 immunis
1979 1919 2060 1965 solis

1125 1963 1247 1999 miseris
1268 1964 1450 2006 compassus
1471 1964 1540 2005 est,
1565 1965 1598 1999 δι
1623 1965 1774 2000 solatium
1788 1967 1864 2001 tulit
1878 1991 1889 2007 ,
1915 1968 2058 2003 &tanto

1126 2013 1255 2059 Regi&
1266 2012 1420 2047 omnibus
1430 2015 1643 2057 complicibus
1655 2017 1717 2050 suis
1728 2017 1762 2049 in
1783 2018 1903 2052 faciem
1915 2011 2059 2059 restitit-⁸,

1125 2064 1164 2099 eo
1177 2061 1265 2106 quod
1276 2073 1340 2098 erat
1352 2061 1610 2107 reprehensibilis
1621 2090 1632 2107 ,
1657 2067 1690 2100 ὃς
1701 2067 1801 2112 gratis
1822 2067 1855 2101 ὃς
1880 2068 1979 2102 nimis
1997 2068 2059 2101 in‘t'·v

1128 2113 1293 2159 pugnabat
1306 2113 1482 2147 Ecclesiam
1493 2114 1509 2146 ἓ
1528 2115 1579 2149 ‹Et
1589 2115 1664 2162 quia
1676 2116 1845 2152 strenuitas
1858 2118 1918 2151 vest
1925 2129 1957 2154 ra
1971 2118 2057 2152 Can-

1127 2166 1321 2199 tuariensem
1335 2163 1510 2198 Ecclesiam
1522 2164 1666 2209 protexit
1679 2167 1711 2200 in
1724 2167 1858 2202 adversis
1869 2193 1878 2208 ‚
1896 2179 1951 2212 par
1962 2168 2005 2201 est
2020 2167 2057 2201 δε

1127 2212 1297 2250 merissime
1308 2214 1560 2252 consentaneum
1572 2217 1717 2260 aequitati
1730 2242 1741 2257 ,
1766 2228 1803 2252 ut
1825 2219 1856 2251 se
1870 2217 2057 2260 patrocinio

1126 2265 1159 2299 δε
1173 2259 1335 2297 voluntati
1347 2263 1452 2295 vestrae
1465 2264 1577 2299 subdat
1589 2267 1621 2299 in
1637 2269 1796 2310 prosperis
1807 2293 1814 2300 .
1828 2267 1983 2301 Vestrum
1994 2266 2057 2300 erit

1126 2312 1214 2357 quod
1241 2311 1396 2356 placuerit
1421 2311 1539 2346 dictare
1562 2325 1653 2356 prece
1674 2317 1722 2348 vel
1735 2317 1835 2358 juffu,
1862 2318 1938 2360 quia
1954 2318 1986 2349 in
1999 2327 2057 2360 no·

1128 2365 1191 2397 stro
1202 2387 1213 2403 ,
1240 2361 1305 2395 mei
1316 2361 1391 2394 dico
1402 2360 1436 2394 δε
1448 2373 1594 2397 meorum
1620 2366 1782 2408 proposito
1792 2366 1836 2400 est
1851 2391 1862 2406 ,
1880 2366 1989 2400 vestris
1999 2364 2055 2400 ob-

1127 2423 1301 2456 temperare
1312 2409 1498 2445 Mandatis.
1523 2413 1573 2444 Ex
1595 2413 1774 2446 sinceritate
1793 2424 1873 2457 ergo
1886 2415 2055 2449 consciens

1128 2464 1178 2497 tiae
1190 2461 1328 2496 vestrum
1341 2461 1522 2494 affectamus
1542 2460 1731 2504 obsequium
1742 2486 1753 2502 ,
1781 2462 1821 2495 ad
1846 2473 1904 2497 vos
1918 2464 2057 2499 latorem

1129 2512 1321 2557 presentium
1332 2510 1528 2544 destinamus
1537 2533 1547 2547 ‚
1559 2520 1625 2544 tam
1638 2513 1743 2554 ipsum
1755 2523 1852 2555 quam
1867 2513 2053 2557 petitiones,

1129 2574 1208 2607 quas
1219 2574 1272 2606 per
1283 2572 1356 2595 eum
1368 2560 1516 2593 Domino
1530 2558 1623 2603 Papae
1636 2562 1831 2606 porrigimus
1842 2587 1853 2603 ,
1883 2563 2052 2598 dilectioni

1130 2613 1235 2648 vestrae
1248 2609 1449 2646 affectuosius
1459 2610 1726 2645 commendantes
1739 2636 1746 2643 .
1776 2612 1854 2646 Hoc
1865 2622 1975 2648 autem
1985 2624 2053 2648 cer·

1130 2662 1164 2698 ιὸ
1176 2663 1293 2698 certius
1307 2661 1343 2694 fit
1355 2684 1366 2699 ,
1377 2660 1409 2693 &
1420 2671 1473 2703 per
1485 2671 1543 2694 vos
1565 2660 1746 2695 innotescat
1757 2663 1910 2698 Domino
1922 2664 2053 2705 nostro,

1129 2713 1203 2758 quia
1226 2713 1246 2744 st
1266 2711 1296 2743 in
1320 2709 1475 2744 omnibus
1496 2710 1639 2745 articulis
1661 2712 1758 2746 causae
1771 2714 1904 2754 nostrae,
1930 2724 1985 2748 aut
1996 2725 2057 2757 po-

1129 2764 1193 2798 tius
1204 2762 1262 2795 suae
1276 2785 1286 2800 ,
1312 2760 1451 2793 eundem
1470 2760 1609 2805 rigorem
1633 2763 1819 2796 exercuisset
1836 2787 1846 2803 ,
1873 2765 1998 2809 Regem
2010 2761 2052 2798 ad

1129 2810 1392 2847 satisfaciendum
1413 2809 1453 2843 de
1474 2810 1731 2846 omnibusfacile
1744 2814 1890 2855 potuisset
1904 2824 2016 2859 urgere
2040 2836 2049 2845 .

1130 2864 1210 2910 Qae
1224 2862 1360 2895 scienter
1370 2858 1425 2893 hic
1435 2883 1446 2898 ‚
1471 2861 1505 2894 ἀ
1515 2861 1555 2895 de
1568 2862 1722 2896 industria
1733 2864 1907 2896 reticentur
1919 2888 1932 2903 „
1957 2863 2053 2898 Nun&

1130 2916 1200 2949 cius
1215 2936 1226 2952 ,
1253 2911 1329 2944 Deo
1352 2910 1517 2953 propitio,
1543 2913 1616 2947 viva
1643 2923 1719 2946 voce
1736 2913 1916 2957 supplebit.
1943 2912 2053 2946 Provi-

1130 2964 1203 2998 deat
1213 2962 1310 2994 etiam
1321 2961 1421 2995 vestra
1434 2960 1584 2995 discretio
1594 2987 1604 3002 ,
1630 2974 1664 2996 ut
1680 2965 1877 3005 urgentiores
1897 2963 1929 2996 &
1943 2962 2051 2996 effica-

1130 3014 1234 3048 ciores
1254 3010 1388 3051 littera,
1414 3022 1492 3054 quas
1516 3011 1682 3046 Dominus
1705 3012 1810 3046 noster
1831 3023 1888 3056 pro
1911 3011 2050 3046 Ecclesia

1133 3062 1220 3107 Regi
1238 3060 1427 3105 Anglorum
1451 3062 1617 3095 transmisit
1641 3086 1652 3101 ‚
1678 3059 1811 3105 registro
1834 3063 2012 3096 inserantur
2037 3072 2053 3102 ᾗ

1131 3112 1206 3158 quia
1229 3111 1367 3151 Posteris
1388 3107 1544 3155 magnum
1566 3111 1816 3146 incitamentum
1828 3112 1953 3147 virtutis
1965 3110 2007 3144 est
2031 3132 2046 3149 ‚

1129 3161 1258 3207 quoties
1268 3171 1324 3196 eos
1334 3160 1545 3195 animaverint
1558 3162 1704 3204 exempla
1723 3162 1878 3205 majorum
1893 3186 1899 3192 .
1925 3159 1979 3193 Ad
1994 3168 2050 3191 ne‘-

1132 3213 1262 3258 gotium
1277 3210 1352 3246 verti
1366 3211 1509 3243 nostrum
1520 3211 1691 3253 speeiantes
1708 3236 1718 3251 ,
1745 3213 1863 3245 litteras
1874 3220 1951 3253 quas
1962 3218 2051 3241 acce·

1132 3265 1250 3307 pimus,
1263 3260 1459 3295 remittimus
1472 3259 1581 3300 Vobis,
1595 3272 1629 3295 ut
1641 3262 1662 3295 fi
1676 3261 1758 3296 forte
1771 3260 1929 3294 editorum
1939 3266 2048 3293 exem·

1134 3312 1228 3358 plaria
1239 3312 1363 3351 desint,
1387 3319 1423 3348 ea
1434 3319 1579 3346 mutuare
1590 3311 1712 3355 poffitis
1722 3311 1738 3345 a
1750 3306 1945 3353 transcriptis
1956 3331 1964 3340 .

1903 3457 2008 3495 31³1-
