2358 3776
19 1624 22 1626 .
76 1595 148 1636 fio,
177 1595 270 1632 novit
282 1596 396 1635 Deus,
423 1593 604 1638 &judicet,
629 1598 661 1630 δε
679 1596 772 1629 vobis
785 1598 939 1640 ignotum
950 1597 1014 1630 effe

451 113 495 158 S.
543 109 845 159 THOMAE
906 109 1314 162 CANTUAR.
1365 111 1500 158 LIB.
1538 116 1612 161 11.

77 199 251 240 imminere
272 198 460 243 nequiorem
479 224 490 240 ,
524 198 701 235 declinavit
721 197 900 242 judicium,
941 208 1013 231 cau-

80 254 150 287 sam
168 250 357 286 transferens
375 250 416 285 ad
436 250 636 285 audientiam
658 249 746 293 ejus,
782 248 839 292 qui
862 246 1010 282 fidelium

76 301 229 339 omnium
249 298 344 342 judex
363 301 410 335 est
429 300 448 334 a
468 302 621 335 Domino
644 300 841 334 constitutus
863 322 875 339 ,
911 297 944 332 δι
966 297 1011 331 Ιο-

78 362 155 392 cum
171 349 256 387 adiit
271 375 282 390 ,
321 351 375 385 cui
397 352 577 394 specialiter
608 349 760 384 mandata
780 349 826 383 est
858 349 1011 382 omnium

80 400 336 439 sacerdotalium
356 400 475 435 decisio
496 402 672 438 caussarum
686 424 693 431 .
722 399 795 433 Nec
818 397 883 432 hoc
893 397 1011 440 dejure

79 452 314 495 Imperatorum
335 450 597 492 autCanonum,
623 448 677 484 sed
690 449 783 491 ipsius
795 446 858 482 Dei
870 448 1012 482 authori-

78 511 147 536 tate
169 499 308 537 dicentis
329 511 382 545 per
400 500 540 543 Moysen
563 514 574 534 .·
610 501 640 533 si
659 498 820 541 difficile&
842 497 1012 542 ambiguum

79 553 166 593 apud
182 561 212 586 re
225 552 373 594 judicium
394 551 445 594 effe
475 548 660 593 perspexeris
684 557 763 582 inter
777 545 957 592 sanguinem
978 551 1012 583 δ’

76 600 254 646 sanguinem
266 625 277 642 ,
303 608 380 634 inter
397 598 517 642 causam
528 596 690 642 &causam
702 623 713 640 ,
737 601 852 640 lepram
862 600 896 632 (5
907 610 964 632 non
975 600 1012 631 le·
1038 599 1040 604 ’

75 660 168 694 pram
179 675 190 692 ,
215 651 359 698 adscende
377 650 422 683 ad
436 652 526 683 locum
547 661 632 692 quem
649 650 734 692 elegit
757 651 904 690 Dominus
935 674 946 689 ,
971 650 1014 682 ad

80 703 251 736 sacerdotes
276 704 405 735 Levitict
419 705 537 744 genes-ts
550 723 560 739 ,
587 701 622 734 (9⁸
637 700 770 741 judicem
783 722 793 738 ‚
821 698 1014 741 quipraesue-

79 757 139 785 ῆι.
166 754 231 795 ,Qui
249 754 370 785 noluerit
390 749 504 787 obedire
524 748 839 788 sacerdotis.1mperto
858 774 868 789 ,
909 755 960 792 qui
980 760 1014 783 eo

81 809 211 843 tempore
229 800 377 839 ministrat
404 804 529 833 Domlno
537 823 547 839 ‚
573 805 712 832 morietur
723 797 806 831 homo
819 800 868 833 ille
880 800 913 833 (ν
925 799 1011 841 aufe-

67 861 127 886 ,νη
145 851 258 884 malum
278 852 315 883 de
334 846 441 893 Israel.
472 848 557 882 Ecce
569 848 658 890 quod
670 850 688 882 a
711 848 835 891 judicio
860 849 1013 883 Sacerdo-

81 910 154 935 tum
165 911 225 933 nec
236 900 365 933 causam
388 898 513 942 excipit
530 910 591 933 nec
615 899 783 943 personam
796 922 808 939 ,
834 898 910 933 lieet
932 899 1014 934 alias

77 958 136 994 fer
147 950 178 983 se
188 949 293 992 ipsos,
321 949 401 983 alias
422 960 477 992 per
497 949 663 984 ministros
688 947 842 984 Vicarios
866 949 1012 984 Ecclesiae

76 999 230 1035 decidant
240 999 449 1034 Sacerdotes.
476 999 603 1033 Nonne
623 1000 657 1033 in
678 1000 812 1042 persona
830 998 1012 1035 Sacerdotii

80 1048 390 1084 EcclefiaeDo&0res
402 1047 538 1083 fideliter
549 1048 683 1083 tradunt
695 1049 866 1091 Hieremie
877 1049 1012 1084 dicrum:

79 1102 158 1136 Ecce
176 1099 307 1139 constitut
328 1108 358 1132 te
388 1097 478 1132 bodie
494 1097 585 1141 super
602 1108 710 1143 gentes
732 1102 766 1134 Θ
773 1098 862 1143 super
884 1104 1014 1144 Regna,

79 1156 114 1182 ut
132 1150 267 1188 evellas,
292 1146 513 1191 &disper-das,
538 1149 692 1191 &diffipes
708 1174 719 1189 ,
744 1152 778 1184 (a
798 1149 950 1192 aedtfi‘oess
978 1151 1013 1184 Θ

76 1199 225 1241 plantes?
249 1197 344 1246 Qid
354 1208 434 1244 ergo
450 1199 598 1244 peccavit
610 1201 780 1234 Dominus
797 1199 1011 1234 Cantuarien-

77 1249 138 1289 fis,
164 1247 392 1292 fiappellavit,
419 1247 615 1292 siprospexit
636 1248 716 1287 sibi,
739 1248 914 1291 sipepercit
937 1247 1015 1290 Epi·

76 1297 207 1341 smpis,
233 1307 316 1340 quos
327 1296 444 1330 iterato
453 1297 625 1339 oportebat
645 1297 686 1333 ad
709 1297 959 1331 damnationem
978 1297 1012 1337 ὅ(

74 1346 296 1391 ignominiam
308 1355 471 1390 perperam
483 1345 627 1388 judicare
638 1370 649 1386 ,
667 1356 724 1379 aut
735 1345 848 1391 Regiae
861 1346 1015 1391 indigna·

70 1397 181 1431 ‚tionis
189 1394 397 1430 intolerabile
407 1395 512 1430 subire
522 1395 752 1439 dispendium?
777 1396 932 1445 Qaliter
951 1407 1011 1431 au-

77 1456 146 1484 aem
169 1457 240 1491 pars
249 1445 381 1480 ¹adversa
401 1470 412 1486 ‚
436 1456 508 1490 quae
529 1445 562 1479 δε
580 1447 645 1489 ipsa
658 1446 909 1488 appellationem
922 1447 1013 1481 insti·

76 1497 161 1536 tuit,
186 1497 315 1530 causam
335 1497 500 1538 prosecuta
513 1495 571 1533 fit,
595 1507 659 1538 qua
672 1496 852 1535 modestia,
877 1507 940 1540 qua
953 1497 1013 1530 fin-

79 1546 217 1580 etritate
237 1546 359 1579 versata
372 1546 406 1579 sit
417 1570 428 1586 ‚
454 1546 488 1580 &
500 1555 576 1579 cum
591 1546 728 1580 Ecclesia
738 1546 772 1579 ὃς
784 1557 858 1581 cum
872 1546 1014 1581 adversa-

75 1656 145 1680 non
159 1645 263 1689 potest
276 1670 283 1677 .
310 1646 466 1688 Seipsum
475 1643 594 1688 poterit
604 1645 819 1689 quisirridere
833 1669 843 1685 ,
870 1645 902 1680 ἃ
927 1657 1014 1680 texe-

70 1705 111 1729 re
122 1694 219 1729 dolos
229 1695 263 1728 in
286 1695 430 1728 animam
453 1696 562 1734 suam,
589 1695 643 1729 sed
667 1695 810 1739 proferto
828 1697 920 1730 Deus
943 1707 1012 1729 non

76 1744 231 1779 irridetur
241 1769 248 1777 .
274 1744 522 1786 Bienniumjam
535 1744 680 1786 elapsum
691 1745 736 1778 est
748 1770 759 1784 ,
786 1756 915 1787 tempus
928 1745 1014 1778 vide-

76 1794 153 1829 licet
165 1792 503 1837 quodappellantibus
516 1793 725 1836 suffragatur,
753 1803 860 1834 eoque
876 1793 1013 1826 evoluto

76 1855 136 1888 pro
153 1852 242 1886 parte
260 1841 402 1876 Domini
414 1841 634 1874 Cantuariesis
654 1841 699 1874 est
723 1841 789 1879 lata
814 1842 974 1874 sententia
1001 1865 1008 1874 .

75 1893 154 1930 Etsi
173 1891 330 1927 adhucex
338 1889 577 1934 dispensatione
587 1889 793 1932 quorundam
818 1901 921 1925 rerum
934 1902 1013 1925 exe-

75 1943 170 1978 cutio
180 1941 368 1980 differatnr,
393 1941 550 1975 omnibus
560 1951 671 1975 autem
685 1940 750 1982 jam
771 1941 954 1984 persuasum
965 1942 1010 1975 est

77 1991 387 2030 Demutimentibus
396 2014 407 2030 ,
432 1990 522 2034 quod
537 1990 639 2025 Archi
649 2007 660 2017 ·
672 1991 849 2033 Episcopus
860 1991 893 2025 δε
907 1992 952 2024 sui
965 1991 1012 2024 in-

79 2041 337 2087 justeproscripti
351 2042 443 2074 sunt.
469 2040 548 2088 Qo
559 2040 733 2082 enimjure
754 2041 924 2074 confiscati
937 2041 1012 2073 sunt

78 2091 223 2128 redditus
234 2091 438 2126 clericorum
450 2114 461 2130 ,
485 2091 519 2124 &
531 2101 594 2132 qua
608 2090 844 2133 Episcoporum
859 2089 1014 2133 patientia

82 2141 231 2176 Ecclefiae
251 2142 284 2176 &
297 2142 383 2176 bona
395 2141 518 2175 Altaris
537 2138 661 2175 Christi
683 2139 939 2183 persecutoribus
954 2140 1015 2174 Ec·

80 2192 181 2228 clefiae
193 2193 232 2227 ad
252 2191 385 2226 libitum
396 2201 605 2234 exponuntur
615 2191 632 2222 ,ἕ
656 2191 742 2236 Qae
752 2189 875 2234 justitia
886 2189 1015 2233 proscri-

77 2243 338 2287 pfitinnocentes
358 2241 422 2273 fine
444 2239 570 2274 delestu
592 2240 792 2284 professionis
813 2240 848 2274 &
868 2240 1014 2279 ordinis,

79 2292 182 2326 aetatis
199 2291 234 2325 &
253 2290 344 2324 sexus
366 2290 383 2321 ἕ
422 2289 508 2335 Qis
529 2300 675 2334 unquam
697 2300 787 2325 tanta
810 2290 1016 2325 immanitate

79 2340 231 2377 distraxit
251 2339 404 2383 copulam
425 2339 704 2382 nuptiarum?,Et
715 2350 824 2374 tamen
837 2339 867 2373 ei
889 2339 946 2383 qui
961 2340 1014 2373 fa·

78 2392 128 2427 cit
148 2389 234 2430 haec,
263 2389 305 2424 ab
326 2388 493 2431 Episcopis
506 2389 705 2423 innocentiae
725 2390 760 2423 δε
779 2388 909 2431 justitia
931 2388 1015 2424 testi·

79 2438 402 2477 moniumaedditur,
429 2438 511 2471 utin
533 2439 622 2473 suam
642 2439 868 2473 confusionem
889 2439 924 2473 ἀ
948 2450 1017 2483 per-

78 2489 202 2526 niciem
217 2486 366 2523 dicere&
381 2486 516 2522 scribere
528 2500 596 2523 non
607 2486 817 2523 erubescant:
845 2490 930 2532 ,Quia
947 2493 1014 2522 Rex

78 2540 161 2575 duce
176 2547 272 2581 putat
289 2537 454 2580 obsequium
467 2561 478 2576 ,
503 2539 569 2572 cram
580 2547 714 2572 monetur
726 2563 737 2578 ,
763 2548 797 2572 ut
807 2546 935 2583 corrigat
950 2564 960 2579 ,
979 2538 1010 2580 fi

76 2591 157 2633 quid
173 2590 352 2631 deltqcertn
374 2589 480 2620 Deum·
509 2587 600 2632 Ergo
619 2599 676 2622 aut
697 2599 864 2624 exeorum
887 2590 1016 2624 senten·

75 2641 126 2675 aia
136 2644 206 2675 non
225 2637 408 2680 delinquit,
435 2647 491 2670 aut
510 2636 541 2671 ei
562 2637 738 2672 infideliter
747 2629 879 2681 g'ratnm
900 2640 935 2674 ec
958 2639 1014 2674 de-

78 2688 186 2725 bitum
205 2688 398 2730 obsequium
419 2685 633 2728 subtrahunt,
657 2697 715 2722 aut
726 2687 832 2731 palam
843 2690 1015 2731 mentiun-

75 2747 133 2774 tur
144 2739 179 2774 in
201 2740 307 2783 capita
331 2738 385 2774 sua
398 2751 408 2771 :
434 2738 520 2781 ,Quia
539 2749 594 2778 os,
617 2738 701 2780 quod
718 2742 883 2777 mentitur,
909 2739 1014 2773 occidit

78 2794 218 2825 animam
233 2813 240 2821 .
267 2789 349 2824 Non
361 2787 407 2822 est
424 2788 482 2831 qui
501 2787 621 2823 audeat
635 2787 665 2822 ei
676 2785 876 2823 denunciare
888 2810 901 2828 .
923 2787 1014 2833 quod

77 2839 213 2883 expedit
224 2836 371 2874 audienti
393 2838 513 2882 pariter
532 2838 568 2873 &
586 2838 728 2873 dicenti.
755 2837 837 2872 Non
863 2837 932 2879 est,
958 2838 1016 2882 qui

82 2887 173 2927 dicat
191 2900 266 2924 cum
276 2888 417 2932 Moyse:
446 2890 574 2923 Dimitte
590 2890 733 2932 poputum
746 2890 864 2922 Domini
881 2898 947 2923 cum
958 2900 1016 2923 om-

81 2938 177 2976 nibus
199 2950 266 2981 qua
286 2938 373 2981 ipfius
381 2937 454 2982 sunt
473 2964 485 2980 ,
522 2945 555 2973 ut
570 2944 597 2973 et
612 2937 760 2982 sacrificet
792 2943 825 2972 in
855 2937 979 2982 Deserto

83 2988 167 3023 Non
185 2987 232 3022 est
241 2989 297 3032 qui
308 2989 408 3023 trium
417 2990 544 3024 dierum
556 2987 761 3024 vacationem
772 2988 921 3034 impetret
931 2988 1014 3024 Cle-

82 3049 123 3072 εο
136 3038 271 3083 degenti
285 3037 350 3072 sub
371 3038 492 3083 Moyse
503 3040 538 3074 δε
550 3040 663 3074 Aaron
677 3063 688 3080 ,
713 3038 748 3074 id
770 3039 815 3074 est
838 3064 850 3081 ,
876 3040 911 3074 in
922 3039 1014 3075 cultu

80 3087 203 3133 Legis,
231 3087 264 3122 ὅ(
285 3086 350 3120 ritu
369 3088 487 3123 Divini
507 3088 848 3134 Sacrificiioccupata.
876 3090 919 3125 Bt
945 3091 1015 3135 qui·

81 3137 157 3172 dem
166 3136 323 3173 credibile
330 3136 375 3171 est
387 3161 399 3177 ,
424 3138 513 3182 quod
525 3140 547 3173 si
560 3138 615 3174 hic
627 3141 790 3184 presentes
800 3140 902 3175 essent
914 3140 1014 3184 Moy-

79 3188 127 3222 ses
139 3188 172 3222 &
185 3187 298 3222 Aaron
310 3186 352 3222 ad
371 3185 493 3222 ostium
511 3188 600 3232 ejus,
626 3189 717 3234 cujus
728 3190 919 3226 innocentia
933 3203 1013 3236 prz-

75 3235 218 3278 dicatur,
244 3246 299 3272 aut
318 3237 366 3271 eis
375 3237 517 3272 omnino
536 3250 604 3274 non
625 3250 747 3283 pateret
764 3241 906 3276 accessus
921 3266 933 3283 ,
955 3251 1015 3276 aut

78 3297 253 3332 negaretur
271 3287 421 3328 auditus,
447 3298 506 3323 aut
527 3289 675 3330 quodibi
697 3291 974 3327 noninvenerunt

77 3336 247 3382 fitppliciis
266 3346 323 3371 aut
351 3336 437 3374 certe
456 3337 668 3373 contumeliis
687 3339 909 3377 afficerentur.
945 3339 1013 3375 Ne-

78 3387 242 3431 queenim
261 3385 377 3422 desunt
399 3387 528 3431 jamnes
550 3412 562 3429 ,
588 3388 807 3433 &Mambre,
833 3392 892 3436 qui
916 3391 1015 3436 Spiri-

79 3437 156 3475 ritui
168 3438 285 3473 Sanno
304 3436 465 3472 resistant.
490 3435 678 3474 Architofel
697 3441 819 3478 multos
831 3442 868 3478 in
891 3441 1017 3478 delibe-

179 3486 285 3530 G'brss.
304 3490 385 3532 Lupi
405 3491 504 3531 opera
524 3491 604 3523 rm.
623 3491 664 3523 X.

1058 2721 1140 3483 l

1071 196 1197 232 ratione
1206 181 1340 240 reliqui't
1352 193 1491 230 heredes
1506 220 1517 236 ‚
1542 197 1773 238 quiinfatuaut
1784 202 1910 238 animas
1920 195 2015 238 Prin.

1070 248 1181 290 cipum
1195 271 1206 287 ,
1232 247 1264 282 &
1287 256 1404 281 contra
1427 247 1542 281 Deum
1565 248 1756 289 proferunt,
1782 253 1816 287 &
1840 253 2013 297 praefemnt

1072 299 1243 334 consilium
1265 297 1453 332 toxicatum
1476 321 1483 328 .
1517 296 1610 344 Qid
1639 297 1730 331 enim
1750 299 1838 335 aliud
1871 302 2014 338 nuncin

1072 347 1297 385 Cantuariensi
1322 346 1628 391 Archi-Episcopo
1654 347 1883 391 persequuntur
1904 377 1917 392 ‚
1953 352 2012 387 nifi

1072 401 1147 445 quia
1167 399 1202 432 in
1227 398 1397 441 conspeetu
1417 397 1551 442 Regum
1574 397 1670 432 ausus
1690 396 1736 434 est
1763 397 1830 431 Dei
1860 399 2014 440 iustitiam

1074 447 1260 494 protestari,
1282 450 1370 483 tueri
1385 448 1509 493 Legem
1525 446 1695 487 Ecclefie,
1720 446 1804 483 tueri
1817 445 2016 484 libertatem?

1074 498 1170 537 Certe
1190 499 1270 533 dum
1284 499 1481 544 magnificus
1497 506 1566 531 erat
1580 508 1726 543 nugator
1736 498 1772 533 in
1787 496 1890 533 Curia
1901 521 1913 537 ,
1937 496 2018 532 dum

1074 550 1172 595 Legis
1189 559 1400 592 contemptor
1420 546 1636 582 videbatur&
1658 548 1773 588 Cleri,
1798 547 1879 583 dum
1903 547 2020 581 scurri-

1074 602 1118 635 les
1139 609 1216 633 cum
1238 597 1479 643 potentioribus
1493 596 1671 633 sectabatur
1686 598 1828 642 ineptias
1842 622 1854 639 ,
1880 607 2021 642 magnus

1072 648 1272 689 habebatur,
1298 649 1404 686 clarus
1414 647 1686 691 erat&acceptus
1710 648 1891 688 omnibus,
1915 648 1950 682 ὅ(
1974 648 2023 683 so·

1074 702 1122 735 lus
1132 699 1338 744 dignissimus
1350 700 1479 734 summo
1501 697 1686 733 Pontificio
1707 697 1749 733 ab
1772 697 1926 732 universis
1944 708 2025 733 con-

1072 749 1317 786 clamabatur&
1339 748 1493 794 singulis.
1520 747 1585 784 Sed
1604 756 1644 782 ex
1669 759 1738 793 quo
1763 748 1798 783 in
1821 747 2023 783 Pontificem

1073 800 1262 836 sublimatus
1283 799 1346 833 suae
1368 810 1497 834 memor
1529 797 1735 835 conditionis
1758 798 1794 833 &
1818 796 2024 841 profeffionis

1071 851 1249 895 exprimere
1260 849 1367 883 voluit
1381 847 1590 884 Sacerdotem
1603 874 1614 891 ‚
1638 849 1674 884 &
1696 847 1799 884 verbo
1814 847 1880 882 Dei
1903 848 2023 882 maluit

1073 902 1122 936 uti
1135 899 1294 945 magistro
1305 900 1407 944 quam
1431 899 1577 943 populo,
1603 900 1708 934 fastus
1730 898 1778 934 est
1801 899 1848 932 eis
1870 897 2026 932 inimicus

1074 949 1294 990 veradicens,
1320 949 1668 995 &vitamcorrigens‚
1695 960 1731 985 ut
1746 950 1779 984 &
1805 946 1840 982 hi
1863 948 2025 993 impleant

1073 1002 1256 1036 mensuram
1282 1009 1413 1042 patrum
1433 1000 1585 1034 suorum.
1625 999 1716 1048 Qia
1734 1010 1778 1034 ex
1800 998 1908 1034 caussa
1929 996 2026 1032 simili

1072 1050 1255 1095 Prophetas
1278 1050 1311 1084 δε
1336 1049 1519 1093 Apostolos
1532 1051 1689 1093 persecuti
1701 1051 1797 1090 sunt,
1826 1049 1861 1084 &
1887 1048 2025 1093 quidam

1072 1112 1189 1136 eorum
1211 1098 1321 1135 adhuc
1334 1100 1501 1143 Martyres
1517 1099 1642 1135 Christi
1655 1125 1667 1142 ,
1686 1100 1721 1135 id
1743 1100 1790 1135 est
1804 1123 1815 1139 ‚
1841 1097 1935 1133 testes
1947 1097 2025 1132 veri-

1073 1150 1334 1194 tatis&justitiae
1347 1151 1602 1195 persequuntur.
1630 1150 1726 1199 Qid
1740 1152 1774 1184 in
1797 1147 1898 1183 Helia
1921 1148 2030 1192 perse-

1073 1202 1142 1235 cuti
1155 1202 1229 1235 sunt
1244 1199 1364 1234 Achab
1377 1201 1411 1234 dc
1425 1200 1584 1244 Iezabel?
1610 1201 1742 1244 Nempe
1754 1198 1945 1243 Religionis
1957 1208 2029 1233 ora-

1073 1250 1208 1289 culum,
1233 1249 1464 1284 testimonium
1479 1250 1584 1290 fidei,
1608 1250 1737 1294 justitiae
1757 1247 1988 1292 profeffionem
2014 1270 2028 1286 ,

1070 1299 1306 1333 exterminium
1323 1298 1519 1331 idololatriae
1531 1321 1542 1337 ,
1553 1299 1715 1331 medelam
1728 1299 1886 1330 vitiorum
1899 1321 1911 1338 ,
1922 1297 2033 1331 crimi-

1074 1359 1153 1382 num
1177 1347 1403 1383 abolitionem
1420 1371 1428 1379 .
1457 1346 1581 1382 Paulus
1593 1347 1625 1381 &
1638 1345 1754 1380 Petrus
1763 1346 1913 1391 gladium
1927 1346 2033 1380 Nero-

1073 1399 1123 1433 nis
1144 1398 1313 1433 evasissent
1327 1421 1340 1439 ,
1366 1397 1473 1431 immo
1489 1407 1550 1431 nec
1569 1396 1779 1431 incurrissent
1800 1395 1993 1430 inimicitias
2017 1420 2031 1437 ,

1073 1449 1131 1483 nisi
1160 1447 1388 1492 voluptatibus
1410 1446 1591 1482 hominum
1621 1447 1656 1481 ἀ
1678 1446 1843 1481 erroribus
1865 1446 2030 1481 contraria

1074 1494 1291 1542 praedicassent
1303 1521 1312 1530 .
1338 1496 1452 1531 Nemo
1472 1496 1612 1530 enimin
1624 1496 1739 1539 aliquo
1754 1496 1936 1538 persecutus
1957 1494 2002 1530 est
2015 1518 2028 1534 ,

1073 1548 1162 1592 quod
1176 1557 1244 1582 erat
1259 1572 1269 1588 ,
1295 1556 1353 1581 aut
1368 1545 1460 1590 quod
1484 1545 1655 1579 dicebatur
1675 1545 1811 1579 Helias.
1840 1545 1954 1579 Nemo
1967 1555 2030 1589 pu-

1075 1599 1158 1631 nivit
1182 1597 1351 1641 aliquem,
1379 1596 1456 1639 quia
1477 1594 1596 1630 Petrus'
1614 1593 1691 1630 esset
1714 1605 1771 1630 aut
1802 1594 1944 1628 Paulus.
1985 1595 2030 1628 Et

1073 1648 1215 1690 Ioannes
1227 1658 1317 1681 tutus
1341 1647 1417 1681 esset
1431 1644 1467 1679 in
1479 1646 1656 1688 conspestu
1678 1644 1847 1683 Herodis,
1873 1645 1931 1678 nisi
1942 1642 2032 1679 dice·

1080 1708 1149 1731 ret:
1176 1694 1250 1729 Nan
1265 1698 1340 1730 licet
1360 1696 1421 1728 ribi
1445 1694 1554 1726 babere
1578 1705 1701 1726 uxorem
1725 1697 1851 1726 Fratris
1869 1695 2031 1728 tut.Nul-

1075 1747 1124 1780 lus
1138 1747 1228 1779 enim
1251 1745 1352 1778 evasit
1366 1745 1400 1776 in
1413 1751 1543 1776 tantam
1557 1741 1792 1784 tyrannidem,
1820 1750 1857 1775 ut
1879 1753 2031 1776 naturam

1075 1796 1316 1838 persequeretur
1329 1817 1336 1824 .
1365 1790 1428 1826 Sed
1453 1792 1606 1835 frequens
1629 1790 1676 1825 est
1689 1815 1700 1832 ,
1727 1792 1763 1826 δε
1784 1791 1899 1826 multis
1912 1792 2032 1837 vulga-

1074 1853 1127 1877 tur
1141 1843 1320 1887 exemplis,
1348 1842 1430 1885 quia
1456 1843 1574 1876 veritas
1594 1841 1711 1876 odium
1727 1841 1828 1884 parit.
1855 1842 1927 1888 Qi
1949 1853 2032 1886 ergo

1076 1893 1313 1938 persequuntur
1334 1891 1370 1926 in
1399 1892 1462 1926 hac
1486 1892 1594 1926 caussa
1616 1891 1888 1926 Cantuariensem
1915 1890 2032 1927 Archi·

1078 1943 1276 1986 Episcopum
1290 1967 1302 1983 ,
1329 1951 1396 1975 non
1419 1940 1485 1976 hoc
1498 1942 1733 1985 persequuntur
1746 1941 1858 1984 ,quod
1872 1939 2030 1978 Thomas

1074 1992 1141 2031 est,
1166 1992 1258 2036 quod
1281 1990 1418 2025 natione
1439 1991 1705 2032 Londoniensis,
1739 1990 1888 2026 Clericus
1909 1991 2029 2034 profes-

1075 2043 1182 2082 sione,
1210 2042 1314 2087 gradu
1337 2041 1518 2083 Sacerdos,
1558 2042 1742 2085 Episcopus
1764 2040 1950 2086 dignitate,
1975 2040 2031 2075 sed

1075 2091 1367 2136 quodannunciat
1388 2092 1513 2136 populo
1541 2092 1607 2127 Dei
1626 2092 1746 2126 scelera
1769 2102 1885 2126 eorum
1899 2115 1910 2132 ‚
1936 2092 1970 2126 δε
1992 2101 2030 2127 ut

1077 2142 1203 2186 Legem
1214 2141 1281 2175 Dei
1293 2141 1428 2176 audiant
1441 2166 1454 2181 ,
1479 2141 1513 2176 ὃς
1525 2140 1684 2177 obediant
1695 2141 1856 2185 principes
1868 2142 2031 2177 Sodomo-

1077 2202 1148 2225 rum
1162 2215 1174 2231 ,
1200 2192 1235 2225 &
1249 2191 1388 2234 populus
1403 2190 1650 2226 Gommorrhae.
1681 2191 1774 2240 Qid
1796 2192 1842 2226 est
1854 2192 1943 2236 quod
1964 2202 2030 2234 per-

1079 2242 1281 2285 sequuntur?
1310 2241 1463 2274 Profecto
1476 2241 1719 2285 Apostolorum
1732 2241 1870 2286 Spiritus
1894 2242 1929 2277 δι
1949 2241 2029 2276 Pro·

1079 2289 1249 2335 phetarum
1265 2315 1276 2331 ‚
1314 2290 1456 2334 Spiritus
1469 2290 1599 2332 justitiae
1621 2293 1657 2326 δε
1682 2291 1851 2333 veritatis,
1885 2292 2027 2335 Spiritus

1080 2340 1183 2376 Patris
1199 2341 1232 2375 δε
1245 2340 1307 2374 filii
1325 2364 1336 2380 ,
1361 2340 1395 2374 &
1413 2338 1636 2374 indubitanter
1647 2341 1787 2383 Spiritus
1797 2342 1949 2376 Sanetus.
1979 2343 2026 2376 Et

1079 2392 1099 2424 si
1113 2391 1179 2435 ipse
1193 2390 1316 2425 Paulus
1324 2400 1379 2424 aut
1391 2390 1533 2434 Ioannes
1544 2389 1636 2434 quod
1653 2390 1771 2434 scripsit
1785 2391 2028 2434 presentialiter

1078 2441 1209 2475 doceret
1224 2442 1257 2473 in
1270 2450 1366 2474 carne
1383 2464 1394 2480 ,
1417 2451 1474 2474 aut
1485 2450 1688 2483 torqueretur
1699 2439 1891 2483 suppliciis,
1918 2439 2026 2473 autad

1079 2490 1188 2525 minus
1199 2488 1231 2525 ei
1252 2489 1430 2525 diceretur:
1458 2491 1570 2524 Recede
1590 2490 1611 2521 ἃ
1641 2487 1743 2528 nobis,
1778 2487 1937 2531 scientiam
1959 2495 2029 2522 vta-

1076 2552 1144 2574 rum
1159 2548 1281 2574 tuarum
1303 2541 1463 2578 nolumus,
1489 2544 1561 2579 quta
1584 2537 1672 2570 nobis
1694 2543 1863 2570 contrarius
1886 2549 1918 2571 es
1939 2564 1945 2570 .
1973 2539 2027 2573 Se-

1079 2591 1145 2626 mel
1159 2591 1288 2625 locutus
1299 2591 1390 2625 Deus
1403 2610 1414 2627 ,
1438 2588 1471 2621 &
1484 2587 1518 2621 id
1538 2587 1644 2630 ipsum
1659 2586 1800 2621 secundo
1814 2598 1882 2621 non
1897 2590 2027 2633 repetit,

1080 2652 1140 2676 uec
1155 2641 1196 2675 ad
1213 2640 1436 2675 eruditionem
1450 2638 1601 2673 vivorum
1615 2637 1747 2671 suscitat
1760 2646 1910 2671 mortuos
1927 2638 2031 2678 ,σὺιιι

1082 2692 1117 2726 in
1139 2690 1281 2727 Ecclesia
1308 2689 1472 2732 praesentes
1494 2687 1557 2721 (int
1570 2685 1937 2730 Moyses&Prophetae
1951 2712 1962 2728 ,
1988 2696 2028 2723 ut

1082 2741 1256 2777 audiantur
1277 2739 1311 2773 ὃ(
1328 2738 1469 2773 doceant
1493 2737 1679 2781 populum;
1706 2737 1739 2771 ὅ(
1758 2744 1795 2771 ut
1816 2747 1887 2780 pars
1909 2762 1920 2777 ,
1954 2749 2025 2781 quae

1083 2791 1180 2827 verbo
1198 2789 1340 2828 Domini
1365 2786 1606 2823 condemnatur
1627 2811 1639 2828 ,
1663 2798 1705 2821 ex
1729 2786 1891 2822 sententia
1909 2787 2023 2831 Moysi

1082 2842 1118 2877 δι
1137 2839 1375 2886 Prophetarum
1395 2837 1488 2873 alteri
1515 2836 1687 2875 victoriam
1700 2835 1793 2872 cedat
1805 2862 1816 2878 ,
1842 2837 2024 2881 applicetur

1083 2890 1228 2937 Ephod,
1254 2889 1312 2924 ubi
1333 2887 1556 2924 manifestatio
1576 2887 1622 2921 est
1646 2887 1791 2923 veritatis
1811 2888 1844 2922 dt
1870 2887 1985 2930 judicii
2011 2900 2022 2931 ;

1082 2942 1117 2976 &
1136 2940 1370 2986 respondeatur
1404 2938 1584 2983 unicuique
1606 2937 1786 2974 secundum
1808 2948 1905 2981 opera
1931 2939 1986 2973 sua
2015 2962 2024 2970 .

1082 2992 1238 3027 Formam
1259 2988 1346 3038 hanc
1370 2999 1439 3023 non
1464 2987 1609 3024 decli-nat
1630 2987 1736 3026 Archi
1749 2988 1951 3033 ·Episcopus
1969 2998 2023 3022 ne-

1083 3053 1148 3086 que
1169 3041 1237 3080 sui,
1265 3040 1371 3075 immo
1381 3049 1498 3083 optant
1510 3040 1544 3074 &
1562 3047 1659 3075 orant
1674 3062 1686 3079 ,
1711 3048 1747 3073 ut
1758 3037 1801 3073 de
1822 3037 1916 3073 vultu
1929 3036 2022 3072 verbi

1083 3092 1174 3133 Dei,
1200 3091 1235 3125 id
1245 3090 1313 3130 est,
1341 3091 1440 3135 Legis
1451 3089 1606 3129 Divinae,
1631 3088 1793 3132 judicium
1806 3088 1939 3123 illorum
1953 3098 2025 3130 pro·

1082 3142 1158 3177 deat
1167 3167 1177 3182 ,
1190 3141 1225 3176 ἀ
1237 3140 1325 3175 oculi
1339 3141 1480 3175 Domini
1491 3139 1654 3174 declarent
1665 3137 1850 3183 aequitatem
1865 3162 1873 3170 .
1899 3137 1931 3171 Si
1943 3135 2022 3180 quid

1081 3193 1173 3227 enim
1186 3191 1289 3236 exigit
1300 3214 1312 3232 ,
1340 3190 1432 3234 quod
1443 3190 1527 3233 Legi
1542 3188 1608 3223 Dei
1619 3198 1799 3234 repugnet,
1825 3189 1847 3221 si
1867 3187 1907 3221 de
1923 3185 2021 3219 verbo

1085 3242 1151 3278 Dei
1162 3242 1314 3277 nituntur
1324 3239 1581 3275 consuetudines
1593 3262 1604 3279 ,
1630 3250 1700 3284 quae
1712 3234 2022 3282 petunturadversus

1086 3292 1261 3328 Ecclesiam
1275 3316 1286 3332 ,
1317 3291 1457 3326 libenter
1480 3288 1573 3324 cedet
1595 3313 1607 3330 ,
1641 3290 1674 3324 δε
1696 3289 1738 3324 de
1759 3284 2021 3323 contradictione

1082 3342 1118 3377 δε
1163 3342 1340 3378 vexatione
1367 3339 1467 3384 partis
1501 3337 1635 3374 adversae
1675 3337 1847 3374 satisfaciet
1878 3333 1984 3372 libens
2011 3358 2020 3366 .

1079 3414 1082 3417 -
1141 3393 1186 3428 od
1210 3393 1232 3426 si
1254 3390 1360 3426 caussa
1381 3388 1450 3433 ejus
1469 3389 1624 3424 innititur
1644 3387 1743 3422 verbo
1754 3385 1843 3426 Dei,
1868 3384 1892 3418 si
1913 3384 1944 3418 ei
1964 3382 2022 3418 ad-

1079 3443 1200 3479 sistunt
1221 3439 1375 3487 Apostoli
1396 3440 1433 3476 ὅ(
1451 3438 1622 3485 Prophetae
1637 3459 1649 3477 ‚
1668 3446 1768 3519 n÷mo
1778 3445 1855 3471 eum
1864 3434 2021 3475 autsuos,

1917 3494 1972 3529 pet
