2358 3776
336 95 441 159 ,ῃ
996 89 1225 138 EPIs

279 158 415 233 33:in
436 174 518 220 milii
537 176 742 222 usurparem.
768 173 932 226 Qamvis
948 174 1038 212 enim
1057 176 1147 211 circa
1158 175 1246 218 Per-¹

265 226 411 277 {squam
437 238 544 267 meam
568 251 581 269 ,
607 237 645 263 ut
660 220 792 274 aiebant
810 250 824 274 ρ
848 226 981 262 duriora
998 222 1073 261 ‘inis
1093 226 1238 270 injuncta

270 273 453 319 (hument,
479 277 564 312 mihi
574 284 685 312 tamen
708 278 809 312 etiam
829 286 908 311 cum
930 275 1146 319 periculosae
1170 287 1237 320 par-

296 339 406 366 centes
417 352 428 368 ,
454 326 609 363 indictam
624 328 683 365 fibi
693 328 734 361 ad
755 326 839 361 alios
849 336 979 370 poenam
1000 326 1214 361 extenderent
1228 350 1239 368 ,

294 377 494 420 itascilicet,
521 387 557 411 ut
577 377 601 411 fi
614 378 687 419 quis
707 376 748 410 ad
758 375 951 410 citationem
970 385 1076 410 meam
1089 377 1236 416 veniret,

292 428 450 473 praedistis
468 426 680 472 privilegiatis
695 425 847 460 Personis
870 425 1096 470 responsurus,
1122 427 1234 461 omnia

294 479 303 485 '
334 479 342 487 '
405 478 760 532 bona-fipnfisgpreutur
785 500 799 519 ,
822 475 919 520 ipso,
941 475 987 509 οὸ
1009 475 1100 520 quod
1119 486 1233 511 -oeram

289 478 391 578 Q
410 525 622 573 respoffldissff
631 548 643 577 3
667 524 802 571 publico
822 526 940 572 carceri
954 524 1144 571 deputando
1156 551 1164 559 .
1194 527 1231 560 In

269 577 499 636 .-?ccflsatione
508 573 745 627 §oe‘qfraporum
765 575 872 613 eidem
884 586 1017 625 quoque
1037 587 1141 622 poenaz
1163 576 1233 624 sub·

288 628 486 672 flectentur,
513 622 581 660 tim
601 623 782 661 Accusator
803 626 861 671 qui
874 636 936 660 nos
956 622 1103 667 adii'ffet,
1131 627 1231 670 quam

289 676 474 718 Accusatus
493 675 551 721 qui
572 687 685 713 coram
707 676 804 717 nobis
825 675 1061 719 respondiffet.-
1083 675 1187 723 Quod
1209 677 1230 710 fi

288 727 343 761 vel
360 724 584 767 in'istosr-eo
592 725 684 771 quod
705 737 814 761 coram
826 724 923 761 nobis
940 726 1134 770 respondere
1161 726 1231 760 nol-

290 777 360 811 lent
372 801 384 818 ,
410 777 461 812 vel
475 778 508 810 in
520 776 603 811 alios
617 776 782 820 quoslibet
799 777 817 809 ὲ
829 777 920 824 Rege
932 775 1132 821 Possidentes
1145 778 1230 821 prin·

285 827 435 871 cipaliter
446 852 458 867 ,
483 827 556 870 ipfis
570 826 764 862 inconsultis
773 850 787 872 ,
801 826 1153 862 excommunicationis
1164 828 1229 861 sen-

285 877 428 912 tentiam
448 876 601 912 distarem
623 902 634 917 ,
660 877 780 911 scirent
797 876 918 912 exinde
941 877 1227 913 Excommunicati

284 926 338 969 illi
359 927 447 976 Regi
471 937 539 963 non
568 926 806 971 displiciturum
828 950 841 968 ,
862 926 890 960 -fi
916 927 967 963 vel
991 927 1026 963 in
1050 927 1228 962 Personam

266 977 395 1012 *meam
406 988 544 1013 manum
553 977 791 1019 extenderent,
815 977 867 1012 vel
889 976 925 1012 in
949 977 1038 1012 bona
1053 979 1229 1025 granaten-

292 1034 369 1068 tur,
395 1027 445 1062 vel
463 1026 499 1061 in
512 1027 670 1062 Personas
689 1027 743 1063 vel
765 1029 799 1062 in
820 1027 909 1062 bona
920 1027 1127 1062 clericorum
1138 1038 1223 1061 meo·

287 1087 360 1111 rum
387 1101 400 1118 ,
423 1077 480 1121 qui
503 1078 677 1112 sententias
697 1090 739 1113 ex
761 1077 924 1112 Mandato
946 1088 1023 1113 meo
1045 1077 1229 1123 promulga-

284 1136 378 1168 rent,
404 1136 461 1161 aut
474 1128 694 1172 promulgatas
713 1126 939 1162 observarent.

343 1175 399 1216 Ad
426 1175 492 1211 haec
510 1188 575 1222 ego
591 1178 658 1212 illis
677 1177 903 1213 &reverenter
927 1176 1141 1213 &humiliter
1161 1178 1227 1212 res-

282 1226 410 1270 pondi,
438 1237 586 1268 oportere
601 1239 654 1261 me
668 1228 782 1262 omnia
804 1227 893 1268 haec,
921 1227 999 1262 licet
1013 1229 1103 1263 solus
1123 1228 1226 1263 audis-

1260 87 1553 140 TOLAE

1297 176 1426 214 tautirm
1438 178 1646 222 prosecutus,
1666 175 1709 211 in
1727 173 1972 219 emptoitincre
1988 177 2092 218 institi
2105 202 2116 219 ,
2141 177 2229 218 &ab

1278 227 1279 230 ’
1297 225 1413 263 eodem
1435 226 1551 262 Castro
1559 252 1570 269 ‚
1598 226 1631 261 id
1648 226 1713 267 est,
1737 227 1756 261 a
1776 225 1914 270 Luthiis·
1927 250 1938 266 ,
1965 231 2166 271 msentium
2186 229 2230 263 la-

1298 285 1400 312 torem
1411 278 1451 312 ad
1462 288 1520 312 vos
1530 277 1651 312 remifi.
1678 276 1815 311 Praemisr
1835 276 2149 322 ammonitorem,
2173 290 2227 323 per

1297 337 1394 370 quem
1417 327 1580 363 Abbatem
1603 327 1911 367 Pontiniacensem,
1936 335 1972 362 ut
1994 326 2076 362 mihi
2097 330 2133 364 in
2158 329 2230 365 Cu-

1298 377 1344 411 ria
1362 388 1511 413 occurrat
1532 403 1545 420 ,
1571 378 1679 412 invito
1702 402 1713 418 ‚
1738 377 1795 421 qui
1816 376 2115 419 Clam-vallensi,
2140 379 2174 413 dc
2187 378 2228 414 de

1296 426 1490 462 Fossa-nova
1508 453 1520 469 ,
1546 428 1684 464 Ordinis
1708 429 1756 462 sui
1781 426 1966 462 Abbatibus
1986 451 1998 468 ,
2033 427 2069 462 in
2089 428 2229 473 negotio

1298 475 1410 511 nostro
1421 477 1596 514 nobiscum
1608 487 1802 522 cooperetur
1813 501 1825 517 ,
1851 478 1873 511 fi
1893 477 1970 511 illos
1981 477 2065 512 forte
2078 477 2113 512 in
2125 477 2228 523 Curia

1297 525 1530 564 invenerimus.
1558 527 1713 577 Qibus,
1739 528 1938 572 proutDeus
1949 526 2143 572 permiserit,
2172 538 2230 563 ex-

1295 576 1410 619 pletis,
1436 576 1610 622 Nuncium
1630 577 1671 617 ad
1691 589 1749 612 vos
1767 578 1907 623 dirigere
1928 577 2115 615 curabimus
2135 587 2230 621 „per

1294 637 1390 669 quem
1410 629 1523 662 omnia
1541 629 1583 663 ad
1606 640 1663 663 vos
1695 628 1746 663 vel
1765 627 1807 666 ad
1834 640 1895 663 nos
1915 628 2133 671 pertinentia,
2156 638 2227 672 quae

1293 677 1489 721 cognitione
1510 678 1607 724 vestra
1629 679 1731 724 digna
1755 677 2014 719 existimabimus
2034 703 2046 719 ,
2080 676 2173 712 vobis
2195 677 2231 710 fi-

1292 726 1449 770 gnificare
1467 724 1678 763 studebimus.
1705 728 1758 762 De
1768 739 1883 764 caetero
1904 727 2099 764 paternitati
2122 726 2229 761 vestrae

1295 777 1438 820 supplico
1449 788 1510 822 pro
1526 778 1659 825 Clerico
1682 779 1806 820 vestre,
1834 778 1958 813 Amico
1976 789 2071 818 meo,
2095 776 2234 811 Tursta·

1291 837 1339 860 no
1358 827 1546 868 deBurinS,
1572 839 1609 863 ut
1619 829 1723 874 gratia
1735 829 1834 863 vestra
1856 829 1896 863 ad
1917 839 1969 863 me
1993 828 2044 862 vel
2070 827 2166 862 semel
2180 828 2232 860 vi-

1292 875 1435 911 dendum
1458 879 1568 912 venire
1592 879 1757 922 permittat
1771 892 1782 912 .·
1809 890 1925 922 quem,
1953 880 1977 913 fi
1998 878 2158 922 obsequio
2176 887 2232 912 ve·

1262 966 1266 969 .
1292 925 1358 961 stro
1378 928 1572 976 necessarius
1591 929 1636 964 est
1658 954 1670 971 ,
1706 927 1801 963 vobis
1822 929 1986 967 contiuuo
2006 929 2227 969 remittemu82

1293 975 1382 1020 Bene
1395 977 1499 1013 valete
1517 1003 1526 1011 .

1488 1077 1519 1110 E
1544 1077 1571 1111 P
1598 1079 1614 1112 1
1639 1079 1660 1113 S
1685 1077 1724 1111 T
1747 1078 1782 1111 Ο
1809 1077 1837 1112 L
1867 1075 1900 1110 A
1976 1077 2028 1112 11.

1311 1174 1457 1211 Thomae
1482 1177 1709 1212 Cantuariensi
1730 1175 1855 1211 Archi·
1869 1176 2031 1221 Episcopo
2053 1176 2197 1220 Ioannes

1543 1228 1751 1262 Pistavienfis
1763 1228 1943 1271 Episcopus
1959 1251 1967 1259 .

283 1277 374 1317 sem,
398 1275 597 1311 adNEccleliae
619 1287 696 1310 meae
716 1278 832 1312 referre
842 1277 1077 1312 conscientiam
1095 1303 1108 1320 ,
1133 1278 1226 1321 cujus
1259 1288 1264 1320 ς

281 1335 374 1360 eraut
394 1325 560 1361 libertates
581 1324 643 1360 511ae
663 1350 675 1367 ,
701 1326 994 1371 quibus-hactenus
1015 1330 1090 1362 usus
1112 1339 1201 1362 eram
1214 1352 1225 1368 ,

283 1376 319 1410 &
331 1385 420 1410 nunc
431 1376 479 1411 uti
503 1375 698 1420 prohibebar
709 1401 716 1409 .
741 1377 874 1422 Quibus
886 1377 1042 1412 omnibus
1063 1379 1084 1412 fi
1096 1378 1167 1421 ipsis
1178 1378 1226 1411 in-

281 1425 443 1460 consultis
453 1426 706 1468 renunciaffem,
736 1426 821 1462 nihil
832 1429 936 1469 adum
948 1426 1046 1468 esse't,
1065 1428 1122 1462 nifi
1134 1427 1224 1472 quod

278 1472 316 1509 in
327 1475 442 1518 capitis
460 1475 525 1509 mei
539 1476 721 1519 periculum
744 1476 925 1512 redundare
950 1477 1052 1521 poffet
1064 1502 1072 1510 .
1098 1477 1223 1511 Verum

280 1523 358 1559 cum
382 1524 632 1558 communicato
654 1536 730 1559 cum
752 1525 897 1560 Ecclesia
916 1526 1025 1560 nostra
1046 1526 1147 1561 verbo
1170 1536 1224 1560 me

281 1572 503 1608 nihilominus
524 1573 560 1607 in
575 1573 732 1608 libertatis
748 1574 865 1608 nostrae
883 1574 1113 1619 prosemtione
1122 1577 1224 1619 perse-

283 1633 468 1658 veraturum
481 1624 709 1667 cognovissent
722 1647 733 1663 ,
760 1623 985 1667 primdcoram
997 1623 1155 1669 plerisque
1167 1623 1225 1657 Ba-

280 1673 419 1709 mnibus
439 1672 687 1706 pictaviensium
700 1696 710 1712 ,
737 1670 855 1705 deinde
875 1682 988 1706 coram
1005 1673 1122 1707 nostris
1134 1674 1226 1708 Civiae

279 1723 342 1757 bus
352 1724 407 1757 sua
429 1720 559 1766 publice
577 1720 866 1765 promulgaverunt
891 1719 1024 1756 Edicta.
1051 1722 1146 1755 Hinc
1165 1723 1225 1755 mi·
1247 1741 1249 1743 -

280 1771 337 1813 bi,
362 1773 441 1807 ficut
462 1770 648 1815 supradixi,
674 1771 826 1805 Turonis
849 1770 1096 1814 proficiscendi,
1123 1771 1226 1805 &cae-

280 1830 426 1858 temtum
437 1820 704 1855 Ministerialium
717 1819 821 1865 Regis
831 1819 1004 1855 confilium
1024 1820 1219 1863 explorandi

281 1873 490 1915 occalionem
501 1870 633 1913 accepi.
661 1869 781 1913 Adjeci
793 1892 805 1911 ,
831 1870 957 1915 quddfi
975 1869 1058 1905 forte
1067 1870 1152 1915 apud
1168 1880 1225 1904 eos

281 1922 363 1957 certi
374 1917 595 1955 mihiconfilii
620 1928 707 1954 certa
719 1921 826 1955 forma
848 1931 917 1954 nou
929 1929 1116 1964 appareret,
1141 1918 1224 1954 illud

278 1971 418 2006 Senonis
439 1970 474 2004 in
496 1969 674 2005 Secretario
695 1969 839 2004 Domini
862 1970 957 2014 Papae
975 1970 1145 2013 explorare
1155 1980 1224 2006 uon

281 2022 360 2055 effet
373 2019 492 2054 inutile
508 2047 515 2054 .
540 2019 608 2054 Sub
619 2019 715 2064 hujus
724 2019 977 2055 consultationis
996 2018 1137 2069 obtentu
1148 2029 1224 2053 cum

279 2070 433 2105 Turonis
445 2070 654 2113 perveniffem
667 2094 678 2110 ,
705 2069 816 2104 inveni
840 2069 931 2113 supra
955 2069 1148 2111 nominatos
1162 2069 1227 2103 Re·

281 2120 536 2167 gis'Officiales,
560 2118 625 2159 jam
638 2120 768 2154 firmato
789 2119 926 2156 confilio
947 2118 1039 2164 quod
1062 2120 1098 2154 in
1110 2118 1226 2153 Arver-

282 2172 373 2205 niam
396 2169 697 2214 proficiscerentur,
723 2169 794 2213 ipso
811 2169 866 2216 die
875 2169 917 2203 ad
931 2167 1082 2211 Castrum
1098 2192 1110 2209 ,
1134 2167 1225 2211 quod

285 2218 418 2255 Lutbiae
427 2220 640 2261 nominatur,
666 2221 826 2263 profestos
846 2220 928 2253 effe.
952 2218 1052 2265 Qos
1073 2228 1138 2263 ego
1147 2228 1225 2250 con-

287 2271 422 2305 tinuato
432 2269 624 2313 duplorna'te
636 2271 737 2311 usque
757 2267 797 2302 ad
809 2267 896 2302 idem
908 2267 1062 2302 Castrum
1073 2268 1226 2310 prosecu-

270 2318 335 2355 [tus
345 2343 357 2359 ‚
383 2319 507 2362 ibidem
519 2318 739 2353 Wilhelmum
752 2318 861 2355 filium
877 2317 1044 2352 Hamonis
1064 2318 1098 2352 ὅτ.
1110 2316 1226 2361 Hugo·

282 2362 358 2405 nem
371 2370 413 2404 de
424 2369 537 2404 Cleers
559 2369 679 2413 reperi.
705 2369 821 2403 Caeteri
832 2367 897 2411 jam
924 2366 966 2402 ab
978 2378 1054 2402 ante
1076 2377 1224 2401 auroram

272 2418 324 2455 'ad
337 2418 488 2455 Castrum
508 2417 677 2462 Radulphi
703 2419 764 2452 iter
781 2418 999 2461 arripuerant.
1026 2415 1127 2460 Apud
1145 2427 1226 2458 quos

284 2481 361 2504 cum
374 2468 459 2504 nihil
472 2468 599 2503 consilii
609 2468 678 2502 fere
690 2492 701 2508 ,
721 2468 812 2512 quod
835 2466 875 2501 ad
892 2467 1066 2516 negotium
1079 2467 1228 2501 Ecclefiae

282 2531 363 2554 meae
381 2518 541 2554 attinebat
555 2542 566 2558 ,
591 2517 802 2558 invenissem,
830 2514 956 2565 gaudio
968 2528 1077 2555 tamen
1098 2517 1228 2563 gavisus

280 2571 352 2604 sum
376 2595 387 2610 ,
429 2567 518 2611 qued
553 2568 836 2612 opportunitatem
863 2568 973 2612 accepi
1004 2565 1225 2602 conveniendi

283 2619 390 2663 ipsum
413 2619 596 2662 Hugonem
615 2618 656 2651 de
683 2617 795 2652 Cleers
820 2619 913 2660 super
934 2618 1069 2658 litteris,
1094 2626 1174 2663 quas
1195 2615 1226 2650 ei

272 2667 466 2702 'mittebatis
486 2692 492 2698 .
522 2666 676 2708 Cumque
699 2667 920 2709 praesenfiffem
946 2691 958 2707 ‚
983 2666 1074 2711 quod
1086 2666 1129 2701 G.
1154 2665 1228 2700 Cle-

285 2718 371 2753 ricus
395 2717 463 2760 ejus
482 2714 608 2762 ibidem
631 2716 762 2760 praesens
782 2728 851 2751 nou
870 2719 969 2757 estet,
994 2715 1095 2760 adjeci
1119 2728 1172 2751 me
1193 2716 1226 2749 in

284 2765 455 2802 Mandatis
476 2766 629 2810 accepisse
647 2766 665 2800 a
679 2764 774 2800 vobis
785 2790 796 2807 ,
822 2765 913 2810 quod
924 2777 988 2811 ego
999 2792 1010 2809 ‚
1022 2795 1024 2797 ,
1036 2768 1059 2801 fi
1074 2767 1130 2802 ille
1142 2766 1228 2800 abes-

285 2819 332 2852 set
352 2843 363 2858 ,
389 2818 423 2851 in
446 2816 561 2851 litteris
581 2815 748 2860 legendis,
774 2816 808 2850 &
829 2816 864 2849 in
889 2815 1033 2857 eisdem,
1056 2816 1227 2862 'postquam

287 2868 368 2909 ledie
391 2868 514 2907 effent,
541 2863 824 2900 communicandis
847 2889 858 2906 ,
883 2866 918 2900 &
938 2867 1037 2900 etiam
1062 2867 1097 2902 in
1123 2866 1228 2901 rescri—

288 2916 400 2951 bendo
422 2915 514 2950 vobis
537 2940 548 2956 ,
572 2916 594 2949 fi
616 2916 697 2960 quid
724 2914 893 2950 rescribere
931 2915 1026 2950 vellet
1049 2941 1060 2957 ‚
1089 2917 1228 2952 absentis

288 2966 398 3001 locum
422 2965 620 3010 supplerem.
649 2966 692 2999 Et
703 2964 862 3010 quoniam
885 2966 1024 3008 spatium
1039 2966 1087 3001 illi
1108 2968 1150 3002 ad
1172 2977 1230 3005 ea,

290 3028 361 3061 quae
384 3015 554 3050 rescribere
575 3015 728 3055 volebat,
755 3026 824 3050 non
847 3015 1055 3059 suppetebat,
1082 3018 1230 3061 impeti-‘a-

290 3067 339 3101 vit
352 3066 434 3100 ame
446 3091 457 3107 ‚
484 3076 520 3100 ut
542 3065 664 3100 litteras
677 3090 688 3106 ,
714 3076 794 3108 quas
812 3065 854 3098 G.
866 3066 923 3099 suo
935 3065 1114 3101 mittebatis
1127 3092 1138 3107 ,
1166 3068 1232 3111 ipse

290 3117 326 3150 in
348 3127 448 3150 manu
471 3117 525 3150 sua
547 3115 684 3149 fideliter
705 3116 883 3159 reciperet,
907 3115 1048 3155 &illas‚
1075 3128 1154 3160 quas
1168 3117 1230 3160 ,ipfi

280 3166 493 3214 ⁸praelegeram
522 3191 532 3206 ‚
559 3165 618 3200 sub
639 3165 715 3199 fidei
740 3167 802 3200 suae
823 3165 1063 3209 pollicitatione
1083 3166 1207 3200 Divina
1222 3190 1232 3205 ,

283 3213 434 3260 'respectu
456 3227 564 3259 tamen
591 3239 603 3256 ,
628 3226 664 3249 ut
688 3215 863 3256 existimo,
890 3215 1068 3250 affectionis
1090 3216 1231 3251 Domini

293 3266 341 3298 sui
355 3291 364 3305 ,
390 3266 444 3300 cui
458 3292 468 3306 ‚
495 3264 655 3310 quantum
667 3265 925 3311 animadvertere
940 3266 1065 3309 possum
1079 3290 1090 3305 ,
1116 3266 1211 3300 timet
1224 3292 1232 3306 ,

295 3326 339 3347 nc
351 3316 432 3349 forte
456 3317 488 3349 in
503 3313 554 3349 his
567 3338 576 3354 ‚
600 3326 672 3363 ¹quae
693 3317 784 3360 agit,
809 3315 827 3348 ὲ
847 3315 944 3356 Deo,
974 3326 1072 3359 quern
1091 3313 1230 3349 offende-

295 3375 329 3397 re
355 3364 481 3397 videtur
503 3390 512 3404 ‚
540 3366 735 3408 percutiatur
757 3391 764 3397 .
793 3365 869 3410 Ego
888 3364 964 3399 vero
984 3366 1169 3400 Dominum
1197 3365 1233 3398 E—

298 3413 519 3455 broicensem,
543 3415 667 3450 &illos
690 3416 832 3459 quicum
853 3426 895 3450 eo
917 3415 1070 3463 praeibant
1084 3441 1094 3458 ,
1121 3415 1236 3450 litteris

1261 1322 1264 1327 ’
1287 1326 1528 1368 Reverendiffimo
1549 1329 1695 1368 Domino,
1721 1338 1758 1360 ac
1778 1330 1867 1360 Patri
1888 1326 2063 1366 Sanfflffimo
2083 1324 2219 1364 Thomae,

1360 1378 1418 1410 Det
1434 1381 1540 1420 gratia
1560 1375 1769 1418 Cantaurienfi
1782 1375 2029 1420 Archi-Episcopo
2049 1400 2059 1416 ,
2080 1373 2154 1418 suu!

1414 1429 1578 1471 Joannes,
1605 1426 1799 1465 Piffavienlis
1819 1426 1954 1469 Ecclefiae
1970 1425 2093 1459 humilis

1490 1478 1630 1511 Sacerdos
1644 1500 1655 1517 ‚
1677 1476 1804 1520 salutem
1829 1479 2020 1520 &spiritum

1652 1526 1846 1570 fortitudinis
1858 1552 1866 1561 .

1360 1622 1554 1658 Raeveniffet
1564 1624 1750 1660 tarditatem
1762 1636 1867 1658 meam
1879 1626 1914 1658 in
1927 1626 2106 1659 litterarum
2119 1625 2232 1660 vestra-

1383 1683 1454 1706 rum
1475 1672 1702 1709 benedictione
1722 1674 1918 1718 diligentia,
1946 1674 2004 1707 uili
2027 1672 2234 1717 praesentium

1286 1722 1409 1754 Larore
1419 1721 1573 1755 diuturna
1587 1745 1598 1761 ‚
1625 1724 1703 1757 ficut
1715 1722 1812 1755 nobis
1826 1724 2049 1765 proponebat,
2075 1723 2231 1758 detinuis-

1286 1769 1332 1802 set
1356 1769 1530 1804 infirmitas
1547 1794 1554 1801 .
1582 1770 1692 1813 Hujus
1711 1771 1820 1814 itaque
1841 1771 2043 1815 aegritudinis
2065 1771 2232 1806 beneficio

1294 1817 1399 1852 debeo
1411 1843 1421 1859 ,
1447 1818 1536 1862 quod
1549 1830 1658 1854 meum
1670 1822 1755 1864 apud
1767 1832 1824 1854 vos
1834 1822 1986 1855 excusare
1997 1821 2124 1863 possum
2138 1822 2229 1857 silen-

1287 1868 1389 1902 tium:
1415 1869 1522 1903 immo
1544 1869 1634 1911 quod
1645 1881 1716 1905 mea
1728 1870 1897 1905 manifeste
1917 1882 1985 1905 non
1995 1871 2040 1904 est
2053 1870 2234 1914 deprehen}

1287 1919 1319 1952 sa
1330 1917 1553 1963 negligentia.
1583 1919 1728 1961 Verum,
1753 1930 1789 1954 ut
1811 1920 1917 1955 verius
1937 1920 2066 1960 dicam,
2095 1921 2232 1957 &salve

1286 1967 1463 2010 Maiestatis
1486 1967 1592 2003 vessrae
1613 1974 1792 2004 reverentia
1816 1970 1969 2005 licentius
1990 1979 2088 2015 atque
2099 1970 2232 2009 liberius

1288 2016 1426 2058 loquar,
1451 2026 1568 2052 neuter
1591 2018 1738 2054 nostrum
1757 2020 1836 2055 reste
1857 2019 2051 2055 excusabilis
2074 2030 2204 2064 apparet
2217 2045 2230 2063 ,

1284 2066 1363 2100 dum
1375 2067 1486 2101 nescio
1495 2078 1564 2111 quae
1578 2080 1647 2103 non
1660 2071 1806 2104 timenda
1819 2070 1972 2105 timemus
1982 2093 1992 2110 ,
2020 2071 2054 2105 δι
2065 2071 2235 2117 negligen-

1265 2117 1366 2165 {tiam
1385 2116 1529 2152 nostram
1551 2119 1686 2154 cautelae
1709 2121 1846 2155 nomine
1868 2121 2014 2155 velamus
2036 2124 2049 2160 ,'
2073 2127 2233 2165 tanquam

1265 2166 1481 2203 lexeuutibus
1496 2167 1514 2200 a
1529 2168 1623 2204 vobis
1652 2169 1695 2205 acl
1718 2182 1780 2204 nos
1798 2171 1975 2205 tendantur
2006 2168 2150 2211 insidiae,
2176 2168 2232 2206 vel

1287 2226 1401 2250 contra
1412 2240 1419 2248 .
1445 2215 1529 2258 Nou
1542 2219 1657 2262 recipit
1669 2218 1860 2263 hujusmodi
1873 2219 2102 2268 excusationes
2120 2221 2235 2255 amici·

1286 2265 1339 2298 tiae
1364 2265 1453 2300 illius
1480 2268 1681 2304 neceffitudo
1694 2292 1704 2308 ‚
1721 2281 1785 2314 qua
1812 2281 1872 2303 nos
1884 2269 2027 2314 usquein
2041 2267 2130 2303 hunc
2139 2269 2230 2304 diem

1285 2313 1404 2358 absque
1415 2316 1657 2352 intermistione
1669 2319 1824 2352 devinxit
1845 2331 1966 2352 mutuae
1978 2318 2232 2354 charitatisaffe·

1286 2365 1350 2399 &io
1363 2388 1375 2405 ,
1398 2365 1415 2398 ὲ
1429 2365 1697 2408 primisineuntis
1707 2366 1933 2400 adolescentiae
1956 2369 2055 2402 annis
2081 2369 2233 2411 usquead

1286 2415 1437 2451 omnium
1459 2415 1551 2450 sortis
1578 2418 1693 2452 nostrae
1725 2417 1775 2451 vel
1807 2415 2011 2451 conditionis
2044 2417 2207 2454 invidiam
2219 2442 2230 2451 .

1287 2465 1390 2500 Nunc
1401 2464 1478 2499 vero
1502 2475 1558 2500 aut
1580 2466 1727 2501 locorum
1748 2466 1925 2506 distantia,
1950 2476 2007 2501 aut
2026 2466 2233 2510 dignitatum

1288 2515 1490 2558 inaequalitas
1510 2516 1691 2555 affectionis
1712 2516 1849 2560 pristinas
1867 2517 2002 2550 titulum
2026 2516 2234 2559 aliquatenus

1288 2564 1668 2607 obscurarevideb'rtur,
1695 2567 1716 2600 fi
1742 2567 2024 2601 intercurrentium
2049 2566 2230 2601 cursorum

1267 2643 1269 2645 .
1288 2626 1456 2659 parcamus
1466 2615 1631 2655 laboribus
1641 2641 1648 2648 .
1675 2617 1709 2650 Si
1724 2628 1792 2651 uon
1803 2616 1934 2650 alterius
1944 2615 2036 2650 alteri
2050 2615 2230 2658 pleniffime

1289 2666 1476 2700 innotescat
1487 2666 1694 2706 sollicitudo,
1728 2666 1760 2701 in
1774 2677 1901 2701 tantum
1919 2675 1955 2699 ut
1966 2676 2104 2699 omnem
2126 2665 2230 2700 detra-

1288 2715 1369 2749 xiss‘e
1391 2714 1556 2750 videam'ur
1577 2715 1690 2750 localis
1700 2717 1911 2760 separationis
1931 2715 2102 2759 injuriam.
2129 2715 2232 2750 Sileat

1290 2766 1407 2810 igitur,
1435 2766 1572 2800 obsecro
1582 2766 1784 2801 Sereuissime
1795 2768 1943 2800 Domine
1953 2788 1964 2804 ,
1992 2766 2032 2799 de
2043 2775 2159 2799 caetero
2170 2764 2231 2799 hu·

1287 2816 1428 2859 jusmodi
1438 2815 1657 2855 excusationis
1671 2825 1837 2860 ptaetextus
1849 2841 1858 2856 ,
1885 2816 1918 2850 ὅ(
1931 2815 2021 2857 quod
2034 2815 2167 2848 vocibus
2179 2824 2235 2849 nei-

1290 2876 1403 2909 gatutn
1412 2865 1460 2898 est
1471 2889 1482 2906 ,
1502 2865 1658 2901 chartulis
1669 2866 1903 2900 concedamus.
1929 2864 2032 2911 Qod
2045 2864 2150 2898 verbis
2163 2875 2233 2898 non

1292 2915 1476 2958 possumus,
1505 2916 1622 2950 litteris
1632 2918 1869 2958 exprimamus.
1899 2915 2032 2949 illarum
2055 2915 2235 2948 inventori-

1291 2966 1349 3002 bus
1363 2975 1432 2999 uon
1456 2965 1631 3005 existamus
1643 2966 1785 3010 ingrati,
1813 2976 1955 3009 quorum
1972 2965 2089 2999 merito
2109 2964 2235 3006 aliquid

1289 3014 1457 3056 detraxisse
1472 3015 1633 3054 videbitur
1645 3039 1658 3055 ,
1685 3015 1830 3059 quisquis
1841 3027 1882 3048 ex
1894 3014 2003 3048 minus
2023 3013 2170 3049 evidenti
2180 3025 2234 3049 ne

1292 3065 1433 3100 ceffitate
1447 3064 1579 3106 illorum
1594 3065 1642 3099 uti
1653 3065 1819 3099 cessaverit
1827 3063 1990 3099 beneficio
2005 3089 2012 3096 .
2025 3064 2100 3098 Nec
2111 3073 2235 3108 prater-

1291 3114 1488 3156 mittendum
1500 3139 1512 3155 ,
1537 3114 1604 3159 qud
1614 3114 1654 3149 de
1663 3114 1923 3158 deprehensionis
1934 3114 2049 3157 injuria
2061 3113 2170 3147 nullus
2182 3123 2236 3156 per

1291 3165 1359 3200 Dei
1374 3164 1511 3209 gratiam
1548 3163 1887 3200 Inter-Nunciorum
1922 3164 2104 3199 nostrorum
2127 3162 2236 3196 adhuc

1294 3216 1449 3258 conqueri
1464 3215 1585 3258 potest.
1619 3214 1698 3248 Esto
1711 3223 1821 3249 tamen
1832 3239 1843 3256 ,
1868 3216 1921 3255 δε,
1947 3213 2036 3258 quod
2048 3212 2127 3247 absit
2142 3239 2152 3252 ‚
2169 3213 2233 3262 ge-

1296 3264 1487 3309 prehensum
1500 3264 1644 3308 aliquem
1657 3265 1790 3299 interim
1803 3275 1960 3308 ponamus
1974 3287 1985 3304 ,
2010 3264 2084 3305 quis
2096 3261 2176 3297 reste
2187 3263 2233 3295 in-

1291 3314 1420 3361 dignari
1435 3315 1553 3358 poterit
1563 3338 1575 3354 ,
1605 3315 1626 3347 fi
1643 3314 1718 3350 ,illas
1734 3340 1744 3354 ,
1771 3326 1840 3358 quae
1853 3314 1997 3349 Ecclefiae
2007 3313 2073 3347 Dei
2095 3314 2129 3347 δε
2143 3312 2248 3345 nobis>

1293 3367 1377 3399 fiunt
1390 3389 1401 3404 ,
1422 3364 1462 3400 ad
1476 3364 1665 3399 alterutrum
1678 3364 1885 3406 deploramus
1908 3363 2043 3406 injurias
2058 3365 2071 3396 ?
2092 3362 2178 3409 Qis
2188 3373 2238 3394 va-

1294 3416 1443 3461 pulantes
1463 3414 1496 3455 &.
1519 3414 1637 3457 injusta
1659 3415 1761 3459 passos
1782 3415 1860 3450 flere
1882 3412 2069 3458 prohibebit
2095 3413 2112 3445 ἒ
2139 3411 2234 3495 Nam-

2111 3473 2167 3506 qut
