2358 3776
431 135 523 174 192

1045 112 1598 163 EPISTOLAE

357 205 459 241 elafio
477 201 587 247 potius
599 224 610 242 ,
637 199 735 246 qnam
746 200 945 246 appellatio,
973 203 1140 247 respondit
1152 199 1302 236 similiter
1365 198 1442 236 dieti
1454 200 1560 245 Regis
1571 198 1705 245 Angliae
1721 198 1892 243 colloquio
1902 202 2098 248 frueremur,
2123 205 2300 245 Paternita-

356 258 449 299 super
464 253 529 287 hoc
544 251 671 287 nullum
684 251 826 287 Domini
840 252 936 296 Papae
947 253 980 286 se
991 253 1142 297 recepisse
1165 249 1296 286 manda-

355 315 448 344 tum,
477 301 692 338 &cumillud
703 303 857 346 receperit
875 326 887 342 ,
913 302 1065 336 consulto
1077 303 1300 347 responsurum

354 356 390 390 &
410 355 568 390 facturum
586 351 676 396 quod
698 353 782 386 ratio
805 351 973 386 distaverit
1010 376 1017 384 .
1042 352 1204 388 Ceterum
1228 361 1303 396 pau-

353 413 513 450 pertatem·
522 405 613 438 suam
625 403 659 437 &
671 403 801 436 suorum
813 400 854 435 ad
867 400 991 435 itineris
1000 403 1147 446 sumptus
1170 404 1204 437 &
1223 402 1296 436 lites

351 466 424 490 non
448 456 511 490 effe
534 453 687 488 idoneam
701 475 713 492 ,
748 451 784 485 δε
804 451 1015 486 clementiam
1035 450 1303 488 Christianissimi

349 503 453 550 Regis
463 502 528 538 hoc
553 504 621 536 fine
643 500 793 537 molestia
805 501 873 546 pati
897 513 965 536 non
979 503 1092 546 poste,
1117 502 1301 538 utliberali-

350 563 401 589 tas
419 555 511 598 ejus,
540 563 610 597 quat
631 551 801 587 exulantes
823 552 1003 596 Episcopos
1026 552 1169 587 decrevit
1189 552 1300 587 huma-

347 603 478 639 niffime
504 601 688 644 consolari,
714 602 835 637 eum&
848 601 1014 637 Coexules
1023 602 1097 636 suos
1110 602 1231 647 saepe&
1242 601 1298 636 diu

349 653 509 689 exhibere
524 662 661 698 cogatur
679 652 715 686 in
728 651 883 687 domibus
900 652 1033 687 alienis.
1061 653 1152 687 Nam
1170 652 1228 688 ubi
1252 653 1297 686 est

346 704 444 748 copia
468 703 682 745 vistualium,
710 702 837 738 facilius
858 701 903 736 est
915 713 1086 746 procurare
1113 704 1267 748 expensas
1290 727 1296 734 .

347 755 417 789 Die
451 764 564 789 autem
584 753 732 797 sequenti
769 750 1059 788 Christianiffimus
1084 753 1162 789 Rex
1187 753 1297 798 Lega-

345 815 402 839 tos
424 804 603 840 admittens
623 803 665 838 ad
688 802 918 845 colloquium,
947 803 1007 840 sub
1028 804 1190 849 religione
1214 802 1296 846 jura-

349 854 457 891 menti
467 855 622 900 putgavit
633 853 860 887 innocentiam
871 853 1016 889 Domini
1029 854 1273 890 Cantuariensts
1282 878 1292 894 ,

344 904 522 950 perhibens
543 905 574 940 ei
586 903 834 944 testimonium,
861 904 951 947 quod
963 906 994 939 ei
1017 905 1188 940 confilium
1211 904 1293 938 sem-

341 966 402 1000 per
410 955 544 991 dederat
555 979 568 996 ,
586 964 629 990 ut
642 965 705 998 pax
727 954 902 989 servaretur
930 954 1019 990 salvo
1031 953 1158 990 honore
1180 954 1295 989 utrius-

341 1017 409 1050 que
423 1004 545 1050 Regis,
573 1004 607 1038 ὅ(
618 1003 739 1048 Populi
752 1004 917 1049 utrimque
927 1005 1039 1040 debita
1058 1006 1170 1050 quiete
1179 1003 1295 1050 gaude·

342 1065 436 1090 tent.
467 1055 618 1099 Rogavit
637 1053 766 1090 Archi·
778 1055 960 1100 Episcopus
976 1057 1119 1102 Legatos
1130 1081 1142 1098 ,
1180 1066 1215 1090 ut
1232 1054 1297 1088 ali-

338 1104 432 1149 quod
447 1103 599 1139 Ecclesiae
619 1104 794 1153 consiiium
820 1105 958 1148 darent,
982 1107 1016 1141 δε
1037 1105 1297 1141 fialicubiexce·

338 1156 452 1196 deret,
481 1155 651 1190 rectiorem
663 1154 872 1191 ostenderent
899 1156 987 1190 viam
1001 1181 1008 1188 .
1036 1156 1089 1191 llli
1109 1167 1218 1192 autem
1240 1166 1297 1189 ze-

340 1205 413 1240 lum
424 1216 523 1247 q-uem
538 1203 638 1240 habet
661 1206 695 1239 in
720 1206 875 1241 Domino
891 1206 1132 1251 approbantes,
1157 1207 1188 1241 ei
1208 1217 1295 1241 com-

336 1256 415 1298 paffi
429 1258 527 1295 sunt,
552 1255 607 1288 sed
627 1255 670 1289 de
692 1257 858 1299 proposito
880 1257 951 1300 ejus
973 1268 1043 1291 non
1072 1257 1225 1291 dixerunt
1237 1256 1296 1290 ali·

339 1306 422 1349 quid
445 1304 709 1339 immutandum.
738 1306 793 1339 Sic
816 1306 892 1340 data
906 1305 1138 1341 benedictione
1151 1306 1192 1341 ab
1209 1306 1293 1340 invi·

339 1367 414 1390 cem
437 1355 669 1395 disperierunt,
695 1355 728 1388 ἀ
747 1356 868 1390 statum
891 1356 937 1390 est
963 1381 976 1397 ,
1001 1356 1034 1391 &
1061 1354 1198 1392 authore
1217 1358 1294 1391 Deo

336 1405 474 1440 stabitur
487 1405 523 1438 in
546 1403 667 1438 fini-bus
679 1405 747 1439 istis
758 1430 769 1446 ‚
798 1405 906 1439 donec
919 1406 1062 1441 Ecclefia
1073 1406 1291 1447 convalescat,

335 1455 371 1488 ἀ
383 1455 605 1497 persecutores
614 1453 682 1496 ejus
694 1464 751 1488 aut
760 1464 996 1489 convertantur
1009 1480 1020 1496 ,
1045 1467 1100 1490 aut
1125 1467 1256 1499 pereant

337 1503 406 1538 Illa
419 1504 550 1547 rogavit
573 1513 635 1545 pro
655 1512 720 1543 te,
744 1504 778 1537 δε
801 1514 917 1548 rogare
937 1515 1006 1539 non
1018 1506 1139 1549 ceffat,
1166 1515 1204 1540 ut
1217 1516 1287 1540 non

335 1553 470 1588 deficiat
491 1550 573 1587 fides
592 1561 670 1593 tua,
699 1552 802 1593 &tu,
831 1553 1108 1597 quandocumque
1131 1565 1293 1599 opportu-

334 1603 425 1639 nitas
446 1603 570 1644 fuerit,
594 1603 769 1638 conversus
790 1602 831 1637 ad
854 1602 950 1645 illos,
987 1604 1147 1639 confirma
1183 1606 1293 1641 fratres

335 1663 414 1690 tuos
424 1678 433 1687 .
462 1653 545 1688 Haec
556 1651 623 1687 illis
635 1651 785 1687 ostendes
797 1677 809 1693 ‚
835 1651 875 1687 ad
886 1664 969 1697 quos
981 1653 1091 1690 misius
1103 1665 1152 1689 es.
1168 1655 1293 1700 Lapsos

332 1706 447 1749 erige,
476 1703 599 1737 stantes
618 1701 759 1742 robora,
786 1711 823 1735 ut
847 1703 932 1736 firmi
957 1704 1035 1738 fint.
1065 1704 1180 1740 Plures
1200 1706 1291 1741 enim

332 1755 409 1788 sunt
423 1752 556 1797 patroni
580 1751 613 1785 δε
637 1750 820 1801 defensores
843 1751 991 1786 Ecclefiae
1009 1777 1021 1793 ‚
1048 1753 1149 1797 quam
1174 1754 1287 1798 impu-

333 1813 486 1849 gnatores
502 1826 510 1834 .
537 1802 621 1835 Eam
632 1812 703 1835 non
714 1800 837 1835 deseret
847 1801 883 1837 in
894 1800 1107 1837 tribulatione
1120 1826 1130 1842 ,
1156 1804 1214 1847 qui
1229 1816 1289 1848 pro

331 1854 528 1889 liberatione
539 1851 608 1894 ejus
623 1850 732 1894 posuit
744 1851 890 1885 animam
901 1853 992 1886 suam
1010 1878 1017 1885 .
1044 1853 1197 1889 Cauffam
1210 1853 1289 1888 San-

331 1905 374 1938 sti
390 1914 457 1937 non
468 1902 615 1936 deserent
628 1925 639 1942 ,
662 1911 723 1944 pro
736 1911 801 1944 qua
811 1902 906 1936 veriti
923 1912 991 1936 non
1005 1903 1078 1937 sunt
1093 1904 1287 1948 sanguinem

332 1955 427 1987 suum
439 1952 516 1987 dare
526 1976 534 1984 .
562 1951 665 1985 Hanc
676 1951 829 1986 omnium
842 1951 1016 1985 caelestium
1029 1954 1188 1987 virtutum
1215 1963 1289 1987 tue-

332 2015 388 2038 tur
404 2002 583 2038 exercitus:
612 2002 645 2035 &
672 2000 841 2044 majestas,
879 2012 948 2046 quae
967 2003 1121 2039 Satanam
1147 2004 1288 2037 conterit

332 2054 394 2088 sub
419 2052 554 2097 pedibus
577 2052 664 2092 suis,
691 2051 733 2085 de
756 2050 912 2086 membris
928 2050 1021 2095 ejus,
1056 2051 1214 2086 ministris
1237 2064 1290 2087 ne·

336 2103 473 2148 quitiae,
499 2113 535 2137 ut
547 2103 616 2145 spes
627 2100 773 2134 fidelium
787 2102 851 2143 est,
879 2102 914 2136 &
938 2101 1106 2146 promissio
1126 2112 1253 2147 patrum

333 2154 403 2190 cito
416 2179 428 2197 ,
452 2152 551 2189 facile
563 2177 575 2194 ,
600 2152 634 2186 δι
646 2150 784 2186 feliciter
796 2150 1012 2197 triumphabit
1023 2177 1031 2185 .

448 2250 865 2288 EPISTOLA
962 2249 1177 2285 XXVIII.

335 2353 532 2392 {Alexandro
557 2351 654 2395 Papae
687 2348 886 2384 Wilhelmus
904 2348 937 2383 δε
966 2351 1054 2385 Otto
1086 2349 1287 2386 Cardinales.

342 2451 343 2454 ’
391 2454 559 2494 Buatifflmo
587 2455 678 2486 Pam
698 2462 735 2484 ac
746 2453 871 2484 Domino
883 2475 896 2492 ,
922 2454 979 2484 Dea·
997 2455 1102 2494 gratia
1122 2452 1240 2485 Summo

440 2503 581 2546 Pontifici
598 2527 612 2542 ,.
637 2500 829 2537 VVt'lbelmus
840 2504 874 2536 (5
888 2506 958 2534 Otto
968 2525 978 2542 ,
1004 2503 1109 2535 eadem
1117 2513 1189 2546 gra-

471 2560 521 2589 tia
531 2549 720 2586 cardinales
737 2574 749 2591 ,
769 2549 900 2594 salutem
913 2549 1147 2594 &subjec‘lionis

487 2603 624 2648 obsequia
638 2624 649 2640 ,
675 2609 740 2635 tam
753 2602 866 2635 devota
876 2626 887 2643 ,
913 2603 1004 2644 quam
1015 2601 1126 2636 debita.

447 2702 691 2738 ENIENTES
728 2702 770 2737 ad
794 2712 913 2737 terram
952 2701 1153 2738 illustriffimi
1188 2704 1290 2750 Regis

473 2752 663 2797 Anglorum
687 2753 966 2792 controverfiam,
992 2753 1157 2797 quaeinter
1182 2755 1286 2799 ipsum

337 2808 373 2842 ὅ(
386 2803 656 2841 Cantuariensem
669 2802 803 2836 vertitur
815 2826 825 2841 ,
849 2801 1073 2838 vehementius
1092 2804 1190 2847 quam
1210 2806 1288 2839 mal-

339 2858 468 2897 lemus,
504 2852 692 2889 invenimus
725 2863 934 2896 aggravatam
956 2876 963 2883 .
1006 2852 1176 2889 Afferebat
1197 2857 1287 2889 enirn

338 2906 439 2944 Rex,
462 2906 497 2940 δε
519 2905 650 2938 suorum
672 2913 741 2945 pars
766 2901 904 2943 melior,
932 2904 1021 2945 quod
1045 2904 1132 2938 idem
1160 2905 1283 2939 Archi-

338 2957 525 3000 Episcopus
547 2952 777 2987 sereniffimum
800 2951 925 2995 Regem
939 2954 1139 2988 Francorum
1151 2956 1187 2989 in
1211 2966 1287 2991 eum

336 3006 481 3053 graviter
503 3005 721 3042 incitaverat,
757 3002 792 3035 ὅ(
815 3001 982 3035 Comitem
1011 3005 1243 3040 Flandrensem
1269 3031 1280 3048 ‚

337 3055 623 3100 consanguineum
649 3053 741 3087 suum
768 3074 779 3091 ,

338 3114 531 3145 rancorem,
556 3105 597 3139 ad
624 3103 729 3146 ipsum
753 3100 861 3136 subito
882 3100 1121 3145 diffidandum,
1148 3107 1182 3140 &
1197 3117 1288 3150 guer-

340 3167 411 3192 ram
436 3167 495 3200 pro
511 3155 600 3198 posse
626 3151 809 3187 faciendam
829 3151 1025 3193 induxerat,
1050 3154 1128 3188 ficut
1147 3155 1204 3189 fibi
1226 3167 1286 3199 pro

336 3217 429 3244 certo
441 3204 630 3243 constabat,
655 3201 902 3237 &evidentibus
916 3201 1045 3245 parebat
1060 3203 1210 3238 indiciis.
1244 3205 1291 3239 Si-

339 3257 473 3300 quidem
489 3255 566 3291 cum
589 3253 676 3288 idem
690 3253 811 3287 Comes
824 3252 864 3285 ab
878 3252 947 3295 ipso
970 3251 1063 3296 Rege
1073 3253 1289 3289 amicabiliter

340 3307 524 3342 disceffiffet
549 3329 560 3347 ,
597 3301 914 3346 Archi-Episcopus
934 3302 970 3336 in
1006 3303 1133 3347 propria
1155 3306 1287 3346 persona

341 3357 383 3390 ad
397 3357 468 3392 loca
481 3365 671 3401 guerrarum
682 3353 860 3393 accedens,
886 3362 954 3386 tam
979 3352 1105 3397 Regem
1127 3353 1286 3396 Franciae,

341 3406 438 3446 quam
463 3414 682 3440 memoratum
703 3402 860 3437 comitem
875 3402 917 3435 ad
927 3413 1076 3447 guerram
1090 3413 1148 3446 pro
1162 3404 1283 3439 viribus

341 3454 494 3490 incitavit
510 3479 518 3488 .
545 3455 634 3491 Cum
647 3453 748 3501 igitur
768 3452 856 3498 apud
878 3452 1068 3489 Cadomum
1091 3453 1199 3497 primo
1220 3454 1287 3498 jam

819 3052 875 3095 qui
897 3052 1025 3086 nullum
1047 3055 1135 3098 prius
1155 3055 1298 3100 gerebat

1365 252 1407 286 tis
1421 250 1683 291 vestraelitteras,
1705 249 1789 284 ficut
1809 249 1940 292 decuit,
1965 255 2113 290 manibus
2132 258 2217 304 Regi
2233 260 2302 295 red.

1365 300 1529 342 didimus,
1554 299 1671 343 quibus
1692 300 1867 345 diligenter
1891 301 2141 342 confidentis&
2154 310 2303 354 perleffis

1364 352 1400 387 in
1419 352 1536 387 medio
1560 351 1637 386 cum
1658 349 1699 385 ab
1723 351 1817 392 aliis,
1854 362 1933 395 quas
1950 363 2010 396 pro
2029 351 2143 391 eodem
2163 363 2302 406 negotiq

1364 401 1478 446 priusa
1489 401 1583 436 vobis
1593 411 1755 445 receperat
1768 425 1780 442 ,
1805 401 1917 436 minus
1931 402 2161 448 continentes,
2183 411 2219 445 ἀ
2243 411 2303 445 ali.

1362 452 1521 495 quatenus
1542 450 1766 487 dissentientes
1777 451 1960 487 viderentur
1981 475 1992 492 ‚
2021 452 2094 488 Rex
2115 454 2233 502 incepit
2251 462 2301 496 in.

1361 502 1556 549 dignatione
1579 502 1703 546 peruri,
1722 501 1814 536 &eo
1835 502 1990 547 gravius,
2018 503 2109 547 quod
2131 507 2163 540 se
2187 511 2300 550 procul

1361 551 1465 587 dubio
1485 553 1565 587 scire
1577 552 1708 587 dicebat
1726 553 1894 595 praefatum
1918 550 2042 587 Archi·
2055 554 2256 600 Episcopum
2281 586 2294 603 ‚

1361 602 1530 647 postquam
1541 603 1561 637 a
1573 602 1866 646 vobisgdivertimus
1875 628 1887 645 ‚
1915 603 2037 638 litteras
2050 607 2201 650 recepiss'e
2212 631 2224 648 ,
2233 611 2302 654 qui-

1361 651 1420 687 bus
1431 652 1449 686 a
1462 653 1573 688 nostro
1580 653 1711 697 penitus
1725 654 1829 689 fuerat
1840 654 2020 698 exscriptus
2029 654 2155 698 judicio
2169 681 2180 697 ‚
2206 666 2243 694 ut
2264 660 2300 695 in

1360 702 1646 749 nullovoogeretur
1666 712 1744 738 ante
1763 715 1826 738 nos
1845 704 2039 748 respondere
2065 730 2072 737 .
2107 704 2301 746 Affirmabant

1359 752 1508 797 insuper,
1534 754 1624 798 quod
1638 765 1694 794 ea,
1725 765 1793 796 qua:
1806 753 1896 789 vobis
1907 754 1947 789 de
1966 755 2112 799 antiquis
2129 758 2302 794 consuetu-

1357 802 1494 838 dinibus
1514 803 1644 849 Angliae
1666 805 1794 839 fuerant
1818 805 1993 846 intimata,
2033 806 2164 842 falsitati
2187 809 2302 851 potius

1359 853 1565 896 subjacebant
1586 878 1597 895 ,
1633 855 1728 897 quam
1752 854 1880 890 veritati
1900 855 2027 899 possent
2051 857 2150 891 inniti
2173 871 2185 891 .-
2211 859 2303 902 quod

1358 904 1470 946 utique
1491 904 1567 938 viva
1582 915 1664 938 voce
1675 904 1909 939 attestabantur
1923 905 2077 949 Episcopi
2092 932 2099 939 .
2125 907 2301 943 offerebat

1356 955 1457 988 etiam
1469 977 1483 996 ,
1506 954 1629 998 quodsi
1643 965 1714 997 quae
1735 965 1881 998 ternpore
1904 956 1963 990 suo
1985 956 2240 992 consuetudines
2262 959 2303 994 iu

1358 1003 1480 1048 Regno
1500 1004 1632 1049 Angliae
1642 1003 1828 1037 viderentur
1839 1005 1967 1047 adjecta
1977 1029 1990 1046 ,
2011 1017 2083 1048 quae
2094 1008 2229 1043 Statutis
2239 1007 2302 1043 Eo-

1356 1053 1538 1088 clefiasticis
1551 1053 1723 1088 obviarent
1736 1077 1747 1093 ‚
1771 1053 1877 1087 vestro
1888 1052 2028 1090 libenter
2037 1056 2173 1092 arbitrio
2185 1059 2220 1092 in
2233 1058 2302 1093 irri-

1358 1113 1429 1138 tum
1451 1113 1614 1138 revocaret
1628 1123 1638 1135 ·
1667 1102 1742 1137 Nos
1765 1102 1843 1137 vero
1864 1100 2194 1148 Archi-Episcopis‚
2221 1108 2301 1152 Epi-

1358 1153 1462 1198 scopis
1471 1179 1482 1195 ,
1503 1154 1537 1187 δε
1549 1153 1734 1188 Abbatibus
1744 1163 1832 1188 terrae
1842 1153 1902 1188 suae
1915 1153 2011 1187 nobis
2022 1153 2179 1197 adJunnis
2189 1179 2200 1196 ‚
2225 1168 2304 1193 cum

1357 1205 1451 1238 omni
1472 1203 1646 1249 diligentia
1664 1202 1847 1238 studuimus
1871 1203 1976 1238 facere
1991 1226 2002 1243 ‚
2038 1215 2080 1238 ne
2102 1204 2177 1240 Rex
2204 1206 2304 1242 nobis

1357 1255 1444 1298 spem
1457 1255 1545 1298 pacis
1556 1254 1697 1288 omnino
1709 1251 1926 1294 subtraheret,
1954 1252 2005 1288 sed
2029 1252 2070 1288 ad
2083 1253 2116 1288 id
2142 1255 2252 1299 potius
2268 1246 2303 1292 ᾖ

1357 1305 1557 1348 permitteret
1593 1303 1747 1339 inclinari
1773 1326 1785 1343 ,
1819 1314 1858 1338 ut
1887 1315 1962 1338 cum
1999 1303 2124 1339 Archi·
2137 1303 2303 1350 Episcopo

1356 1365 1424 1390 tam
1444 1354 1486 1389 de
1511 1365 1611 1399 pace,
1647 1353 1745 1398 quam
1770 1353 1811 1388 de
1832 1354 1957 1397 judicio
1976 1354 2184 1398 loqueremur
2204 1381 2212 1389 .
2245 1357 2302 1392 Sie

1356 1405 1504 1449 proprios
1527 1404 1676 1439 Clericos
1698 1404 1826 1439 nostros
1849 1404 1890 1439 ad
1913 1416 1989 1439 eum
2011 1416 2088 1439 cum
2100 1405 2217 1441 litteris
2227 1406 2303 1442 diri-

1355 1465 1492 1500 gentes,
1517 1464 1641 1489 certum
1663 1455 1723 1489 fibi
1746 1455 1857 1489 locum
1888 1455 1922 1489 δε
1945 1464 2054 1490 tutum
2083 1456 2265 1492 indiximus
2290 1480 2302 1497 ,

1356 1505 1413 1539 ubi
1426 1505 1460 1538 in
1470 1504 1569 1539 Festo
1591 1505 1696 1540 Satrai
1709 1504 1847 1539 Martini
1871 1504 1978 1539 secum
1991 1505 2150 1548 possemus
2160 1506 2301 1541 commi-

1356 1555 1441 1589 scere
1458 1555 1660 1589 sermonem.
1686 1554 1758 1598 lpse
1769 1563 1878 1590 tamen
1892 1555 2046 1599 quasdam
2072 1557 2304 1592 excusationes

1357 1601 1556 1647 praetendens
1567 1627 1580 1645 ,
1606 1604 1693 1639 diem
1705 1604 2011 1639 Festitranstulitin
2020 1607 2178 1647 octavas,
2205 1605 2298 1650 quod

1357 1654 1473 1699 utique
1486 1654 1519 1687 in
1533 1664 1591 1688 cor
1603 1653 1708 1699 Regis
1727 1652 1824 1688 altius
1835 1654 1931 1697 quam
1941 1655 2144 1690 crederemus
2162 1655 2301 1692 adscen-

1355 1704 1423 1738 dit.
1451 1703 1541 1738 Cum
1553 1714 1663 1739 autem
1681 1703 1759 1748 saepe
1778 1703 1882 1738 dicius
1891 1701 2235 1748 Archi-Episcopus,
2261 1706 2301 1740 li-

1355 1753 1406 1787 cet
1426 1764 1487 1787 nos
1516 1754 1548 1786 ei
1566 1754 1757 1788 offerremus
1773 1753 1932 1788 ducatum
1954 1778 1967 1794 ,
2004 1753 2040 1788 in
2075 1755 2167 1789 exitu
2187 1754 2300 1791 Terrae

1356 1802 1459 1846 Regis
1474 1800 1607 1846 Angliae
1620 1802 1727 1836 versus
1741 1803 1912 1836 Franciam
1924 1803 2111 1838 nullatenus
2121 1804 2219 1840 nobis
2237 1806 2304 1840 vel·-

1354 1852 1399 1885 let
1411 1861 1580 1885 occurrere
1593 1875 1604 1892 ,
1630 1862 1690 1886 nos
1713 1851 1772 1886 fibi
1797 1851 1920 1886 deferre
1943 1853 2111 1896 cupientes
2131 1855 2166 1888 in
2184 1865 2302 1890 terram

1355 1900 1456 1945 Regis
1479 1901 1620 1936 Franciae
1632 1901 1673 1936 ad
1691 1902 1799 1936 locum
1811 1926 1822 1943 ,
1848 1912 1943 1946 quem
1958 1903 2023 1945 ipse
2036 1904 2203 1939 mandavit
2215 1927 2226 1944 ‚
2251 1913 2301 1940 ac-

1353 1951 1522 1993 ceffimus,
1549 1962 1591 1985 ne
1601 1961 1655 1994 per
1667 1963 1728 1986 nos
1749 1951 1865 1992 staret,
1891 1952 1982 1995 quod
2000 1953 2035 1986 in
2060 1953 2153 1988 suum
2183 1953 2300 1990 debeat

1355 2000 1534 2035 redundare
1556 2000 1755 2044 profectum.
1784 2001 1938 2045 cumque
1958 2002 2024 2044 jam
2037 2004 2231 2040 nunciatum
2255 2007 2302 2040 es-

1355 2050 1402 2084 set
1411 2050 1621 2094 colloquium
1635 2073 1646 2091 ,
1670 2051 1704 2085 in
1727 2049 1877 2095 primisei
1898 2062 1976 2087 cum
2001 2054 2106 2089 multa
2127 2053 2300 2091 sedulitate

1354 2100 1506 2144 caepimus
1532 2099 1719 2144 persuadere
1731 2125 1742 2142 ,
1768 2102 1804 2136 δε
1824 2101 1983 2137 attentius
2003 2102 2171 2139 exhortari
2186 2128 2198 2146 ,
2222 2116 2300 2150 qua-

1355 2160 1451 2184 tenus
1471 2161 1546 2195 erga
1559 2149 1745 2185 Dominum
1765 2151 1893 2196 Regem
1904 2176 1917 2193 ‚
1942 2153 2063 2197 quippe
2074 2154 2131 2197 qui
2143 2154 2248 2189 multa
2259 2157 2296 2191 in

1355 2211 1429 2234 eum
1451 2202 1654 2244 congesserat
1677 2200 1833 2235 beneficia
1847 2226 1858 2242 ,
1884 2212 1957 2236 eam
1969 2201 2167 2239 humilitatis
2183 2205 2298 2240 osten-

1355 2250 1443 2284 deret
1468 2251 1606 2294 speciem
1619 2276 1629 2292 ,
1656 2262 1726 2294 quae
1747 2250 1844 2286 nobis
1865 2262 2088 2296 opportunam
2121 2256 2298 2299 querende

1356 2301 1443 2342 pacis
1454 2302 1622 2335 materiam
1641 2302 1856 2344 ministrarem
1884 2302 1925 2337 ad
1938 2301 2006 2338 haec
2015 2312 2124 2339 autem
2137 2304 2202 2350 ipse
2219 2316 2297 2342 cum

1355 2350 1419 2383 suis
1428 2350 1463 2382 in
1477 2360 1563 2392 parte
1576 2351 1725 2385 secedens
1736 2376 1747 2391 ,
1772 2350 1889 2386 habito
1899 2352 2034 2388 tandem
2045 2355 2185 2390 confilio
2197 2356 2296 2392 nobis

1356 2399 1547 2443 proposuit,
1572 2399 1664 2441 quod
1674 2402 1705 2434 se
1727 2401 1802 2435 satis
1818 2402 1905 2443 apud
1919 2402 2046 2446 Regem
2069 2404 2257 2441 humiliaret
2281 2429 2294 2446 ‚

1356 2449 1444 2483 salvo
1469 2447 1596 2483 honore
1617 2450 1705 2491 Dei,
1731 2449 1766 2482 &
1789 2450 1935 2484 Ecclesiae
1958 2451 2108 2486 libertate
2128 2455 2237 2496 salva,
2260 2448 2296 2490 dc

1354 2494 1454 2533 etiam
1467 2498 1639 2534 honestate
1651 2500 1794 2543 personae
1806 2500 1865 2533 suae
1875 2524 1886 2540 ‚
1912 2501 1947 2534 δε
1962 2501 2210 2542 poffeffionibus
2235 2504 2297 2538 Ec-

1354 2549 1542 2590 clefiarum,
1568 2550 1604 2584 ὃ(
1623 2549 1765 2593 amplius
1788 2550 1844 2584 sua
1857 2572 1868 2589 ,
1892 2550 1928 2583 &
1949 2550 2082 2585 suorum
2101 2552 2188 2587 salva
2205 2553 2297 2597 justi-

1354 2600 1400 2634 tia
1417 2624 1423 2631 .
1450 2599 1585 2647 Qibns
1600 2599 1706 2634 taliter
1717 2598 1939 2639 enumeratis,
1965 2611 2027 2635 nos
2048 2601 2080 2635 ei
2101 2601 2296 2647 diligentins

1355 2649 1548 2690 suadentes,
1573 2649 1663 2690 quod
1687 2649 1895 2683 necessarium
1915 2658 1982 2683 erat
1998 2649 2040 2685 ad
2060 2652 2210 2694 specialia
2239 2653 2294 2690 de·

1356 2699 1507 2734 scendere
1519 2723 1530 2739 ,
1556 2698 1633 2733 cum
1649 2699 1714 2742 ipse
1727 2710 1789 2733 nec
1807 2709 1930 2733 certum
1943 2698 2068 2743 aliquid
2083 2712 2142 2736 nec
2154 2703 2294 2747 speciale

1355 2749 1510 2793 proferret
1523 2773 1533 2789 ,
1559 2749 1784 2793 subsequenter
1803 2749 1846 2783 ab
1866 2759 1907 2783 eo
1927 2749 2130 2792 quaefivimus
2143 2777 2154 2793 ,
2179 2753 2294 2789 utrum
2332 2759 2355 2798 ἒς

1354 2801 1445 2844 super
1455 2798 1636 2834 rationibus
1649 2825 1661 2840 ,
1686 2811 1757 2842 quae
1769 2798 1878 2833 vestris
1898 2808 1989 2834 erant
2011 2799 2127 2835 litteris
2146 2813 2294 2840 annota-
2332 2826 2335 2828 -
2352 2826 2353 2829 =

1355 2861 1414 2891 tae,
1440 2848 1585 2884 nostrum
1609 2850 1709 2883 vellet
1733 2849 1840 2883 subire
1861 2847 2044 2892 judicium,
2070 2851 2151 2886 ficut
2162 2852 2234 2887 Rex
2256 2853 2291 2888 ἀ

1355 2898 1619 2944 ΕΡίΓσορί.Ρτὶὺε
1643 2899 1859 2942 promiserant
1882 2899 1913 2932 se
1932 2900 2089 2935 facturos.
2117 2901 2172 2936 Ad
2194 2901 2288 2948 quod
2332 2939 2337 2945 ,

1353 2950 1419 2992 ipse
1432 2947 1794 2994 nobisquaerentibusin
1805 2958 1958 2992 promptu
1975 2950 2140 2994 respondit
2162 2953 2196 2987 se
2216 2957 2290 2988 n'ou

1350 2999 1369 3033 ὲ
1389 2999 1482 3034 vobis
1504 3000 1580 3034 inde
1597 2997 1750 3042 recepisse
1761 2998 1977 3033 mandatum:
2004 3000 2090 3035 sedfi
2111 3001 2290 3046 prinsipfe
2330 3023 2336 3046 ,ν

1351 3060 1428 3083 cum
1437 3047 1594 3085 omnibus
1605 3048 1669 3083 suis
1681 3047 1806 3093 integre
1817 3049 2057 3092 restitueretur,
2081 3062 2164 3086 tunc
2181 3052 2292 3087 secun-
2322 3066 2339 3098 3

1351 3099 1431 3134 dum
1442 3099 1542 3143 quod
1555 3097 1596 3133 ab
1617 3098 1809 3143 Apostolica
1822 3097 1909 3134 sede.
1927 3100 2078 3144 reciperet
2099 3102 2134 3135 in
2154 3101 2290 3137 manda-
2330 3115 2339 3121 “

1351 3150 1412 3190 tis,
1439 3151 1474 3184 in
1485 3147 1547 3185 hac
1558 3157 1646 3193 parte
1667 3148 1853 3191 procederet
1870 3174 1879 3182 .
1906 3150 2057 3194 Sicergo
2078 3150 2096 3183 a
2115 3148 2289 3194 colloquio

1352 3200 1524 3234 redeuntes
1534 3223 1546 3240 ,
1569 3197 1645 3233 cum
1658 3198 1861 3242 verbaipfius
1874 3210 1935 3234 nec
1944 3198 1983 3234 ad
1996 3199 2155 3242 judicium
2175 3210 2292 3245 prove·

1351 3250 1461 3284 nitent
1481 3273 1492 3289 ,
1518 3259 1578 3283 nec
1601 3248 1642 3283 ad
1663 3249 1876 3285 concordiam
1897 3273 1910 3290 ,
1949 3260 2010 3283 nec
2031 3250 2141 3294 aliqua
2159 3251 2287 3285 ratione
2330 3252 2332 3256 '

1353 3299 1450 3335 vellet
1471 3299 1613 3333 cauffam
1627 3298 1768 3341 intrare,
1795 3310 1832 3335 ea
1851 3310 1922 3341 quz
1943 3299 2039 3333 nobis
2054 3300 2261 3335 innotuerant
2273 3324 2287 3341 ,

1353 3350 1439 3394 Regi
1458 3348 1664 3383 manifestare
1680 3349 1884 3391 curavimus,
1911 3349 2002 3393 plura
2021 3350 2181 3393 siquidem
2190 3359 2286 3392 prout
2323 3389 2327 3392 Δ

1351 3399 1466 3435 docuit
1487 3399 1662 3433 reticentes
1678 3424 1688 3439 ‚
1723 3400 1757 3434 &
1779 3410 1992 3443 temperantes
2011 3399 2139 3435 audita.
2173 3398 2286 3434 Nobis

1350 3451 1461 3496 itaque
1481 3449 1648 3486 locutioni
1666 3450 1768 3487 finem
1790 3448 2007 3493 facientibus,
2033 3448 2148 3484 Rex&
2170 3448 2284 3506 magui

2167 3508 2239 3541 vrri,

2356 3527 2358 3580 ἓ

2354 3581 2357 3649 l

2349 3655 2355 3776 5
