2358 3776
493 76 533 121 S.
570 72 870 121 THOMAE
905 66 1594 118 CANTUARIENSIS.

74 163 156 212 quid
177 163 211 198 in
235 158 383 196 maxillas
407 157 531 193 nostras
557 154 732 198 lachrymae
749 152 1006 196 nostraeitnpune

77 211 289 251 descendent?
314 208 468 252 Denique
490 209 589 243 etiam
613 206 709 240 nobis
728 203 869 239 omnino
887 203 1004 238 cessan-

72 265 186 302 ribus,
210 262 245 296 &
260 271 318 295 nec
333 270 413 294 voce
433 269 491 293 nec
501 258 629 301 Scripto
639 254 760 297 aliquid
787 253 1007 296 interloquen-

78 314 162 349 tibus
172 312 354 355 imponitur
370 334 380 350 ‚
407 308 495 353 quod
515 309 616 342 &nos
629 305 754 343 vestro,
782 305 883 338 &vos
895 302 1006 338 nostro

75 361 186 399 omnia
208 362 344 396 coniiilo
366 359 541 404 peragatis.
566 354 668 402 Qod
694 354 737 387 ita
752 364 861 388 verum
887 354 930 387 est
950 377 961 394 ,
988 352 1011 385 fi

76 412 277 456 idernspecie
299 410 472 445 confilium
490 406 615 447 utrique
639 402 797 447 inspirat,
823 413 860 438 ut
882 404 1012 446 impres-

80 463 184 496 siones
205 485 216 501 ,
241 472 319 506 quas
340 459 478 503 peccatis
498 454 613 489 nostris
634 453 841 498 exigentibus
865 453 1012 487 Ecclefiae

78 512 143 547 Dei
165 511 276 546 inferri
299 510 444 544 videmus
465 530 475 546 ‚
511 503 735 548 aequanimiter
770 515 838 538 non
863 502 1011 538 sustinea-

80 572 153 596 mus
176 586 184 594 .
217 561 250 595 Si
271 560 359 596 enim
381 556 445 590 Dei
467 554 611 589 Ministri
634 554 743 587 sumus
766 577 777 593 ,
806 552 874 587 haec
895 554 1008 596 utique

80 611 270 650 communi,
295 609 327 643 id
347 606 413 644 est,
437 604 565 638 Divino
592 605 817 644 pertradiamus
847 603 1010 644 consilio,

79 662 136 705 qui
147 655 492 696 demolientesvineam
515 652 812 688 DominiSabaoth
834 653 923 687 siccis
934 664 1011 687 ocu·

82 712 123 745 lis
137 723 203 745 non
214 708 356 745 videmus
370 730 380 746 ‚
406 706 462 749 qui
478 705 604 738 ruinam
617 704 747 737 Domus
767 703 886 737 Israhel
899 703 1010 738 saltem

83 760 320 803 lachrymantes
329 754 569 800 prosequimur.
597 751 691 787 Licet
713 754 803 787 enirn
816 764 876 788 nos
893 764 961 787 non
975 752 1012 787 il·

84 811 139 850 la,
164 819 226 853 qua
247 806 333 842 certe
351 805 539 840 deberemus
559 827 570 843 ,
599 803 829 846 perseverantia
851 804 1013 846 opposue-

83 860 201 899 rimus,
227 855 462 891 licetnondum
486 854 587 895 usque
599 852 639 886 ad
663 853 853 898 sanguinem
866 852 1015 887 restiteri-

85 919 178 948 mus,
206 907 282 941 licet
293 906 394 940 multa
417 915 474 947 pro
485 903 641 946 temporis
660 903 957 943 incommoditate,
982 902 1017 936 &

84 958 203 992 Matris
215 956 326 991 noflrae
334 956 453 990 Sanstae
465 954 623 988 Romanae
646 952 793 988 Ecclefiae
818 953 946 987 sciffura
959 952 1017 987 dis-

85 1007 337 1042 simulaverimus
349 1030 359 1045 ,
385 1017 484 1039 nemo
494 1015 605 1039 tamen
618 1014 672 1047 per
683 1004 822 1047 gratiam
835 1003 898 1037 Dei
911 1003 1018 1037 dicere

86 1057 229 1102 poterit,
255 1055 342 1100 quod
363 1066 476 1089 eorum
497 1052 604 1087 adhuc
623 1053 940 1087 comminationibus
957 1052 1021 1086 ces-

87 1109 220 1142 serimus
241 1131 252 1147 ,
288 1115 343 1139 aut
375 1104 551 1147 impietatis
581 1103 722 1137 consiliis
747 1104 1017 1138 consenserimus.

90 1156 184 1203 Quin
208 1166 338 1199 accepta
357 1154 511 1197 temporis
535 1154 783 1196 opportunitate
805 1177 816 1193 ,
843 1164 914 1197 quae
934 1152 1021 1185 secus

90 1209 159 1241 aeta
173 1206 266 1246 sunt,
291 1206 324 1238 δε
334 1204 477 1239 evacuari
490 1201 607 1246 poffint
618 1227 629 1242 ‚
642 1203 675 1237 &
690 1203 729 1237 ad
742 1204 854 1237 eadem
865 1212 1022 1236 evacuan-

89 1254 242 1290 dalibere
260 1265 320 1288 nos
345 1254 549 1295 interponere
576 1252 757 1286 valeamus.
787 1254 862 1286 Deo
872 1252 1020 1284 enimin-

90 1306 247 1339 cessanter
257 1304 376 1348 gratias
388 1304 509 1343 refero,
535 1299 623 1344 quod
635 1326 646 1342 ‚
672 1302 752 1336 ficut
771 1313 813 1335 ex
834 1301 972 1335 aliorum
990 1301 1023 1333 fi-

88 1353 130 1389 de
149 1353 318 1388 certissime
336 1363 433 1387 teneo
455 1376 465 1392 ‚
493 1350 693 1386 detestabiles
716 1351 784 1385 illas
812 1352 1023 1394 profanasque

88 1403 355 1443 consuetudines,
383 1414 454 1444 quae
462 1400 578 1437 diebus
593 1401 712 1435 nostris
726 1402 782 1436 sub
798 1401 1024 1436 innovationis

89 1453 229 1488 obtentu
251 1452 461 1497 promulgata:
481 1452 574 1492 sunt,
603 1462 670 1486 non
686 1451 831 1485 absolute
848 1475 857 1490 ‚
885 1451 963 1485 sicut
977 1461 1023 1484 ea·

90 1514 163 1538 rum
172 1505 353 1538 Innovator
370 1502 527 1547 gloriatur
539 1526 550 1542 ,
575 1501 792 1536 observandas
818 1501 1002 1544 promisistis
1014 1525 1023 1540 ,

90 1564 212 1596 neque,
241 1563 277 1587 ut
297 1553 443 1592 caeteris,
469 1551 589 1596 Scripti
612 1554 669 1594 (Α.
691 1551 817 1596 1164.)
842 1551 935 1584 vestri
956 1561 1025 1584 mu·

88 1603 243 1638 nimento
263 1602 456 1637 roborastis.

141 1651 268 1686 Verum
276 1652 318 1685 de
329 1652 513 1694 Legatione
526 1649 656 1694 Angliae
667 1648 877 1683 concedenda
900 1659 967 1683 non
979 1647 1023 1682 est

92 1701 184 1746 quod
196 1700 297 1735 vereri
310 1701 488 1743 quidquam
508 1698 651 1732 debeatis
661 1704 678 1735 ,“
698 1699 720 1731 fi
742 1698 845 1731 verbis
859 1697 1024 1739 Apostoli-

92 1750 230 1786 eisfides
246 1750 351 1791 aliqua
376 1747 485 1780 haberi
509 1747 629 1787 potest.
658 1747 760 1779 Gravi
782 1745 871 1777 enim
890 1744 1022 1777 redimit

91 1795 282 1844 paenitentia
303 1795 392 1829 illam
403 1795 532 1838 qualem
555 1794 704 1838 qualem,
731 1804 827 1836 quam
842 1792 1024 1827 Eboracen-

89 1849 264 1887 {isaei-at,
287 1845 544 1880 conceffionem.
572 1844 644 1878 Nec
656 1842 791 1877 moleste
812 1843 893 1877 ferat
905 1841 1023 1877 Domi-

91 1908 155 1932 nus
168 1907 258 1932 meus
274 1919 285 1936 ‚
309 1894 397 1940 quod
409 1894 428 1928 a
442 1893 586 1928 Domini
601 1893 693 1937 Papae
713 1894 746 1926 &
758 1892 866 1927 Curiae
877 1894 1023 1936 frequen·

90 1948 168 1983 tiori
181 1945 365 1981 visitatione
374 1944 537 1978 abstineo.
559 1944 612 1977 De
625 1942 780 1977 industria
793 1944 914 1977 etenim
925 1942 1023 1976 decli·

90 2007 137 2031 no
157 2022 168 2038 ‚
193 1995 302 2040 quoad
316 1995 429 2039 poffim
443 2018 455 2035 ,
466 1994 714 2027 pictaviensium
729 1992 912 2026 nostrorum
923 1991 1023 2026 detra-

90 2046 235 2087 aiones,
262 2046 318 2088 qui
332 2042 756 2089 quotiesillueaccedebam
775 2067 785 2081 ,
813 2041 898 2086 Regi
913 2041 1024 2075 scribe-

90 2107 125 2132 re
137 2108 204 2131 non
217 2095 378 2130 cessabant
397 2119 409 2135 ,
435 2092 523 2138 quod
546 2094 578 2126 in
593 2093 687 2136 ipsius
702 2091 962 2136 sugillationem,
991 2089 1025 2123 &

92 2145 338 2181 institutionum
359 2145 487 2178 suarum
510 2143 671 2177 laesionem
692 2143 842 2185 pleraque
867 2143 900 2174 in
925 2140 1026 2174 Curia

93 2195 324 2235 machinabar.
352 2193 546 2228 Consultius
567 2193 675 2235 itaque
687 2191 810 2226 credidi
832 2191 972 2234 personis
981 2189 1029 2224 di·

94 2244 250 2279 scretis&
273 2244 447 2287 Religiofis
468 2251 534 2276 tam
558 2242 657 2276 vestra
680 2253 777 2285 quam
799 2252 870 2275 mea
895 2240 1027 2284 negotia

95 2292 244 2332 credere,
269 2294 420 2327 &earum
439 2293 471 2326 in
492 2292 648 2335 parteista
672 2291 849 2334 operanti.
875 2289 977 2338 Qod
996 2290 1029 2323 &

97 2355 189 2378 nunc
199 2343 307 2386 paucis
318 2341 432 2376 diebus
452 2352 528 2375 ante
549 2341 728 2374 litterarum
754 2340 926 2373 vestrarum
946 2351 1029 2374 rece·

102 2393 249 2437 ptionem
273 2392 432 2428 feceram,
458 2390 516 2424 sub
536 2401 577 2424 eo
601 2388 752 2424 videlicet
772 2400 933 2433 tempore,
963 2401 1031 2434 quo

95 2441 268 2487 Paganum
278 2450 457 2485 cognatum
469 2449 580 2475 meum
593 2439 634 2475 ad
644 2451 700 2474 vos
712 2439 778 2474 misi
792 2465 798 2471 .
811 2440 932 2474 Nactus
944 2439 1034 2474 enim

97 2489 377 2535 opportunitatem
406 2490 465 2523 viri
488 2489 680 2524 venerabilis
699 2502 708 2531 ;
735 2489 768 2524 &
788 2489 966 2524 sanctitatis
989 2490 1033 2522 in·

99 2540 333 2584 comparabilis
345 2564 355 2580 ,
380 2539 524 2573 Domini
536 2539 675 2573 Abbatis
686 2540 944 2574 pontiniacensis
955 2563 965 2579 ,
978 2538 1033 2583 qui

99 2590 183 2626 forte
193 2590 267 2624 curn
289 2600 399 2624 amore
413 2589 532 2630 nostri,
560 2599 630 2623 tum
643 2591 746 2634 gratia
767 2590 960 2623 visitationis
970 2589 1035 2623 Ab·

102 2641 262 2675 batiarum
274 2664 285 2681 ,
312 2651 391 2683 quas
403 2639 436 2673 in
450 2639 562 2673 nostro
575 2639 772 2682 Episcopatu
789 2638 887 2673 habet
901 2664 911 2678 ,
923 2640 955 2672 in
971 2650 1035 2681 par-

100 2700 149 2725 tes
160 2690 282 2725 nostras
302 2689 535 2736 descenderat,
561 2689 658 2732 ipsius
685 2689 839 2723 industria
867 2690 1036 2732 pleraque,

99 2748 168 2775 tam
179 2740 218 2774 ad
231 2751 307 2781 vos,
326 2740 422 2783 quam
433 2739 473 2772 ad
487 2750 539 2773 me
554 2738 746 2782 pertinentia
758 2763 767 2779 ,
795 2737 834 2772 ad
848 2739 1035 2772 Dominum

99 2790 222 2834 Papam
236 2790 375 2824 securius
397 2790 579 2833 perferenda
600 2789 763 2823 commisi.
786 2787 972 2831 Specialiter
983 2798 1036 2821 au-

102 2849 168 2874 tem
191 2841 279 2883 super
297 2839 395 2873 verbo
420 2839 633 2883 LegationiS,
658 2839 810 2872 &Sandti
836 2837 1030 2882 Augustini.

103 2888 252 2934 Qaliter
272 2890 361 2924 enim
381 2890 492 2924 litterae
514 2889 705 2932 Legationis
727 2888 784 2922 sub
804 2887 1036 2932 indignatione

104 2938 259 2972 convitiis
270 2939 426 2982 permixta
438 2938 589 2973 Domino
602 2938 693 2982 Papae
714 2938 863 2973 restitutae
885 2939 1035 2977 fument,

105 2987 314 3031 &quomodo
327 2989 366 3023 ad
378 2989 564 3023 instantiam
582 2988 788 3032 quorundam
811 2986 1034 3022 cardinalium

104 3038 190 3081 quasi
209 3037 249 3070 ad
260 3038 447 3079 placandam
461 3038 562 3083 Regis
588 3039 851 3083 indignationem
867 3037 1034 3071 distriffio-

108 3098 158 3122 res
169 3086 262 3120 vobis
274 3086 382 3120 litterae
402 3100 458 3131 pro
471 3086 695 3123 benedicendo
709 3088 840 3122 Abbate
851 3089 956 3122 Sansti
971 3088 1036 3121 Au-

107 3137 230 3180 gustini
249 3136 372 3170 direstae
392 3138 452 3171 fint
465 3162 475 3178 ‚
502 3150 555 3181 per
577 3150 787 3173 communem
813 3137 968 3172 Amicum
981 3149 1035 3170 no·

108 3187 207 3242 sirum
225 3186 409 3220 Dominum
430 3186 610 3222 Henricum
630 3187 786 3223 Pisanum
808 3187 892 3222 mihi
911 3187 1036 3231 plenius

112 3243 317 3269 innotuerat.

148 3284 309 3331 Qamvis
320 3293 427 3319 autem
442 3287 585 3329 praefatus
597 3286 706 3322 Abbas
717 3289 749 3323 &
759 3288 961 3323 discretionis
972 3287 1036 3330 sue,

107 3335 145 3370 ἀ
160 3334 344 3378 Religionis
363 3335 481 3369 intuitu
497 3360 507 3375 ,
533 3347 673 3371 nec-non
690 3338 899 3382 &obsequii‚
926 3339 957 3371 in
971 3349 1036 3380 quo

109 3384 178 3420 illis
187 3386 335 3426 frequens
345 3383 479 3419 deservit
492 3410 502 3425 ‚
529 3385 561 3417 in
579 3385 677 3422 Curia
691 3388 867 3431 plurimum
874 3388 968 3433 poffit
979 3411 991 3429 ‚
1016 3387 1038 3422 si

210 3432 315 3474 Christ.
328 3436 407 3478 Lupi
415 3439 512 3477 Opera
523 3438 599 3468 Tom.
612 3438 652 3469 X.

1063 148 1391 194 tamenpraeceperitis
1404 172 1414 188 ,
1442 149 1638 191 &expedire
1657 152 1762 199 magis
1784 153 1878 189 vobis
1897 153 2007 188 videa·

1065 212 1138 243 tur,
1164 209 1222 234 nec
1232 199 1293 234 tibi
1304 197 1708 243 detrahentiumlinguas‚
1735 215 1794 238 nec
1805 204 1875 248 ejus
1889 228 1900 244 ,
1918 203 2006 249 apud

1067 249 1372 295 quemdetrahitur,
1400 248 1563 283 molestias
1584 259 1720 288 vereor,
1744 262 1803 286 nec
1829 255 1941 289 fleant
1964 254 2011 288 la.

1069 301 1180 336 borem
1198 300 1343 343 corporis
1369 298 1535 334 declinare
1556 323 1567 339 ‚
1595 309 1652 333 aut
1673 299 1853 342 sumptibus
1878 314 2007 346 parcere

1069 362 1194 394 quaero,
1221 352 1302 394 quin
1315 349 1355 384 ad
1369 349 1520 383 Mandati
1530 348 1623 383 vestri
1637 348 1812 392 imperium
1827 351 1860 383 in
1873 355 2008 394 persona

1074 401 1201 445 propria
1220 399 1261 434 ad
1272 399 1349 434 illos
1369 397 1562 434 adscendam
1574 423 1585 439 ‚
1612 397 1699 432 nihil
1712 398 1849 433 difficile
1862 401 1903 433 ad
1915 402 2009 437 labo·-

1073 462 1139 485 rem
1150 450 1338 485 existimans
1351 474 1362 490 ‚
1390 450 1423 483 in
1435 460 1502 493 quo
1516 449 1637 484 Matris
1647 460 1726 483 mea:
1737 450 1857 484 SanCiae
1871 448 2013 485 Cantua-

1074 501 1179 535 rienfis
1197 500 1347 534 Ecclefiae
1368 497 1564 534 utilitatibus
1585 498 1744 533 deservire
1768 497 1883 542 poffim
1908 522 1916 531 .
1944 499 2016 533 Nec

1075 552 1142 591 est,
1170 561 1205 585 ut
1216 550 1296 585 mihi
1311 550 1458 588 videtur,
1486 547 1577 592 quod
1598 547 1640 583 de
1652 549 1783 594 urgenti
1797 549 1938 584 Domini
1959 547 2024 582 Pa·

1076 600 1292 645 paeMandato
1317 600 1403 634 circa
1423 598 1685 634 benedicendum
1708 600 1815 633 Sancti
1832 597 2014 644 Augustini

1079 650 1240 686 Abbatem
1261 651 1352 692 supra
1371 650 1508 684 modurn
1530 650 1686 692 conqueri
1706 647 1852 683 debeatis
1873 674 1880 681 .
1911 648 2026 681 Maxi·

1078 701 1129 736 me
1137 700 1213 734 cum
1223 699 1382 743 adjestum
1394 700 1429 733 fit
1441 724 1452 740 ,
1477 700 1558 733 sicut
1568 698 1701 742 accepi,
1728 697 1816 742 quod
1829 699 1850 731 fi
1868 698 1917 731 illi
1930 697 2017 731 ulte-r

1078 752 1141 786 rius
1153 750 1343 784 benedicere
1352 749 1561 789 cessaveritis,
1587 749 1692 794 ipseei
1703 749 1744 782 ad
1758 750 1789 782 se
1811 747 1953 782 venienti
1967 747 2022 781 be-

1079 801 1262 835 nedisturus
1279 800 1331 834 sit.
1361 797 1432 833 Aut
1458 800 1559 844 igitur
1579 797 1674 834 vobis
1694 798 1735 833 ad
1759 797 2021 842 prosecutionem

1078 851 1156 895 juris
1170 850 1261 885 vestri
1274 849 1397 893 patebit
1414 849 1556 884 exeundi
1570 849 1698 884 libertas
1713 873 1724 888 ‚
1750 857 1807 883 aut
1831 850 1855 882 fi
1878 859 1946 882 tam
1958 859 2026 881 ma·

1080 901 1192 935 nifeste
1217 911 1332 945 negata
1354 899 1471 941 fuerit,
1499 899 1658 944 quidquid
1680 899 1739 934 sub
1763 909 1830 933 tam
1853 897 2024 932 manifesta

1082 951 1285 995 impreffione
1306 950 1382 990 fiet,
1411 959 1558 994 tempore
1585 960 1720 994 accepto
1738 960 1797 993 pro
1820 949 1942 983 inferio
1975 946 2031 981 ha·

1083 1003 1151 1036 beri
1169 1001 1289 1045 poterit
1312 1025 1318 1032 .
1346 1000 1557 1037 Commoneo
1595 1011 1705 1035 autern
1741 999 1953 1034 Santstitatem
1979 1008 2032 1031 ve-

1085 1054 1178 1086 stram
1192 1076 1203 1092 ,
1228 1062 1264 1085 ut
1276 1060 1352 1084 cum
1373 1050 1553 1094 supradicto
1569 1049 1699 1085 Abbate
1720 1048 1964 1084 pontiniacensi
1978 1046 2029 1081 vel

1085 1103 1117 1136 in
1141 1103 1284 1136 Persona
1308 1100 1434 1140 vestra,
1462 1099 1485 1133 fi
1514 1099 1572 1134 sub
1595 1110 1747 1144 praetextu
1764 1100 1861 1133 causae
1875 1098 2032 1132 vesttaein

1086 1163 1188 1195 partes
1211 1150 1391 1185 Galliarum
1410 1150 1562 1184 veneritis
1574 1175 1585 1190 ,
1613 1152 1662 1185 vel
1674 1151 1760 1185 certe
1774 1162 1827 1193 per
1842 1150 1967 1183 litteras
1981 1158 2036 1181 ve·

1087 1203 1180 1242 stras,
1208 1200 1381 1235 fiexeundi
1406 1200 1594 1234 facultatem
1623 1212 1691 1235 non
1717 1198 1927 1242 acceperitis,
1953 1196 2037 1230 ulte-

1087 1252 1206 1286 riotem
1228 1250 1347 1284 ineatis
1367 1249 1642 1283 familiaritatem.
1669 1250 1834 1299 Qamvis
1859 1258 1926 1281 tam
1950 1256 2036 1290 ege,

1086 1302 1184 1345 quam
1206 1299 1394 1334 communis
1417 1298 1554 1332 Amicus
1580 1298 1708 1337 noster,
1737 1297 1850 1331 Abbas
1882 1295 2036 1329 videlicet

1088 1353 1128 1386 de
1140 1351 1238 1385 Stella
1253 1351 1338 1384 Isaac
1354 1374 1364 1389 ,
1392 1358 1427 1382 ut
1445 1349 1641 1383 continuam
1657 1347 1749 1382 vestri
1776 1347 1891 1381 lrabeat
1904 1346 2041 1379 Sanctis-

1088 1404 1183 1436 fimus
1206 1401 1261 1435 ille
1273 1400 1467 1434 Conventus
1484 1398 1747 1432 pontiniacensis
1771 1398 1805 1431 in
1829 1395 2036 1431 orationibus

1090 1454 1153 1486 suis
1178 1451 1373 1486 memoriam
1401 1474 1411 1489 ‚
1439 1448 1522 1483 reste
1551 1449 1820 1491 procuravimus.
1857 1446 2035 1480 Invenietis

1089 1514 1221 1547 quoque
1246 1500 1429 1534 &eandem
1453 1500 1601 1533 Domum
1634 1497 1834 1533 utilitatibus
1861 1495 1972 1529 vestris
1995 1505 2044 1528 et·

1091 1555 1154 1586 iam
1169 1549 1402 1593 temporalibus
1421 1549 1579 1582 deservire
1590 1558 1733 1591 paratam
1746 1572 1756 1587 ,
1784 1547 1805 1579 fi
1818 1543 1945 1579 necesse
1971 1545 2043 1578 fue-

1091 1604 1132 1636 rit
1147 1626 1154 1633 .
1180 1598 1340 1635 Industria
1357 1599 1445 1632 enim
1470 1597 1504 1631 «Sc
1518 1598 1683 1631 sanctitate
1706 1595 1878 1639 supradicti
1895 1593 2036 1628 Abbatis

1090 1652 1135 1686 sui
1148 1650 1304 1686 omnibus
1319 1647 1537 1682 Cistetcienfis
1549 1646 1689 1680 Ordinis
1713 1644 1867 1678 Abbatiis
1893 1644 1964 1687 plus
1979 1654 2040 1686 po·-

1089 1702 1166 1734 test.
1198 1700 1240 1731 Et
1255 1697 1310 1730 hic
1320 1694 1426 1734 mihi,
1452 1703 1488 1727 ut
1515 1694 1597 1726 tutis
1617 1691 1745 1727 auribus
1766 1693 1883 1734 loquar
1902 1717 1913 1732 ,
1938 1693 2034 1727 exilii

1091 1749 1196 1781 sedem
1215 1745 1324 1789 elegi,
1351 1754 1427 1777 cum
1451 1742 1608 1777 Tortoris
1635 1741 1736 1777 nostri
1761 1741 1925 1777 molestias
1948 1742 2035 1784 fulte-

1090 1798 1154 1831 rius
1172 1793 1403 1830 sustinerenon
1429 1802 1560 1836 potero.

1141 1845 1244 1893 Qod
1255 1843 1332 1878 vero
1343 1843 1483 1877 scribitis
1493 1867 1503 1882 ,
1515 1853 1551 1876 ut
1563 1843 1698 1888 negotia
1710 1842 1813 1877 vestra
1828 1842 1956 1877 nemini
1973 1854 2041 1877 cre-

1090 1896 1166 1931 dam
1182 1922 1192 1936 ,
1219 1895 1276 1928 nisi
1288 1893 1347 1928 soli
1363 1895 1502 1928 Summo
1521 1893 1700 1933 Pontifici,
1725 1893 1758 1927 &
1770 1892 1891 1926 Pisano
1904 1892 2014 1927 nostro
2030 1917 2041 1933 ‚

1090 1946 1237 1989 adjecisse
1250 1969 1261 1984 ‚
1289 1944 1345 1977 nisi
1361 1943 1456 1977 fallor
1471 1967 1481 1982 ‚
1507 1942 1690 1977 debueratis
1711 1944 1811 1977 etiam
1825 1940 2040 1978 Cardinalem

1091 1992 1592 2036 SanstiLaurentiiMagistr-nm
1621 1991 1819 2034 Albertum‚
1845 2002 1944 2036 quem
1972 2004 2041 2033 pro-

1092 2046 1227 2080 fectibus
1254 2043 1362 2077 vestris
1385 2042 1544 2077 deservire
1564 2041 1716 2076 existimo
1739 2067 1749 2083 ,
1774 2053 1843 2077 non
1869 2051 1938 2075 tam
1962 2041 2042 2076 Per-

1090 2096 1174 2130 sonae
1187 2095 1309 2132 vestrae,
1336 2091 1433 2134 quam
1455 2092 1582 2136 negotii
1607 2092 1752 2127 intuitu:
1785 2093 1863 2135 quia
1890 2102 1949 2125 vos
1972 2102 2041 2124 non

1092 2146 1228 2180 vestram
1241 2169 1250 2183 ‚
1278 2142 1329 2176 sed
1346 2141 1490 2176 Ecclesiae
1500 2143 1632 2177 causam
1657 2142 1823 2186 suscepisse
1844 2142 1876 2176 δε
1891 2141 2044 2186 protesta-

1091 2206 1143 2230 tur
1167 2195 1201 2228 &
1216 2192 1389 2237 agnoscit.
1416 2192 1491 2235 Ego
1513 2202 1624 2227 tamen
1649 2193 1803 2233 interim,
1830 2193 1890 2226 nisi
1915 2203 2002 2225 novo
2025 2191 2043 2225 a

1092 2244 1186 2279 vobis
1199 2244 1348 2289 suscepto
1360 2241 1524 2275 Mandato
1536 2265 1546 2281 ,
1573 2243 1653 2277 fines
1664 2239 1746 2276 mihi
1759 2243 1960 2286 praescriptos
1974 2252 2042 2275 non

1091 2292 1305 2338 transgrediar
1326 2317 1333 2324 .
1363 2291 1554 2334 Scripfiffem
1577 2294 1624 2330 (Α.
1642 2292 1755 2338 1164.)
1780 2292 1875 2327 vobis
1895 2292 2041 2326 deOsta.

1093 2345 1179 2378 viani
1199 2342 1328 2377 decessu
1349 2341 1526 2375 miserabili
1552 2365 1562 2382 ‚
1589 2342 1622 2375 δε
1647 2342 1815 2376 Gnidonis
1854 2342 2041 2377 Cremensis

1095 2393 1327 2428 substitutione
1351 2389 1524 2425 execrabili
1548 2416 1559 2431 ,
1589 2391 1645 2425 nisi
1667 2393 1742 2436 quia
1755 2392 1902 2432 nostros,
1926 2392 1982 2435 qui
2004 2393 2040 2426 in

1094 2445 1194 2479 Curia
1217 2450 1385 2477 morantur
1408 2465 1419 2480 ‚
1456 2440 1523 2475 haec
1544 2441 1657 2475 omnia
1690 2441 1817 2485 plenius
1843 2442 1923 2475 scire
1947 2440 2013 2474 scio
2029 2464 2042 2480 ,

1095 2506 1148 2539 per
1159 2504 1242 2536 quos
1254 2492 1346 2526 vobis
1359 2491 1486 2525 fidelius
1497 2492 1699 2525 innotescere
1710 2491 1846 2525 debent.
1876 2491 1919 2524 Et
1932 2488 2042 2532 hujus-

1093 2545 1185 2579 modi
1199 2554 1284 2578 nova
1295 2541 1433 2577 non-nisi
1446 2540 1487 2574 ab
1500 2542 1573 2584 ipsis
1584 2565 1594 2579 ‚
1604 2542 1637 2574 ὅ(
1649 2552 1703 2583 per
1716 2541 1801 2584 ipsos
1814 2540 1854 2574 ad
1868 2550 1926 2574 nos
1939 2541 2039 2583 usque

1093 2594 1279 2629 derivantur
1303 2618 1310 2625 .
1338 2591 1519 2624 Familiaris
1541 2601 1650 2623 autem
1671 2590 1770 2624 ssatus
1794 2601 1883 2625 meus
1903 2616 1913 2631 ‚
1938 2601 2038 2632 quem

1094 2644 1159 2679 Dei
1175 2644 1279 2689 gratia
1291 2641 1382 2674 vobis
1405 2639 1539 2673 describi
1552 2639 1689 2681 jubetis,
1715 2638 1786 2683 post
1799 2639 1968 2674 discessum
1983 2638 2040 2675 Pa-

1093 2698 1169 2739 gani
1191 2692 1313 2731 nostri,
1340 2699 1502 2733 perquem
1516 2687 1608 2722 vobis
1630 2690 1702 2723 viva
1724 2701 1805 2723 voce
1829 2690 1941 2724 omnia
1963 2690 2040 2724 inti·

1094 2745 1172 2778 mari
1186 2742 1316 2787 praecepi
1332 2763 1342 2779 ,
1369 2740 1402 2772 in
1415 2738 1505 2772 nullo
1529 2739 1703 2773 innovatus
1713 2740 1779 2773 est:
1807 2741 1884 2783 quia
1910 2740 2034 2774 Luscus

1095 2795 1225 2834 noster,
1249 2788 1392 2834 quilicet
1416 2789 1449 2822 in
1465 2788 1669 2831 plenitudine
1693 2790 1882 2833 potestatis,
1909 2801 1976 2823 non
1991 2800 2036 2823 ta·

1094 2845 1214 2878 meniu
1227 2839 1432 2885 plenitudine
1444 2839 1575 2872 luminis
1587 2838 1627 2872 ad
1641 2851 1702 2873 nos
1715 2840 1853 2874 reversus
1865 2839 1908 2873 est
1923 2864 1932 2879 ‚
1948 2850 2033 2874 non-

1094 2893 1172 2927 dum
1184 2894 1235 2927 sua
1249 2889 1468 2934 promulgavit
1481 2887 1612 2923 Edicta.
1642 2889 1832 2924 Exercitum
1855 2891 2035 2924 solummo-

1093 2944 1136 2977 do
1150 2941 1399 2984 Aquitaniarutn
1412 2940 1615 2973 summonuit
1628 2964 1639 2980 ,
1666 2949 1700 2973 ut
1714 2939 1799 2984 Regi
1810 2941 2009 2974 Francorum
2023 2958 2036 2979 ,-

1093 2993 1115 3026 fi
1130 2994 1164 3026 in
1188 2990 1401 3030 Arverniam‚
1427 3000 1462 3022 ut
1478 2988 1684 3029 destinabat,
1710 2990 1870 3032 proficisci
1896 2990 2035 3032 perseve-

1093 3041 1209 3077 raverit
1219 3067 1229 3083 ,
1242 3042 1274 3075 in
1286 3051 1385 3075 manu
1398 3040 1501 3073 valida
1514 3049 1686 3073 occurrant
1698 3063 1705 3071 .
1733 3039 1824 3074 Missi
1836 3050 1944 3074 tamen
1956 3040 2034 3073 sunt

1093 3092 1133 3127 ad
1144 3093 1270 3136 Regem
1288 3087 1461 3135 quaerendae
1474 3090 1558 3132 pacis
1571 3088 1800 3124 Procuratores
1811 3115 1822 3130 ‚
1850 3090 1929 3124 ficut
1942 3089 2032 3122 nosse

1094 3153 1151 3177 vos
1160 3142 1257 3176 credo
1272 3166 1283 3182 ,
1309 3140 1475 3174 Dominus
1501 3138 1700 3173 Ebroicenfis
1712 3163 1723 3179 ,
1749 3140 1782 3174 δε
1797 3139 1978 3174 Richardus
1991 3137 2032 3170 de

1096 3193 1243 3226 Humez.
1273 3189 1432 3225 Nondum
1460 3187 1534 3221 vero
1561 3188 1602 3221 ad
1629 3199 1689 3222 nos
1715 3199 1924 3231 pervenerat,
1950 3185 2030 3229 quid

1096 3242 1304 3285 perfecerint.
1334 3241 1471 3276 Caetera,
1496 3249 1571 3271 cum
1594 3237 1925 3276 nobi-sinnotuerint,
1951 3236 1982 3269 &
1997 3235 2031 3267 fi-

1093 3290 1198 3325 delem
1212 3289 1430 3325 invenerimus
1451 3287 1637 3327 Nuncium‚
1669 3288 1762 3322 vobis
1772 3286 1948 3331 significare
1960 3295 2029 3318 non

1096 3341 1298 3378 differemus.
1323 3337 1469 3372 Obsecro
1488 3347 1617 3378 autem,
1645 3349 1679 3372 ut
1692 3347 1744 3379 per
1764 3345 1896 3378 puerum
1912 3334 2029 3374 illum,

1099 3402 1194 3436 quem
1215 3389 1291 3436 saepe
1322 3387 1425 3423 dietus
1447 3386 1722 3467 PaganusFmeus
1748 3385 1787 3421 ad
1810 3396 1862 3420 me
1885 3385 1919 3430 in
1941 3382 2034 3420 brevi

1687 3444 1705 3481 3
1904 3443 1984 3468 mit-
