2358 3776
381 92 485 139 '212

306 176 417 222 agenti
429 199 442 217 ,
467 173 604 211 celerem
620 163 729 207 feratis
750 180 867 215 opema
892 167 950 205 'Ut
971 170 1142 206 Dominus
1150 170 1238 212 Papa

299 227 544 271 suspenfionem
567 246 579 264 ,
603 232 701 267 quam
720 221 816 257 nobis
837 219 959 255 inflixit
970 238 981 260 φ
1019 222 1146 262 solvat,
1171 229 1236 253 vaut

298 277 478 310 terminum
489 275 628 309 coarctet
639 297 651 314 ,
677 272 816 307 scribens
827 273 926 306 etiam
938 271 1024 314 Regi
1037 271 1237 305 Francorum

300 326 337 360 «Sc
362 323 694 358 EcclefiaevGallicanae
707 322 892 366 patentibus
904 321 1020 353 litteris
1031 344 1042 360 ,
1067 321 1157 364 quod
1180 320 1237 354 nili

299 375 376 409 Rex
391 373 577 421 Anglorum
587 373 680 417 juxta
690 371 991 406 commonitionem
1002 370 1036 403 ὅ(
1059 371 1238 405 commina-

298 423 425 460 tionem
438 427 527 465 suam
538 423 633 458 nobis
647 430 758 466 pacem
772 422 807 455 &
820 420 928 455 ablata
941 431 1018 454 cum
1034 420 1182 455 Ecclesiae
1204 420 1238 454 li—

297 472 419 510 bertate
442 475 587 509 restituat
598 498 609 513 ‚
635 471 757 506 exinde
770 481 832 505 nos
847 469 882 504 in
894 480 968 504 eum
977 470 1012 503 &
1024 479 1138 508 terram
1151 472 1238 505 suam

296 523 399 559 officii
409 524 511 558 nostri
525 523 681 566 potestate
693 522 742 556 uti
755 519 914 556 concedat
928 543 940 560 ‚
966 520 1002 554 &
1013 519 1206 555 sententiam
1228 545 1239 561 ,

296 585 395 617 quam
409 575 442 607 in
460 574 683 608 malefactores
695 570 846 607 Ecclefiae
857 571 892 605 &
903 568 1031 604 nostros
1049 570 1216 605 tulerimus
1229 595 1239 612 ,

295 634 400 658 ratam
421 621 608 658 habendam
615 624 678 657 effe
690 622 843 657 decernat
854 645 866 661 ,
892 621 927 654 ἀ
937 619 1101 664 praecipiat
1112 619 1153 655 ab
1170 632 1240 656 om·

295 672 393 710 nibus
406 681 494 709 terrae
505 674 566 709 suae
576 697 588 713 ,
614 673 647 707 &
660 671 828 717 Episcopis
839 669 1077 706 inviolabiliter
1097 670 1239 706 observa-

293 724 322 758 ri
339 748 352 764 ,
377 723 485 759 donec
497 725 675 765 satisfacere
688 722 948 765 compellantur.>
968 720 1122 756 Praeterea
1135 732 1239 764 preca·

298 784 374 810 mur
385 774 541 809 attentius
553 800 564 816 ,
575 790 579 795 1
589 782 627 808 ut
649 772 796 808 Eccleliae
807 770 1032 806 Cantuarienfi
1052 771 1089 805 in
1101 772 1238 805 miseria:

293 824 357 857 suae
369 823 523 859 solatium
548 823 727 868 impetretis
738 821 870 865 plenam
879 822 1157 856 -reformationem
1176 823 1235 865 pri-

290 881 398 908 matus
418 874 468 909 sui
478 900 490 916 ,
513 875 549 909 ὅτ.
570 885 606 909 ut
631 873 829 916 praecipiatur
861 870 967 906 Archi
978 887 989 897 ·
999 872 1166 916 Episcopo
1203 871 1237 906 &

294 922 454 959 Ecclefiae-
481 924 675 959 Eboracensi
698 947 710 963 ,
746 930 781 957 ut
803 921 900 957 nobis
921 921 1145 957 obedientiam
1169 931 1236 955 tan-

291 974 392 1016 quam
402 974 533 1018 primati
547 976 603 1008 suo
614 971 791 1008 exhibeant
803 997 811 1006 .
823 971 912 1007 cum
922 973 1011 1008 enim
1022 971 1164 1017 ejusdem
1175 971 1236 1015 pri-

289 1034 396 1059 matus
406 1036 461 1067 per
473 1036 531 1059 vos
541 1023 827 1059 confirmationem
839 1022 1078 1059 obtinuerimus
1088 1047 1101 1064 ,
1121 1020 1237 1057 vhonor

291 1073 354 1107 erit
364 1073 457 1114 vobis
467 1075 502 1108 ἀ
514 1074 620 1118 gloria
629 1098 640 1115 ,
667 1074 689 1107 fi
701 1072 946 1117 plenumrobur
955 1073 1105 1109 obtineat
1116 1073 1235 1106 confir-

291 1121 531 1159 matioavobis
552 1124 724 1167 impetrata
735 1149 744 1156 -
773 1123 830 1159 Ut
850 1133 960 1159 autem
977 1123 1117 1158 charitas
1131 1122 1234 1157 vestra

288 1171 426 1215 aliquod
439 1171 558 1209 habeat
569 1173 793 1209 tribulationis
804 1173 920 1209 nostrat
933 1173 1086 1209 solatium
1095 1198 1107 1213 ,
1134 1183 1237 1208 nove-

285 1221 358 1255 ritis
382 1223 474 1266 quod
489 1222 787 1260 Christianiffimus
799 1224 874 1260 Rex
893 1225 1065 1260 fortunam
1089 1221 1197 1257 nostra

284 1282 412 1316 reputat
424 1274 513 1308 suam
525 1299 534 1307 .
561 1272 681 1309 Valere
695 1299 705 1308 .
1185 1290 1188 1293 *

411 1373 443 1407 E
468 1371 496 1406 P
520 1371 538 1405 1
563 1372 586 1407 s
611 1371 649 1406 T
671 1350 764 1408 ot,
790 1371 826 1407 Λ
921 1369 1091 1407 ινιιι.

307 1442 439 1506 Thomas
464 1469 693 1512 Cantuaerknfis
716 1454 1002 1513 Archi-Epifiopus
1036 1470 1209 1505 aumbald-

510 1522 547 1554 Θ
567 1519 736 1559 Hyacinthe
756 1520 974 1554 Cardlnalibus
985 1545 992 1553 .

392 1622 449 1656 OS
475 1617 532 1655 alii
554 1618 683 1661 verbis,
708 1619 762 1655 sed
785 1620 888 1655 vestra
912 1618 1006 1655 rebus
1029 1620 1064 1655 ἀ
1083 1618 1236 1664 operibus

417 1670 604 1715 benignitas
615 1670 804 1705 consolatur
822 1696 830 1703 .
859 1670 1024 1705 Doluistis
1048 1669 1153 1706 vicem
1176 1681 1236 1704 no-

287 1723 383 1757 stram
396 1746 407 1762 ,
433 1719 702 1759 &calamitatem
713 1719 884 1757 Ecclesiae,
906 1720 941 1753 ἀ
952 1731 1129 1764 pauperum
1142 1717 1234 1753 chri-

287 1772 327 1806 sti
349 1767 597 1805 coexulantium
621 1767 718 1802 nobis
741 1767 905 1813 angustias
925 1769 967 1801 fic
987 1769 1172 1808 habuistis,
1197 1778 1235 1802 ut

287 1821 422 1856 vestras.
451 1819 586 1853 Praemia
611 1819 757 1852 fraternae
769 1818 938 1852 charitatis
952 1818 1077 1852 &verae
1086 1817 1229 1861 compasr

287 1870 387 1906 sionis
405 1869 544 1915 frustum
555 1867 650 1901 vobis
671 1868 708 1901 in
729 1867 787 1902 illa
810 1868 865 1903 die
884 1867 1041 1902 retribuet
1065 1867 1169 1912 justus
1187 1866 1237 1910 ju·

286 1922 373 1962 dex,
400 1920 457 1964 qui
479 1916 745 1955 misericordibus
763 1917 800 1952 in
822 1917 928 1963 gratia
948 1916 1037 1952 verbi
1059 1918 1234 1952 misericor-

285 1971 376 2006 diam
390 1968 581 2012 pollicetur.
608 1967 691 2001 Non
711 1966 833 2010 abjistis
846 1968 916 2012 post
930 1979 1044 2002 aurum
1057 1990 1070 2007 ,
1096 1977 1165 2011 quo
1178 1977 1237 2000 nu·

289 2032 345 2066 per
357 2021 397 2055 ad
409 2019 570 2054 laesionem
582 2016 723 2052 nostram
733 2041 745 2059 ,
770 2016 806 2051 δε
827 2017 1030 2062 Apostolicae
1042 2016 1135 2051 Sedis
1159 2025 1238 2051 con·

289 2071 449 2105 fusionem
470 2069 557 2113 capti
579 2069 654 2102 sunt
670 2066 805 2112 quidam
823 2091 836 2108 ,
870 2077 1013 2109 quorum
1051 2064 1237 2110 patrocinio

288 2122 426 2165 receptis
449 2120 565 2154 litteris
588 2118 810 2162 Apostolicis,
835 2128 916 2161 quas
936 2116 1074 2152 lectitari
1096 2116 1177 2151 facit
1201 2114 1236 2148 in

287 2171 457 2215 utriusque
474 2168 587 2214 Regni
606 2167 761 2212 compitis
783 2193 796 2210 ,
832 2167 908 2203 Rex
927 2167 1119 2212 Anglorum
1141 2166 1173 2199 st
1194 2164 1236 2210 de

288 2222 446 2257 Romana
467 2219 613 2256 Ecclesia
635 2218 795 2264 gloriatus
825 2218 872 2253 est
888 2215 1097 2259 triumphasse
1113 2239 1126 2247 ..
1161 2213 1250 2248 Nec'

290 2271 471 2308 immerito.
498 2268 585 2306 Voti
604 2267 761 2312 fiquidem
782 2277 920 2309 compos
942 2266 1071 2299 effeetus
1089 2264 1135 2297 est
1154 2286 1167 2303 ,
1203 2263 1238 2296 &

290 2323 427 2357 nuncin
448 2320 590 2354 Ecclefia
610 2318 698 2356 Dei,
725 2316 861 2350 nemine
883 2314 1153 2353 contradicente,
1179 2322 1238 2355 pro

290 2373 389 2407 libito
409 2367 647 2405 debacchatur,
674 2366 822 2408 sperans,
852 2362 943 2407 quod
964 2364 1058 2398 Deus
1078 2371 1200 2397 avertat
1225 2386 1237 2403 ,

291 2416 483 2456 Dominum
503 2418 628 2460 Papam
640 2414 690 2449 vel
710 2424 764 2450 me
775 2424 834 2458 pro
849 2423 930 2448 voto
941 2414 1000 2448 suo
1023 2413 1237 2447 interimimu-

291 2473 431 2506 riturum
441 2493 449 2501 .
466 2465 566 2502 Nihil
579 2465 668 2500 enim
680 2465 725 2499 est
738 2463 830 2505 quod
841 2463 946 2509 magis
957 2463 1124 2504 desideret,
1139 2461 1237 2506 quam

295 2519 486 2556 alterutrius
507 2524 649 2552 mortem
678 2538 686 2545 .
718 2513 868 2550 Invitatis
885 2513 928 2548 ad
947 2513 1136 2558 patientiam
1149 2536 1162 2553 ,
1185 2511 1238 2547 sed

294 2570 457 2613 banejam
475 2563 693 2612 quadriennio
714 2561 889 2598 habuimus
901 2562 937 2596 in
961 2563 1161 2607 paffionibus
1171 2574 1243 2597 ma-

295 2621 396 2655 ximis
418 2629 495 2653 cum
507 2613 714 2651 Coexulibus
734 2613 876 2656 nostris,
900 2614 936 2647 in
947 2613 1123 2649 fame&in
1145 2613 1197 2647 siti
1226 2635 1238 2651 ,

296 2670 335 2705 in
355 2665 685 2711 frigore&nuditate
702 2687 716 2704 ‚
739 2663 784 2699 ad
794 2674 933 2698 omnem
955 2664 1116 2708 impetum
1135 2663 1237 2697 fortu-

298 2730 350 2754 nae
375 2715 552 2751 saevientis.
580 2714 764 2759 Qisenim
777 2712 1036 2749 Coexulantium
1047 2713 1238 2755 infirmatur,

301 2770 337 2804 ἀ
359 2778 423 2812 ego
443 2777 515 2800 non
534 2764 708 2797 infirmor?
734 2763 821 2809 Qis
843 2763 1098 2804 scandalizatur,
1121 2763 1156 2800 ,δε
1175 2775 1239 2808 ego

302 2830 373 2853 non
395 2826 469 2851 uror
487 2815 504 2848 ἓ
529 2813 591 2849 Sed
602 2811 678 2856 quia
689 2814 818 2856 gravius
841 2813 987 2855 cruciat,
1009 2814 1182 2850 Ecclesiam
1204 2815 1238 2848 in

304 2865 519 2904 miserabilem
539 2863 643 2906 redigi
665 2862 869 2903 servitutem,
894 2863 958 2898 sine
973 2875 1112 2900 moerore
1123 2876 1182 2899 nec
1196 2865 1239 2898 vi-

304 2918 381 2960 dere
400 2926 460 2951 nec
482 2914 593 2955 eloqui
621 2913 764 2955 possum.
793 2911 906 2947 Patior
926 2914 1058 2958 itaque,
1084 2914 1137 2950 sed
1159 2914 1240 2948 invi—

306 2978 381 3007 tus,
408 2966 484 3007 quia
496 2964 677 3006 compatior
690 2985 702 3002 ,
727 2961 761 2995 &
772 2962 899 2997 utinam
909 2966 1149 3007 compatiantur
1171 2963 1239 2999 Do·

305 3016 393 3053 mini
403 3015 504 3052 nostri
515 3012 705 3049 Cardinaies
713 3034 724 3051 ,
752 3012 808 3052 qui
823 3023 958 3047 omnem
969 3014 1157 3057 patientiam
1169 3026 1242 3059 με·

307 3068 442 3106 dicant,
469 3063 524 3099 sed
533 3063 590 3098 alii
601 3062 641 3096 de
653 3061 779 3096 virtutis
787 3062 986 3098 conscientia
999 3089 1010 3104 ,
1034 3065 1091 3098 alii
1109 3065 1152 3100 ad
1174 3064 1243 3103 cul-

310 3129 358 3162 pae
381 3118 443 3153 suae
463 3113 750 3149 diffimulationem
769 3135 780 3145 .
816 3111 923 3146 Novit
942 3113 1055 3157 utique
1076 3116 1243 3150 Dominus

309 3167 439 3211 quifint
451 3165 539 3208 ejus,
565 3165 597 3198 δε
623 3162 762 3197 Ecclesia
778 3147 953 3205 jam'sentit
979 3174 1020 3196 ex
1049 3174 1160 3206 parte,
1186 3165 1241 3205 qui

313 3229 383 3252 non
405 3216 468 3249 [ωε
486 3215 554 3258 ejus
567 3239 576 3248 .
599 3214 688 3247 Nam
701 3213 774 3246 Rex
786 3211 975 3257 Anglorum
987 3213 1135 3255 praedicat
1149 3239 1160 3254 ‚
1186 3214 1241 3257 qui

312 3268 363 3302 sui
375 3267 459 3302 sint.-
485 3275 547 3300 nec
576 3263 711 3298 tacitum
720 3261 767 3296 est
787 3273 870 3304 quot
888 3263 922 3297 ἀ
941 3261 1056 3307 quibus
1075 3272 1244 3307 erogatum

316 3319 360 3351 sitv
374 3315 505 3351 surum.
532 3313 597 3349 Sed
612 3323 746 3348 munera
766 3311 835 3356 ejus
856 3313 960 3356 spolia
981 3312 1105 3352 nostra,
1142 3313 1242 3355 spolia

316 3358 494 3409 piuperum
512 3363 672 3400 Crucifixi
691 3387 702 3404 ,
728 3360 835 3396 immo
870 3363 963 3406 ipsius
995 3361 1115 3397 Christi
1143 3362 1241 3405 spolia

315 3419 418 3458 sunt,
442 3414 548 3453 itum&
565 3413 704 3452 minima
713 3412 920 3461 portiuncula
929 3413 1125 3462 spoliorum·
1152 3411 1244 3465 Qid

964 68 1521 136 epistota:

1301 178 1379 214 ergo
1387 168 1501 214 eisqui
1521 176 1736 212 tyrannorum
1749 169 1897 206 manibus
1908 167 2075 210 Christum
2086 171 2242 221 spoliant

1300 219 1505 263 respondebit
1527 219 1562 252 in
1584 218 1641 252 illa
1660 220 1735 260 die,
1763 222 1896 264 quando
1916 224 2006 259 vivos
2026 227 2059 261 &
2081 238 2231 263 mortuos

1299 268 1480 311 judicabit,
1505 268 1642 313 fingulis
1670 270 1704 303 ὃς
1725 270 1878 305 universis
1899 271 2120 314 testimonium
2147 290 2229 313 con·

1300 320 1433 354 scientia
1459 317 1646 364 perhibente
1669 321 1682 353 ἓ
1708 318 1783 354 Nec
1817 318 1886 355 haec
1906 322 1991 361 dieta
2023 326 2192 363 credantur
2218 353 2234 370 ‚

1300 367 1388 413 quod
1409 370 1492 404 alius
1513 369 1677 413 patientiae
1693 370 1850 405 terminus
1874 373 1938 407 effe
1958 371 2100 414 debeat,
2130 377 2230 421 quam

1300 430 1444 461 corona,
1470 420 1522 454 vel
1542 420 1618 465 quia
1637 431 1700 456 nos
1717 420 1839 456 Exulet
1863 422 1899 456 δε
1920 423 2091 466 proscripti
2110 423 2247 462 Christi*

1301 469 1335 503 in
1353 472 1458 505 caussa
1478 470 1546 515 ejus
1565 481 1635 505 non
1655 471 1867 514 disponamus
1882 471 1960 507 ante
1979 473 2067 507 mori
2083 497 2097 514 ,
2133 475 2229 517 qnam

1301 519 1389 554 vinci
1402 534 1413 554 .-
1440 520 1494 555 sed
1516 520 1592 566 quia
1602 521 1731 556 necesse
1748 520 1904 557 habemus
1914 522 2027 557 nostro
2046 522 2242 560 &aliorum

1299 567 1533 612 dominorum,
1558 572 1592 606 δε
1612 572 1792 607 amicorum
1809 572 1947 607 consilio
1965 572 2000 607 in
2012 572 2113 608 tantis
2129 585 2252 619 auga-⁸

1301 620 1369 653 stiis
1391 620 1546 656 sublevari
1561 647 1568 653 .
1595 621 1684 656 Nam
1695 623 1754 667 qui
1774 622 1890 658 nostrae
1911 621 2079 667 potestatis
2098 624 2250 668 suspen-e

1300 670 1418 704 sionem
1433 669 1467 705 in
1481 671 1648 706 arbitrium
1659 672 1760 717 Regis
1779 672 1969 718 Anglorum
1981 673 2127 710 contulit
2137 698 2150 715 ,
2175 673 2234 708 sci-

1300 720 1379 754 licet
1399 721 1505 756 donec
1525 722 1693 757 redeamus
1715 722 1751 757 in
1768 726 1909 769 gratiam
1928 725 2016 768 ejus,
2042 723 2139 759 nobis
2162 734 2233 758 om·

1301 781 1375 804 nem
1386 771 1474 815 pacis
1495 773 1661 815 precludit
1676 772 1784 807 viam.
1811 772 2009 809 Invitaverat
2027 785 2089 811 nos
2101 785 2156 818 per
2167 774 2236 808 Co-

1300 822 1413 854 mitem
1432 821 1658 857 Flandrensem
1668 823 1710 858 ad
1732 823 1938 869 colloquium
1948 826 2041 859 suum
2052 849 2064 866 ,
2090 822 2143 858 sed
2155 823 2234 858 cum

1299 871 1328 904 ei
1347 869 1477 906 Nuntii
1488 871 1536 906 sui
1554 873 1741 918 rescriptum
1753 872 1819 909 hoc
1838 875 2070 918 Apostolicum
2081 873 2234 919 porrexis-

1292 919 1392 962 sent,
1417 921 1499 956 adeo
1518 922 1620 957 elatus
1641 924 1687 958 est
1699 949 1712 966 ,
1738 932 1775 958 ut
1794 924 1904 959 Deum
1923 925 1959 958 δε
1980 924 2133 960 homines
2162 923 2235 968 pari

1299 971 1408 1006 furore
1428 973 1682 1017 contempserit,
1715 973 1768 1008 sed
1788 985 1851 1017 prae
1871 975 1990 1009 caeteris
2022 975 2198 1010 Romanos
2223 997 2233 1005 .

1299 1020 1430 1055 Placeat
1441 1021 1549 1065 itaque
1569 1020 1736 1056 dilectioni
1748 1022 1877 1063 vestrm,
1902 1035 2001 1068 quam
2013 1024 2104 1062 Deus
2117 1023 2233 1059 neces-¹,

1299 1071 1382 1105 sirati
1391 1071 1630 1106 Cantuarienfis
1650 1071 1797 1106 Ecclefiae
1818 1074 2014 1116 patrocinari
2033 1074 2194 1119 disposuit
2220 1069 2248 1114 ,ί

1298 1121 1462 1166 impetrari
1479 1119 1499 1154 ὲ
1522 1122 1674 1156 Domino
1692 1121 1781 1164 Papa
1792 1132 1849 1166 per
1870 1132 1929 1156 vos
1950 1123 1986 1157 δε
2008 1123 2092 1157 alios
2109 1123 2234 1157 amicos

1299 1172 1386 1213 Dei,
1412 1181 1450 1206 ut
1469 1180 1527 1206 aut
1546 1171 1784 1213 suspensionem
1805 1170 1893 1206 hanc
1904 1172 2030 1213 solvat,
2056 1181 2114 1208 aut
2123 1170 2235 1207 temi-

1298 1232 1380 1256 num
1398 1222 1538 1256 coartstet
1560 1220 1699 1256 scribens
1710 1220 1797 1266 Regi
1809 1222 2010 1258 Francorum
2020 1248 2033 1265 ,
2058 1222 2123 1258 dcc.

1456 1319 1867 1356 EPISTOLA
1969 1322 2080 1357 LIX.

1383 1420 1553 1454 Alexandro
1578 1421 1675 1462 Papae
1700 1421 1869 1455 Ludovtcus
1894 1425 1963 1456 Rex
1989 1427 2152 1458 Franciae.

1381 1519 1451 1554 Ro
1476 1513 1778 1563 Archi-Episcopo
1802 1519 2030 1556 Cantuarienfi
2054 1521 2168 1567 saepius
2178 1528 2240 1558 no!

1394 1578 1509 1613 rogare
1527 1569 1664 1614 dignata
1683 1568 1729 1604 est
1747 1568 1936 1607 Paternitas
1949 1571 2052 1607 vestra
2065 1597 2073 1605 .
2086 1599 2089 1601 .
2100 1573 2249 1613 nosve·-

1297 1618 1337 1652 τὸ
1362 1618 1387 1651 fi
1411 1628 1520 1661 preces
1537 1617 1742 1654 authoritatis
1753 1620 1863 1654 vestrae
1876 1645 1889 1662 ,
1911 1620 2249 1665 Divinaepietasis.in-›

1299 1666 1387 1702 tuitu
1412 1678 1592 1712 praeeunte,
1617 1668 1839 1704 abundantius
1861 1669 2197 1706 mandamuseffestni
2222 1692 2251 1712 ,f-

1298 1718 1502 1754 conscientia
1514 1717 1624 1754 nostra
1642 1717 1764 1754 exinde
1788 1720 1967 1764 gloriatur.
1994 1719 2058 1755 Sed
2069 1719 2240 1756 novistin}

1298 1769 1404 1801 sermo
1426 1768 1616 1811 divulgatus
1636 1778 1674 1802 ac
1710 1768 1878 1805 celebriter
1901 1771 2037 1804 diffusus
2055 1769 2093 1804 in
2114 1770 2241 1816 Regno

1298 1816 1411 1850 nostro
1434 1817 1623 1851 scandalum
1635 1818 1823 1861 generavit.
1851 1819 1933 1853 Non
1952 1819 1998 1853 est
2020 1819 2169 1854 nostrum
2177 1816 2250 1854 vos

1298 1866 1356 1910 qui
1380 1863 1549 1900 Dominus
1569 1865 1664 1908 estiS,
1687 1865 1942 1911 reprehendere:
1978 1867 2089 1903 verum
2109 1880 2182 1913 quae
2195 1869 2245 1904 ad·-

1297 1915 1469 1961 opinionis
1492 1915 1603 1951 vestrae
1621 1914 1858 1953 detti-mentum
1879 1919 2021 1963 spestare
2039 1918 2203 1954 credimus
2226 1942 2250 1960 ,‚

1299 1966 1387 2000 filere
1407 1965 1550 2000 omnino
1569 1976 1639 2000 non
1650 1968 1837 2009 possumus.
1859 1968 2099 2014 RexAngliae,
2121 1978 2241 2013 utpote

1301 2014 1408 2048 inanis
1429 2014 1542 2058 gloriae
1551 2014 1718 2058 cupidus,
1753 2016 1788 2050 in
1810 2016 2004 2062 colloquio,
2029 2018 2120 2063 quod
2140 2017 2250 2054 timul·

1301 2063 1478 2098 habuimus
1499 2088 1511 2105 ,
1538 2064 1660 2099 litteras
1680 2064 1798 2102 vestras
1817 2076 1964 2111 patentes
1989 2093 2002 2110 ,
2026 2078 2066 2103 ut
2081 2067 2201 2103 dicitur
2225 2091 2240 2110 ‚

1301 2116 1383 2158 parti
1405 2114 1467 2148 suae
1482 2113 1700 2159 gloriabunde
1719 2127 1758 2151 ac
1776 2117 1849 2152 satis
1869 2117 2023 2161 jastanter
2053 2117 2201 2153 ostendit
2225 2140 2240 2159 ‚

1301 2165 1337 2197 in
1372 2163 1492 2208 quibus
1512 2173 1553 2200 os.
1582 2165 1618 2199 &
1639 2176 1754 2201 manus
1785 2166 1927 2202 Domini
1957 2166 2199 2203 caumarienfis
2223 2191 2238 2209 ,

1301 2214 1414 2248 tamin
1429 2214 1610 2259 praedietum
1622 2214 1770 2261 Regem,
1796 2217 1896 2261 quim
1907 2219 1943 2253 in
1953 2225 2063 2253 totum
2073 2218 2233 2264 Regnum

1301 2264 1395 2298 suum
1416 2287 1429 2304 ‚
1467 2276 1505 2299 ac
1525 2266 1674 2309 personas
1685 2266 1726 2300 de
1746 2267 1868 2313 Regno
1892 2291 1904 2309 ,
1939 2266 2251 2312 suspenditeveffla-

1300 2311 1498 2355 authoritas,
1525 2314 1632 2350 donec
1650 2318 1790 2360 gratiam
1810 2318 1917 2363 Regis
1948 2319 2016 2362 ipse
2046 2318 2146 2353 fuerit
2168 2318 2241 2362 ple·

1301 2361 1391 2396 narie
1411 2365 1625 2399 consecutus.
1648 2365 1744 2412 Qid
1760 2366 1801 2401 ad
1822 2367 1891 2402 haec
1911 2368 2034 2411 obieeta
2046 2368 2251 2412 respondero

1301 2414 1466 2457 possumus
1488 2412 1625 2447 adversae
1655 2416 1737 2457 parti
1759 2439 1770 2455 ,
1798 2415 1951 2451 videlicet
1981 2418 2176 2460 Imperatori
2203 2417 2240 2453 ἀ

1301 2461 1512 2498 schismaticis
1533 2462 1764 2498 insultantibus
1783 2465 1905 2505 nobis,
1938 2465 2016 2510 quia
2034 2475 2162 2509 partem
2184 2478 2236 2502 ve-

1301 2514 1398 2549 stram
1424 2513 1534 2547 fovere
1564 2524 1626 2548 nec
1657 2512 1844 2549 destitimus
1869 2525 1930 2549 nec
1961 2515 2143 2553 desistimus
2162 2539 2180 2556 ,
2199 2515 2240 2561 in

1302 2571 1453 2608 promptu
1473 2573 1542 2598 non
1563 2561 1719 2598 habemus
1739 2587 1750 2603 ,
1785 2575 1845 2599 nec
1866 2565 1912 2598 est
1936 2563 2102 2599 facultatis
2123 2564 2239 2601 nostrat

1301 2613 1515 2654 adinvenire,
1541 2614 1601 2647 nifi
1624 2625 1685 2647 nos
1705 2615 1806 2648 vestra
1824 2612 1954 2649 subtilis
1989 2615 2178 2651 instruxerit
2196 2615 2237 2657 iu

1301 2662 1528 2707 respondendo
1549 2663 1716 2698 discretio.
1742 2664 1823 2699 Hoc
1846 2674 1957 2700 autem
1979 2664 2164 2700 meminisse
2184 2665 2245 2699 fir·-

1301 2713 1386 2748 mius
1406 2712 1626 2757 postulamus,
1651 2714 1727 2757 quia
1750 2712 1897 2758 precibus
1919 2713 2053 2755 nostris,
2080 2725 2162 2759 quas
2182 2714 2238 2752 sas·

1302 2763 1340 2808 pe
1351 2762 1446 2798 vobis
1462 2762 1631 2798 humiliter
1643 2764 1845 2807 porreximus
1854 2788 1865 2805 ,
1890 2775 1952 2799 nec
1963 2764 2245 2801 intermiscuimus,

1303 2815 1428 2855 minas,
1453 2824 1516 2848 nec
1525 2824 1584 2848 vos
1594 2813 1742 2849 diffidare
1754 2814 2025 2858 praesumpfimus.
2054 2814 2148 2863 Qid
2167 2813 2237 2849 hae

1304 2864 1362 2898 fibi
1380 2863 1505 2903 velint,
1532 2863 1630 2900 facile
1649 2864 1782 2908 potestis
1811 2864 1985 2907 concipere
2008 2889 2021 2906 ,
2042 2865 2086 2902 ,δε
2107 2864 2172 2899 haec
2193 2863 2236 2899 ad

1304 2915 1438 2958 plenum
1459 2914 1659 2958 interpretari
1680 2913 1788 2948 vestrae
1807 2913 2009 2949 discretionis
2032 2913 2235 2957 experientia

1306 2963 1431 3009 plenius
1476 2963 1612 3008 agnovit
1647 2987 1656 2995 .
1683 2962 1794 2997 Lateri
1813 2963 1918 2998 vestro
1947 2963 2016 3001 duo
2032 2963 2179 2999 affistunt
2219 2987 2231 3003 ‚

1307 3016 1339 3048 in
1354 3023 1436 3058 quos
1454 3015 1500 3047 rei
1522 3011 1616 3056 hujus
1636 3012 1730 3056 culpa
1750 3012 1951 3048 refunditur.
1989 3014 2052 3048 Sed
2073 3012 2235 3059 quidquid

1309 3075 1366 3100 nos
1385 3074 1521 3109 agamus
1541 3088 1554 3106 ,
1586 3072 1656 3097 non
1675 3062 1722 3097 est
1742 3062 1950 3098 sublimitatis
1970 3065 2004 3099 ὅ(
2025 3061 2232 3101 discretionis

1309 3114 1412 3149 vestrae
1440 3112 1563 3152 contra*
1580 3111 1750 3150 scientiam
1780 3113 1871 3150 suasu
1900 3124 1999 3160 pravo
2029 3113 2234 3161 aliquatenus

1309 3165 1455 3201 deviare.

2092 3459 2206 3498 13121-
2233 3432 2236 3436 ⁴
