2358 3776
449 99 489 145 S.
524 95 822 146 THOMAE
855 95 1260 146 CANTuAR.
1296 98 1432 144 LIB.
1469 101 1560 146 IV.

94 184 268 222 &utinam
282 196 410 232 magnae
421 186 482 221 sint
494 187 616 231 semper
626 186 660 221 in
670 185 821 221 Domino
828 182 909 219 vires
919 182 1032 226 Regiae

90 236 261 277 potestatis
272 259 282 275 ‚
309 235 363 270 sed
375 248 443 271 non
458 245 554 271 tantae
562 259 574 276 ,
602 246 639 271 ut
649 246 763 272 omnes
775 235 893 270 vestras
903 231 1032 269 cohibe-

94 295 167 319 rent
177 285 358 332 impensas,
382 298 460 330 quas
471 285 527 320 ubi
546 285 657 331 saepius
680 285 838 326 fecerint,
864 285 920 329 qui
942 292 1032 327 pote-

94 345 167 368 rant
179 358 191 374 ,
217 335 363 380 quisquis
373 336 549 371 diffiteatur
561 359 574 377 ,
599 336 714 371 veritas
724 336 821 370 novit
831 359 842 376 ‚
869 335 903 368 &
913 333 1025 368 fortas-

91 383 235 419 seetiam
256 397 333 420 ante
350 385 438 421 diem
463 386 606 421 Domini
631 386 829 431 quaudoque
842 384 955 418 saltem
976 393 1033 426 pro

90 442 184 476 parte
193 435 407 471 revelabitur.
435 436 515 470 Hoc
534 435 758 471 indubitanter
775 433 915 470 dixerim
940 432 1034 467 Chri·

89 482 179 518 stum
196 486 367 531 nunquam
380 487 571 530 puniturum
581 510 592 528 ,
606 497 667 520 nee
677 483 828 520 homines
838 483 1035 527 culpaturos,

46 558 47 563 η
94 532 123 565 ss
144 534 268 578 aliquid
295 535 525 570 subtraxissetis
556 535 733 570 neceffitati
754 534 888 573 vestrae,
913 532 1034 567 nedum

90 582 232 618 deliciis
244 609 255 625 ,
280 585 369 630 quod
383 585 478 628 poffit
489 584 615 620 Christi
636 584 847 629 pauperibus,
874 594 932 627 pro
950 583 1035 627 justi-

92 632 140 666 tia
153 634 185 669 &
202 634 351 670 libertate
375 635 525 669 Ecclefiae
544 635 774 676 exulantibus,
799 634 949 678 erogari,
975 634 1033 666 nisi

95 682 180 716 forte
192 685 350 729 quispiam
363 685 584 721 credatDeum
598 685 632 720 in
643 694 791 719 extremo
802 683 955 717 examine
965 684 1036 728 glo-

93 732 296 769 rificaturum
311 735 386 770 illos
397 760 407 776 ,
418 737 474 779 qui
485 734 672 779 duplicibus
684 734 793 768 induti
806 735 880 768 sunt
893 758 904 774 ,
916 734 949 767 δε
960 745 1035 777 epu-

93 782 202 817 lantur
212 780 360 829 quotidie
384 785 565 828 splendide.
592 782 750 818 Sathanas
772 784 885 818 votivo
908 783 1036 826 pietatis

93 831 223 875 affeflui
236 833 411 868 satellitum
432 832 614 868 ministerio
635 835 754 868 multas
776 832 944 878 praetendit
965 833 1036 867 insi-

90 881 162 916 dias
174 905 186 922 ,
212 882 265 916 sed
288 894 342 918 eas
361 883 545 926 aliquorum
567 882 647 917 fides
665 884 698 917 ὅτ.
719 883 891 928 diligentia
912 908 924 924 ‚
962 881 1037 918 licet

94 942 276 974 paucorum
286 956 298 972 ‚
324 933 439 967 evasit.
469 932 574 982 Qod
588 943 646 966 vos
660 932 788 968 facilius
810 933 948 978 potuisse
960 944 1038 968 con-

92 979 171 1024 jicio
184 1006 196 1022 ,
206 982 437 1026 siquandoque
447 983 556 1017 fuiflet
569 993 765 1018 attentatum
778 1009 785 1016 .
816 984 961 1019 Utinam
974 984 1038 1027 pie·

91 1040 196 1066 tatem
208 1032 346 1066 vestram
360 1032 473 1066 saltem
485 1032 623 1067 voluifle
633 1056 645 1073 ,
670 1033 825 1078 cujusque
834 1033 940 1077 operis
951 1034 1037 1068 testi·

91 1081 212 1115 monio
224 1082 380 1115 convinci
391 1082 544 1125 potuisset
553 1107 561 1116 .
587 1083 735 1127 Superest
747 1094 784 1117 ut
796 1083 837 1118 de
849 1083 967 1118 timore
982 1095 1037 1117 vo·

92 1128 143 1163 bis
159 1130 340 1173 Apostolus
352 1130 475 1166 Christi
487 1133 695 1176 respondeat:
725 1136 877 1178 ‚Quoniam
884 1139 971 1167 timor
982 1132 1032 1173 iste

93 1190 152 1213 non
162 1179 202 1220 est
212 1186 246 1212 in
257 1179 403 1214 charitate
413 1206 420 1214 .
433 1182 535 1225 Judaei
549 1194 590 1217 ne
604 1183 716 1218 locum
730 1183 901 1226 perderent
911 1184 943 1217 &
955 1193 1032 1227 gen·

91 1238 161 1265 tem
172 1254 184 1271 ‚
210 1227 396 1269 Christum,
423 1241 460 1265 ut
480 1232 624 1267 recolitis
650 1255 661 1271 ,
695 1234 887 1267 occiderunt
899 1257 909 1272 ‚
935 1233 969 1265 ἀ
992 1242 1032 1265 eo

90 1278 166 1322 ipso
178 1279 268 1323 quod
281 1277 425 1313 maxime
442 1281 595 1314 volebant
605 1281 719 1314 evitari
731 1303 744 1319 ,
769 1280 932 1315 demerito
944 1279 1030 1313 ami-

88 1328 204 1362 serunt
215 1327 325 1361 locum
335 1328 369 1360 &
378 1337 513 1371 gentem
527 1353 534 1360 .
548 1328 638 1362 Nam
650 1327 715 1362 sere
725 1329 853 1372 quoties
864 1339 905 1363 ex
917 1328 1028 1372 aliqua

90 1376 186 1410 eausa
195 1377 351 1411 consulto
372 1378 465 1411 Deus
486 1377 686 1419 offenditur,
714 1388 762 1412 res
780 1378 815 1412 in
836 1378 1032 1413 eontrarium

86 1431 172 1460 'voto
199 1427 304 1470 pergit
316 1436 470 1460 eventum
482 1451 490 1459 .
519 1427 553 1461 Si
574 1436 685 1462 tamen
701 1426 750 1461 illi
765 1427 869 1472 longo
888 1438 1033 1472 tempore

89 1477 267 1520 exspectati
292 1474 520 1519 poenitentiam
541 1477 702 1522 egissent,
730 1486 903 1520 potuerant
923 1477 1034 1512 loci&

91 1525 203 1571 gentis
215 1525 380 1560 retinuisse
391 1525 566 1569 primatum
578 1550 589 1567 ,
616 1528 671 1571 qui
683 1526 749 1560 illis
759 1527 920 1562 induratis
942 1528 1035 1574 genti

90 1573 232 1610 traditus
241 1576 286 1610 est
299 1576 435 1610 facienti
446 1576 568 1611 fructus
578 1576 667 1620 ejus.
696 1576 768 1612 vos
791 1577 922 1621 itaque,
948 1578 1035 1612 dile·-

91 1624 221 1659 ffiffimi
230 1649 242 1666 ,
268 1626 427 1669 quoniam
438 1624 545 1661 adhue
557 1636 683 1671 tempus
694 1627 738 1661 est
750 1628 994 1671 propitiationis
1003 1627 1037 1660 δε

90 1674 225 1716 meriti,
249 1675 428 1710 accelerate
438 1675 479 1711 ad
492 1677 621 1712 veniam
630 1687 687 1721 per
698 1675 821 1722 dignos
834 1678 1038 1722 poenitentiae

90 1725 236 1765 fructus,
262 1725 298 1759 ὅ(
309 1735 529 1769 praeoccupate
547 1726 794 1769 faciemjudicis
813 1727 849 1760 in
870 1727 1039 1762 confeffio·

90 1785 155 1813 ne,
178 1774 450 1807 &satisfactionis
461 1775 636 1818 diligentia
657 1774 806 1809 redimite
826 1786 977 1815 moram,
1003 1776 1039 1809 δε

90 1823 212 1867 iapsam
222 1822 339 1867 erigite
349 1821 542 1857 charitatem
553 1847 561 1856 .
587 1824 707 1858 Facilis
717 1824 750 1858 &
761 1823 904 1868 gloriosa
916 1848 928 1865 ,
951 1825 974 1857 si
987 1834 1037 1858 ve-

90 1885 128 1908 ra
138 1874 215 1907 sunt
227 1883 296 1919 quae
307 1872 462 1907 dicuntur
472 1897 483 1913 ‚
509 1871 596 1916 apud
609 1883 667 1907 vos
689 1873 926 1915 satisfaciendi,
953 1874 986 1909 &
995 1884 1035 1907 re·

86 1921 238 1958 dimendi
254 1922 396 1964 famam,
424 1923 517 1957 vobis
527 1924 661 1958 offertur
684 1924 834 1964 occasio,
860 1925 938 1958 cum
959 1923 1037 1957 Do-

87 1973 202 2009 minus
216 1971 310 2011 Rex,
337 1982 374 2006 ut
385 1972 478 2015 ajunt
489 1997 502 2015 ,
530 1972 565 2006 in
583 1972 737 2016 injuriam
761 1972 909 2006 Ecclesiae
930 1972 1037 2006 vestrae

89 2022 200 2058 §ilium
211 2021 305 2056 suum
320 2033 376 2065 per
389 2033 525 2057 manum
537 2021 642 2057 Archi
653 2042 665 2048 -
678 2021 832 2066 Episcopi
856 2021 1037 2055 Eboracen·

91 2071 157 2114 fis,
182 2081 240 2106 aut
253 2072 386 2106 alterius
398 2072 550 2116 Episcopi
567 2073 647 2107 velit
668 2072 836 2118 inungi&
856 2071 1035 2106 consecrari

90 2122 129 2158 in
141 2123 285 2167 Regem.
311 2120 472 2156 Prohibet
495 2121 561 2157 hoe
583 2122 751 2157 Dominus
771 2121 859 2165 Papa
880 2120 1037 2156 mandato

93 2173 232 2212 iterato,
257 2171 376 2206 &sunt
386 2171 609 2215 prohibitoriae
629 2173 697 2216 ejus
720 2172 754 2205 in
776 2171 918 2216 Regno.
944 2171 1037 2219 Qas

94 2222 116 2256 fi
129 2222 297 2266 porrigere
307 2220 497 2256 cessaverint
508 2221 566 2256 alii
581 2247 592 2263 ,
615 2222 649 2257 ἀ
660 2221 700 2256 ad
712 2231 770 2256 vos
793 2223 998 2265 pervenerint
1025 2245 1036 2261 ,

93 2272 275 2306 induantur
285 2272 393 2314 quaeso
402 2271 505 2314 aliqui
518 2272 657 2306 vestrum
679 2271 799 2305 virtute
820 2283 862 2305 cx
882 2272 971 2311 alto,
999 2280 1036 2304 ut

93 2332 148 2357 eas
159 2321 349 2365 porrigant,
376 2321 486 2355 Dei&
499 2321 625 2356 Summi
643 2320 817 2356 Pontificis
840 2320 1036 2355 authoritate

95 2370 308 2417 prohibentes
318 2395 329 2410 ,
357 2370 456 2405 etiam
469 2371 654 2415 interposita
665 2371 886 2415 appellatione
897 2394 909 2410 ,
919 2371 940 2403 fi
952 2381 1035 2414 opus

96 2422 213 2460 fuerit,
242 2431 283 2452 ne
297 2429 424 2454 tantum
437 2421 655 2463 praejudicium
666 2422 788 2455 Sanstae
809 2420 1034 2455 Cantuarienfi

95 2470 246 2505 Ecclesiae
256 2478 384 2512 paratus
395 2468 432 2502 fit
444 2470 509 2504 hoc
521 2470 652 2513 implere
666 2496 673 2502 .
701 2469 934 2504 Nihilominus
947 2471 970 2503 fi
981 2479 1034 2503 eas

99 2520 136 2555 in
161 2518 308 2553 fraudem
323 2518 472 2552 Ecclesiae
494 2521 694 2563 suppresserit
704 2520 843 2564 aliquis,
870 2531 907 2554 ut
926 2519 965 2554 ad
977 2528 1034 2552 vos

95 2569 261 2614 pervenire
284 2579 352 2601 non
366 2567 514 2610 valeant,
539 2581 598 2603 vos
609 2579 718 2603 tamen
741 2568 780 2604 de
797 2570 922 2604 Divina
932 2569 1031 2603 mise-

97 2618 236 2654 ricordia
257 2617 483 2659 confidentes,
510 2617 768 2661 prohibitionem
789 2619 823 2651 &
843 2620 1034 2662 appellatio-

98 2680 174 2703 nem
187 2668 225 2702 ad
238 2667 488 2712 propulsandam
508 2666 910 2711 injuriamimminentem
935 2668 1032 2702 inter-

97 2729 218 2763 ponere
235 2730 304 2752 non
326 2716 501 2758 differatis,
526 2719 559 2752 &
580 2717 736 2753 omnibus
759 2718 908 2752 Ecclesiae
926 2718 1033 2752 vestrae

97 2768 313 2812 Suffraganeis
325 2766 521 2802 authoritate
542 2767 632 2802 Sedis
643 2767 841 2811 Apostolicae
851 2769 1029 2812 praecipere,

98 2827 136 2852 ut
147 2819 345 2861 praesentiam
359 2816 438 2853 huic
447 2817 535 2861 operi
556 2817 768 2858 subtrahant,
793 2818 828 2852 δε
849 2817 1031 2861 praejudicio

98 2867 217 2902 Matris
236 2870 297 2903 suas
322 2868 410 2902 nulla
433 2866 558 2912 prorsus
589 2869 716 2902 ratione
746 2869 994 2903 communicent
1023 2894 1030 2902 .

98 2917 204 2964 Qod
217 2917 237 2950 fi
249 2917 344 2953 vobis
356 2917 539 2953 tacentibus
549 2919 770 2962 praesumptum
781 2918 878 2952 fuerit
888 2943 899 2960 ,
924 2917 977 2951 cui
990 2917 1030 2953 de

59 3009 72 3018 .
99 2977 214 3001 caetero
225 2968 343 3010 poterit
355 2966 535 3011 persuaderi
546 2969 652 3002 zelum
665 2980 732 3003 non
746 2968 889 3011 periisse,
914 2968 949 3002 &
959 2967 1030 3002 cha-

98 3017 232 3052 ritatem
249 3027 317 3050 non
339 3019 401 3052 effe
421 3018 621 3052 extinctam?
647 3019 701 3053 Sic
727 3029 794 3052 non
816 3019 862 3053 est
881 3020 916 3052 in
936 3017 1029 3051 vobis

97 3066 218 3111 aliquis
228 3091 239 3107 ,
264 3067 322 3110 qui
339 3077 407 3101 non
419 3068 516 3102 faciat
528 3068 749 3111 preciosiorem
761 3078 1026 3104 momentaneam

72 3152 76 3154 ,
97 3117 201 3151 vitam
214 3140 225 3157 ,
252 3116 352 3162 quam
371 3117 505 3152 salutem
527 3117 675 3153 Ecclefiae
692 3120 753 3155 suae
772 3145 784 3161 ,
820 3119 854 3153 δι
871 3129 1028 3154 coronam

98 3165 251 3211 justitiae?
280 3166 360 3200 Non
372 3167 460 3201 enim
479 3168 594 3202 nunea
606 3168 698 3204 vobis
719 3169 818 3205 vestra
831 3179 1028 3214 quaeruntur,

99 3215 155 3250 sed
176 3224 213 3250 ut
232 3226 291 3250 vos
311 3215 454 3255 doceatis
474 3217 539 3250 Dei
549 3217 612 3251 effe
633 3219 773 3255 cultores
786 3244 797 3260 ,
822 3220 857 3254 δε
878 3219 1025 3254 Ecclesiae

99 3264 205 3299 filios.
231 3265 307 3300 Hac
319 3269 436 3302 virtute
448 3266 661 3310 praecedentes
681 3269 846 3305 redimetis
854 3270 992 3305 offensas
1016 3293 1028 3309 ‚

95 3315 208 3350 &tam
231 3315 396 3359 perspicua
416 3316 554 3351 charitas
573 3318 840 3361 multitudinem,
863 3331 932 3366 quae
954 3328 1027 3362 prae·

98 3366 276 3403 cesserunt,
303 3366 424 3409 operiet
437 3375 643 3410 peccatorum
656 3392 664 3401 .
691 3369 747 3403 Eis
758 3379 866 3406 tamen
877 3394 889 3411 ,
913 3368 970 3414 qui
982 3368 1025 3403 in·

96 3414 235 3460 spirante
254 3414 388 3451 Christo
401 3417 607 3451 Armaturam
628 3418 690 3453 zeli
701 3419 926 3468 assumpserint
933 3443 945 3465 2
971 3419 1026 3456 in-

193 3465 298 3508 Clm‘st.
317 3470 398 3513 Lupi
418 3470 516 3512 Opera
536 3471 615 3504 Tom.
632 3469 675 3504 Χ.

1093 184 1164 220 duti
1186 193 1244 228 pro
1265 178 1399 217 thorace
1415 180 1573 225 justitiam
1594 206 1606 223 ,
1632 183 1665 218 ὃ(
1683 178 1740 228 pro
1759 189 1855 234 guiga
1874 189 2035 234 judicium

1093 244 1240 272 certum,
1265 233 1348 267 Dux
1370 232 1405 266 δε
1428 231 1549 266 Custos
1571 232 1677 267 aderit
1697 234 1799 272 fidelis
1819 241 1934 283 Deus,
1972 242 2032 286 qui

1094 296 1150 320 eos
1162 283 1251 328 supra
1272 283 1353 317 vires
1376 283 1494 316 tentari
1517 292 1586 316 non
1609 282 1747 325 patietur
1766 309 1777 325 ‚
1801 289 1852 323 sed
1872 301 1934 331 ea,
1958 301 2031 335 «με

1095 345 1184 370 nune
1208 333 1360 368 videntur
1370 332 1562 373 imminere,
1589 331 1731 375 pericula
1743 332 1778 366 in
1792 346 1894 372 veram
1906 351 2031 385 pacem,

1097 386 1223 429 plenam
1237 384 1441 417 securitatem
1451 406 1463 422 ‚
1492 383 1526 417 δε
1538 390 1722 426 perpetuam
1732 382 1874 428 gloriatn
1890 399 2034 425 commu.

1096 435 1194 470 tabit.
1225 433 1314 468 Nam
1337 433 1503 467 Dominus
1540 431 1635 472 Rex,
1664 432 1827 476 quidquid
1859 433 2043 479 loquantur

1097 483 1270 523 homines,
1296 483 1317 516 fi
1340 484 1371 517 se
1382 481 1567 516 meminerit
1587 483 1652 517 esse
1665 481 1836 518 Christum
1857 483 1997 519 Domini
2022 508 2036 526 ,

1095 536 1198 578 &pro
1222 532 1336 568 debito
1360 533 1499 573 Officii,
1523 543 1583 576 pro
1605 533 1734 577 generis
1754 532 1956 574 nobilitate,
1978 545 2038 578 pro

1097 583 1259 619 clariffimi
1283 584 1402 618 virtute
1423 581 1548 623 animi,
1575 592 1643 617 non
1661 581 1764 617 mode>
1783 582 1865 626 justa
1896 584 2040 627 petenti-

1098 635 1157 669 bus
1170 646 1237 668 non
1250 633 1407 678 irrogabit
1420 632 1573 677 injuriam
1583 654 1595 672 ,
1622 632 1675 667 sed
1686 631 1769 666 alios
1778 643 1820 667 ne
1832 634 1976 677 irrogent
1986 644 2040 667 co*

1099 684 1245 719 hibebit.
1272 683 1340 718 Scit
1351 683 1440 717 enim
1448 682 1525 726 quia
1538 681 1641 726 Regis
1651 681 1760 716 honor
1781 682 1942 725 judicium
1960 683 2040 717 dili·-

1099 736 1167 780 git.
1197 732 1323 767 Videor
1335 731 1420 766 mihi
1434 732 1542 767 videre
1565 731 1721 776 pluresin
1744 732 1862 772 vobis,
1888 734 1944 776 qui
1965 744 2040 776 prz-

1098 784 1177 818 clari
1190 783 1284 826 hujus
1298 784 1403 817 meriti
1423 793 1582 817 coronam
1604 782 1772 820 affestent‚
1801 784 1836 817 ἀ
1854 782 1966 817 dicant
1979 784 2041 817 sm·

1099 834 1167 879 guli
1182 845 1256 867 cum
1269 832 1434 877 Propheta
1447 832 1483 867 iu
1506 831 1638 867 auribus
1659 829 1826 872 ecclesa,
1853 834 1928 866 Ecce
1952 843 2003 877 ego
2028 857 2043 873 ,

1098 890 1183 918 mitte
1200 895 1267 922 me,
1293 893 1452 918 conantes
1473 883 1597 917 caeteris
1606 880 1770 927 praeripere
1789 881 1946 923 titulum,
1971 892 2041 926 quo

1099 936 1186 968 fama
1199 934 1373 968 redimetur
1393 932 1633 973 universitatis,
1658 933 1692 968 ὅ(
1703 932 1912 979 privilegium
1925 930 2043 970 ‘Eccle-

1099 984 1150 1018 fiae
1162 983 1269 1019 stabili
1281 984 1396 1029 vigore
1407 982 1649 1028 perpetuabitur
1659 1007 1668 1016 .

1200 1081 1608 1119 EPISTOLA
1721 1080 1949 1122 xxxvu.

1101 1183 1269 1218 Alexandro
1294 1186 1392 1225 Papae
1418 1184 1595 1217 Bernardus
1623 1181 1831 1228 Noviomenfis
1856 1185 1892 1219 Θ
1928 1182 2044 1219 Mauri}

1348 1238 1412 1267 cius
1438 1232 1604 1276 Parifienfis
1632 1232 1773 1278 Eptftope
1786 1259 1794 1266 .

1205 1332 1262 1367 OS
1287 1329 1456 1366 Sanstitati
1478 1331 1587 1367 vestrae
1601 1342 1662 1375 pro
1677 1331 1821 1366 Ecclesia
1834 1329 2022 1376 Anglieana
2034 1355 2046 1372 ,

1231 1381 1265 1416 δι
1277 1380 1453 1417 venerabili
1474 1381 1548 1416 viro
1559 1381 1784 1417 Cantuarienfi
1795 1378 2047 1425 Archi-Episco-

1103 1443 1145 1476 po
1157 1442 1266 1476 preces
1287 1430 1399 1475 saepius
1409 1431 1584 1474 porrexisse
1607 1431 1844 1470 meminimus,
1871 1441 1929 1464 nec
1953 1440 2046 1473 pote-

1102 1482 1166 1521 rit,
1192 1481 1269 1514 Deo
1282 1480 1445 1524 propitio,
1475 1481 1584 1515 nostra
1606 1478 1761 1513 instantia
1783 1478 1933 1525 cohiberi
1949 1502 1960 1519 ,
1985 1477 2047 1512 do-

1104 1541 1164 1565 nec
1182 1528 1214 1563 ei
1249 1529 1504 1565 misericordiam
1529 1527 1726 1573 impendatis
1741 1551 1752 1567 ‚
1778 1528 1812 1562 &
1837 1527 2043 1572 Apostolicae

1103 1579 1283 1624 Maiestatis
1293 1579 1423 1615 dextera
1443 1579 1602 1614 malitiam
1625 1578 1809 1622 reprimatis
1820 1588 1932 1613 eorum
1946 1601 1958 1618 ,
1983 1579 2042 1622 qui

1103 1628 1272 1664 Christum
1285 1629 1319 1663 in
1331 1629 1390 1663 illo
1399 1638 1560 1664 conantur
1570 1629 1764 1673 extinguere
1775 1652 1786 1669 ‚
1812 1628 1845 1663 &
1867 1628 1970 1662 totius
1983 1628 2045 1662 Ee-

1102 1679 1200 1715 elefiae
1216 1679 1371 1724 perimere
1393 1679 1577 1714 libertatem
1589 1702 1597 1709 .
1625 1679 1745 1716 Gravia
1764 1678 1897 1720 quidem
1921 1679 1995 1713 sunt
2008 1678 2045 1713 ὅ(

1103 1730 1207 1763 multa
1227 1729 1368 1769 damna,
1393 1739 1465 1772 quae
1475 1728 1535 1762 diu
1546 1726 1739 1768 fortiterque
1763 1726 1935 1766 sustinuit,
1962 1737 2046 1761 atro·

1103 1788 1156 1813 ees
1167 1777 1265 1811 nimis
1275 1778 1427 1821 exemplo
1440 1777 1475 1810 in
1490 1777 1520 1810 se
1533 1776 1567 1810 δε
1587 1775 1653 1809 suis
1677 1775 1837 1819 patienter
1849 1774 1977 1819 excepit
1996 1775 2045 1809 in·

1102 1826 1217 1870 jurias,
1244 1827 1297 1861 sed
1310 1827 1435 1861 Divina
1445 1835 1646 1870 cooperante
1671 1826 1791 1869 gratia,
1819 1824 1861 1858 ad
1885 1836 2045 1869 magnum

1102 1875 1168 1919 jam
1181 1876 1330 1911 Ecclesiae
1341 1877 1518 1921 profectum
1529 1898 1539 1914 ,
1566 1885 1602 1909 ut
1615 1873 1840 1908 indubitanter
1860 1875 2042 1916 credimus,

1104 1935 1333 1970 pervenerunt.
1361 1927 1451 1961 Nam
1463 1924 1655 1969 apudillum
1679 1923 1869 1969 Anglorum
1890 1923 2044 1968 Regem,

1103 1976 1157 2009 cui
1169 1987 1236 2010 non
1249 1974 1325 2009 satis
1334 1975 1379 2009 est
1389 1974 1536 2009 indebita
1547 1974 1698 2008 servitute
1710 1984 1861 2019 torquere
1875 1973 2044 2017 subjectos,

1103 2025 1205 2070 gratis
1226 2024 1371 2072 affligere
1381 2026 1594 2067 innocentes,
1621 2023 1851 2059 contrahentes
1871 2023 2043 2067 decipere,

1105 2075 1221 2109 vicinis
1232 2075 1375 2109 infidiari
1388 2100 1400 2116 ,
1426 2075 1574 2110 fraudare
1586 2074 1754 2111 Dominos
1764 2097 1776 2113 ,
1802 2074 1858 2107 nisi
1869 2083 1982 2107 contra
1994 2074 2043 2108 fas

1103 2125 1216 2167 &jura
1235 2126 1407 2160 conculcet
1434 2123 1631 2164 Ecclesiam,
1657 2124 1721 2166 jam
1733 2124 1774 2158 de
1796 2122 2044 2158 consuetudini-

1103 2174 1161 2208 bus
1182 2175 1216 2209 &
1238 2175 1456 2219 dignitatibus
1470 2186 1530 2209 nec
1549 2175 1675 2209 mentio
1698 2174 1762 2214 est,
1792 2172 1857 2208 hoc
1873 2183 1913 2206 eo
1931 2182 2043 2217 peten-

1103 2234 1135 2258 te
1147 2223 1340 2264 dumtaxat,
1368 2236 1405 2259 ut
1425 2224 1563 2259 eifaciat
1588 2225 1734 2268 praefatus
1761 2222 2005 2259 Cantuariensss
2029 2246 2044 2263 ,

1102 2273 1191 2315 quod
1205 2272 1309 2307 Archi
1322 2290 1332 2297 ·
1344 2274 1524 2315 Episcopus
1539 2275 1625 2317 Regi
1648 2273 1744 2308 debet
1755 2296 1767 2313 ,
1792 2274 1828 2307 ἀ
1848 2274 1915 2316 ipse
1940 2271 2043 2308 ,vicis-

1103 2324 1160 2357 fim
1174 2323 1223 2356 illi
1236 2345 1246 2361 ,
1271 2323 1360 2364 quod
1374 2323 1447 2356 Rex
1455 2321 1549 2357 debet
1571 2322 1675 2356 Archi
1688 2339 1698 2348 ·
1710 2323 1876 2365 Episcopo
1888 2346 1895 2354 .
1925 2321 2043 2366 Nuper

1103 2382 1212 2407 autem
1224 2372 1266 2406 ad
1279 2370 1364 2406 hanc
1377 2372 1445 2416 ejus
1455 2372 1728 2416 pollicitationem
1740 2373 1793 2415 spe
1804 2371 2042 2407 reconciliatio-

1104 2424 1155 2456 nis
1175 2422 1312 2466 pleniori
1333 2423 1497 2466 suscepta,
1523 2421 1609 2455 idem
1629 2420 1866 2453 Cantuariensis
1887 2421 1922 2453 in
1942 2421 2039 2454 omni

1102 2471 1290 2507 humilitate
1305 2473 1340 2506 ὃ(
1359 2472 1537 2507 devotione
1547 2470 1646 2512 usque
1658 2467 1697 2501 ad
1711 2468 1913 2502 Pontisaram
1933 2469 2038 2503 acces·

1100 2522 1158 2562 sit,
1185 2521 1358 2556 confidens
1369 2523 1400 2555 se
1416 2520 1518 2564 Regis
1537 2519 1743 2562 colloquium
1763 2515 1950 2552 habiturum
1963 2541 1974 2558 ,
1999 2518 2037 2552 si-

1100 2582 1155 2606 cut
1199 2572 1392 2606 venerabiles
1418 2569 1476 2602 viri
1507 2569 1548 2602 D.
1581 2567 1876 2612 Rothomagensis,
1910 2568 1944 2603 δε
1957 2567 2034 2612 Epi-

1100 2623 1213 2667 scopus
1233 2617 1392 2666 Sagienfis
1413 2619 1624 2662 promiserant
1647 2628 1701 2661 per
1723 2618 1843 2652 litteras
1865 2618 1935 2651 suas
1959 2642 1971 2658 ,
1995 2619 2032 2654 &

1100 2682 1210 2716 praeter
1231 2671 1291 2705 hos
1314 2669 1533 2703 Cisterciensis
1554 2667 1688 2708 AbbaS,
1714 2667 1749 2700 ἀ
1771 2668 1881 2701 Frater
1897 2666 2036 2701 Gaufre-

1097 2722 1158 2757 dus
1179 2719 1475 2760 Antisiodorensis,
1501 2719 1747 2762 quospraefatus
1773 2716 1848 2751 Rex
1886 2716 2034 2751 Senonas

1097 2771 1136 2806 ad
1157 2769 1357 2815 saepedictum
1379 2768 1502 2804 Archi·
1519 2769 1718 2813 Episcopum
1738 2767 1890 2807 miserat,
1917 2775 1954 2800 ut
1965 2765 2031 2801 hoe

1096 2821 1300 2863 colloquium
1321 2829 1547 2863 procurarent.
1575 2818 1637 2852 Sed
1656 2817 1744 2852 idem
1770 2816 1844 2850 Rex
1868 2816 1903 2849 in
1924 2815 2030 2850 reditu

1096 2873 1305 2907 Nunciorum
1336 2871 1467 2905 suorum
1504 2894 1516 2910 ,
1552 2868 1675 2903 scilicet
1693 2866 1838 2912 magistri
1869 2864 2030 2901 Richardi

1097 2922 1193 2956 Barre
1210 2947 1220 2962 ,
1247 2922 1280 2956 ὅ(
1292 2919 1459 2963 Radulphi
1482 2917 1711 2955 Landaviensis
1722 2915 1825 2952 Archi
1837 2935 1847 2942 -
1858 2915 2029 2955 Diaconi,

1096 2972 1300 3007 redeuntium
1318 2971 1336 3004 a
1352 2971 1528 3006 sanctitate
1539 2968 1639 3003 vestra
1651 2992 1663 3009 ,
1689 2977 1779 3001 more
1798 2968 1857 3002 suo
1878 2965 1989 3000 resiliit
2005 2964 2026 2999 ἡ

1096 3022 1219 3066 pastis,
1245 3021 1358 3056 dicens
1378 3022 1410 3056 se
1429 3031 1505 3054 cum
1526 3018 1734 3053 festinatione
1753 3017 1874 3051 iturum
1894 3013 1930 3048 in
1955 3012 2025 3047 An-

1094 3073 1196 3116 gliam
1208 3096 1219 3113 ,
1246 3081 1282 3106 ut
1294 3071 1398 3106 filium
1411 3071 1502 3105 suum
1514 3070 1549 3103 in
1563 3068 1722 3101 laefionem
1731 3067 1765 3101 δι
1775 3066 1926 3109 injuriam
1938 3061 2026 3098 can·

1094 3123 1257 3157 tuariensis
1274 3121 1423 3156 Ecclesiae
1436 3145 1446 3160 ,
1472 3130 1527 3163 per
1543 3128 1679 3152 manum
1691 3113 2023 3152 DominiEboracen·

1093 3172 1130 3206 fis
1142 3197 1153 3213 ‚
1181 3172 1231 3207 vel
1243 3173 1373 3208 alterius
1385 3167 1536 3214 Episcopi
1555 3168 1674 3202 faceret
1693 3165 1859 3202 coronari.
1885 3163 1929 3217 {Et
1939 3162 2020 3197 sicut

1093 3222 1176 3266 apud
1189 3223 1347 3258 nostrates
1357 3220 1481 3256 celebre
1500 3217 1567 3258 est,
1592 3217 1712 3262 praefati
1725 3213 1850 3250 Nuncii
1871 3220 1938 3267 ejus
1947 3210 2020 3254 glo-

1092 3273 1165 3308 riati
1198 3273 1271 3308 sunt
1302 3274 1334 3307 se
1355 3271 1388 3305 &
1419 3268 1505 3303 hanc
1539 3268 1618 3302 novi
1639 3266 1742 3311 Regis
1767 3269 2019 3299 coronationem

1091 3322 1268 3358 obtinuiss'e
1290 3321 1308 3355 a
1330 3319 1446 3360 vobis,
1471 3317 1756 3353 &absolutionem
1775 3321 1888 3347 eorum
1900 3332 1913 3350 ‚
1936 3318 2019 3351 quos

1092 3372 1259 3407 Dominus
1269 3369 1510 3407 Cantuarienfis
1518 3379 1577 3412 pro
1588 3366 1707 3400 merito
1723 3360 1928 3397 anathemate
1939 3369 2020 3405 con·

1090 3422 1273 3460 demnavit.
1300 3419 1414 3457 Rediit
1425 3417 1666 3501 itaqueinflgcgo
1679 3412 1816 3459 negotio
1837 3408 1936 3446 toties
1947 3418 2019 3442 me<

1870 3467 1971 3494 mora-
