2358 3776
513 84 552 130 S.
587 81 890 130 THOMAE
925 76 1335 132 CANTUAR.
1372 78 1512 128 LIB.
1550 85 1617 131 11.

137 176 336 220 coagitatam
347 174 380 209 &
393 174 671 219 supereffluentem
682 166 825 204 refundit
848 165 881 199 in
895 175 1076 209 promeren-

137 229 219 263 tium
232 227 331 260 sinus.
363 227 484 270 Liquet
493 236 572 269 ergo
585 223 620 256 in
631 232 665 257 te
677 244 688 260 ‚
713 218 788 262 quia
800 218 891 254 Deus
902 239 914 255 ,
940 215 997 271 qui
1009 216 1075 250 ina-

137 279 224 312 niter
241 277 458 322 gloriantibus
477 275 588 308 resistit
600 298 611 314 ,
636 269 813 306 humilibus
834 266 890 300 dat
900 274 1036 309 gratiam
1066 289 1077 305 ‚

133 327 285 370 &juxta
309 327 532 372 Apostolum,
560 326 627 367 ,Qut
642 320 677 364 se
698 317 845 359 existimat
863 315 1042 357 aliquideffe
1066 337 1077 353 ,

133 388 199 411 cum
212 377 331 420 nibilfie
344 403 354 417 ,
377 375 521 422 seipsum
538 373 680 417 semper,
705 368 852 416 interdum
873 367 944 399 verb
962 362 1075 407 seducit

135 430 170 461 ό·
192 429 282 460 altos.
310 429 400 476 Qia
421 436 499 470 ergo
510 450 520 465 ‚
557 425 632 458 Deo
664 418 808 464 propitio
830 441 841 456 ,
869 414 1074 458 naufragium

135 480 279 517 evasisti,
305 478 459 513 adhucin
482 475 549 509 alto
572 468 814 516 navigantibus,
844 465 962 499 &cum
977 465 1076 499 Petro

134 529 426 574 naufragantibus,
450 534 546 568 quam
559 533 667 566 potes,
694 529 790 563 opem
817 516 897 571 ferre
921 516 1075 549 memine-

134 582 180 616 ris
189 606 201 623 ,
227 581 261 614 &
271 589 412 624 agonem
425 573 545 610 Christi
556 573 665 615 juvare
678 594 689 610 ,
715 578 802 602 nunc
815 577 1003 600 orationum
1017 566 1076 599 suf-

135 631 264 676 fragio,
291 636 517 663 nunctuarum
528 622 646 659 solatio
667 620 865 654 litterarum.
896 615 976 651 Haec
987 615 1076 670 enim

134 683 295 722 sanatur
304 677 444 712 dixerim
466 674 574 721 quoad
596 683 672 711 me,
697 668 815 714 quibus
837 664 978 702 maxime
993 665 1076 699 indi-

133 741 250 775 gemus
262 754 269 761 .
298 729 370 773 Ego
381 728 469 761 enim
484 736 539 769 per
550 718 802 759 misericordiam
823 717 887 751 Dei
912 726 1077 759 tempora-

134 781 220 814 libus
231 778 385 818 abundo,
410 788 446 811 ut
459 778 598 810 formam
621 769 730 815 potius
753 767 870 801 habete
894 767 1004 801 videar
1019 764 1077 799 flo-

134 830 235 864 rentis
247 830 281 862 in
293 828 401 863 Patria
414 851 426 868 ,
451 825 547 869 quam
566 820 715 856 exulis&
739 817 921 862 proscripti.
953 814 1078 850 Domi-

132 889 214 913 num
239 877 503 912 Cantuariensem
526 869 819 909 Christianiffimus
843 867 920 901 Rex
940 867 1078 901 Franco-

127 924 357 969 rumSenonis
366 922 501 960 exhibet
513 923 619 967 Regia
638 918 884 965 magnificentia
907 918 941 950 in
965 917 1078 950 Eccle-

130 980 175 1013 fia
187 977 285 1013 beatae
298 975 471 1012 Columba
481 998 491 1014 ,
515 983 657 1016 eumque
669 971 704 1004 in
714 967 870 1004 omnibus
894 967 937 1001 stc
950 976 1076 1001 venera-

130 1038 184 1063 tur
205 1028 240 1062 δι
258 1028 364 1068 colit,
388 1035 426 1061 ut
453 1022 623 1065 Christum
646 1019 785 1055 Domini
807 1019 899 1052 decet
916 1015 1078 1051 aChristo

130 1077 308 1114 honorari.
338 1077 456 1111 Eidem
468 1083 599 1117 quoque
610 1069 793 1105 fideliffimo
807 1068 915 1102 Princi
920 1068 951 1111 pi
962 1092 973 1108 ,
998 1067 1078 1100 sicut

134 1128 204 1171 ipse
223 1127 360 1165 fatetur,
389 1126 485 1170 pauci
505 1124 653 1161 videntur
664 1121 733 1155 dies
751 1121 785 1155 ἀ
799 1118 885 1163 parvi
898 1119 1043 1159 sumptus
1069 1140 1081 1157 ,

133 1189 196 1222 prae
207 1177 327 1211 amoris
338 1175 568 1221 magnitudine
581 1197 592 1212 ,
619 1182 701 1214 quos
720 1169 902 1205 Sacerdotis
913 1165 1036 1200 Christi
1048 1168 1079 1199 δι

134 1227 326 1271 Apostolici
350 1226 425 1259 Viri
447 1223 608 1268 impendit
630 1221 796 1263 obsequiis
810 1243 817 1250 .
846 1215 908 1251 Sed
927 1214 1079 1253 &fidem

132 1277 204 1319 ejus
216 1300 227 1316 ,
253 1274 342 1319 quod
353 1275 428 1308 satis
438 1273 606 1307 humiliter
616 1271 733 1304 recolit
741 1291 753 1307 ,
781 1266 948 1308 condigna
960 1274 1079 1298 merce-

133 1325 176 1361 de
187 1333 371 1359 remunerat
384 1325 476 1358 Deus
487 1345 498 1361 ,
523 1319 614 1362 cujus
624 1317 768 1351 muneris
779 1314 824 1350 est
835 1338 846 1354 ,
866 1325 904 1349 ur.
914 1314 980 1348 fine
989 1324 1082 1348 eruo·

131 1373 368 1410 redttumultu
382 1373 416 1406 in
438 1370 548 1405 medio
569 1367 713 1403 hostium
734 1365 857 1409 degens
870 1386 880 1403 ,
907 1364 942 1399 ὅ(
957 1364 1082 1418 prqspe-

131 1434 224 1465 retur
234 1424 267 1458 in
281 1421 434 1458 omnibus
447 1445 457 1461 ,
482 1416 616 1462 &quod
628 1416 811 1452 maximum
824 1424 949 1458 reputat
961 1437 973 1453 ,
998 1420 1082 1448 ame·

131 1485 186 1509 tur
206 1474 239 1508 ἀ
261 1472 441 1506 honoretur
463 1471 481 1503 ὲ
505 1468 660 1506 subditis.
698 1467 788 1501 Sicut
807 1463 1004 1499 Obemedon
1018 1463 1082 1498 Ge·

131 1523 253 1566 theus,
281 1522 368 1558 Arca
382 1520 524 1558 Domini
537 1528 664 1562 recepta
674 1539 686 1556 ‚
712 1516 747 1549 in
760 1514 948 1548 ancillarum
960 1513 1082 1548 foecun—

133 1572 263 1613 ditate,
287 1572 491 1617 &gregium
516 1568 658 1604 &totius
670 1565 868 1609 poffeffionis
889 1562 1084 1606 multiplica-

131 1623 250 1664 tione,
275 1622 406 1657 Divina
419 1618 658 1657 benedictionis
670 1624 819 1659 expertm
836 1614 882 1649 est
904 1614 1047 1648 frustum
1072 1634 1084 1652 ,

133 1673 171 1707 δε
179 1671 269 1706 Olda
282 1682 338 1716 per
350 1670 492 1714 ejusdem
506 1668 599 1702 Arca
609 1667 830 1710 receptionem
844 1690 853 1704 ,
866 1663 1002 1708 quando
1010 1673 1083 1697 eam

131 1722 257 1765 impius
278 1720 398 1757 Achae
416 1720 551 1763 ejecerat
574 1719 592 1753 ὲ
613 1715 737 1760 templo
747 1715 891 1755 Domini
905 1738 918 1755 ,
942 1715 1084 1748 assecuta

131 1771 180 1806 est
190 1771 226 1805 in
239 1771 366 1805 silentio
376 1769 580 1804 Pontificum
591 1768 627 1800 ὅ(
637 1765 851 1799 Sacerdotum
862 1764 1002 1806 gratiam
1015 1771 1083 1803 pro-

130 1819 273 1865 phetiae;
300 1819 341 1851 sic
367 1818 443 1851 Rex
464 1814 754 1850 Christianiffimus
775 1821 900 1854 recepta
912 1810 948 1844 in
959 1810 1084 1854 Regno

131 1871 194 1905 suo
205 1868 348 1904 Ecclesia
361 1866 513 1901 Romana
526 1889 537 1905 ,
556 1864 598 1899 de
610 1873 714 1897 uxore
723 1861 859 1904 suscepit
871 1860 979 1894 filium
990 1858 1081 1899 fidei,

133 1918 274 1955 authore
295 1917 468 1957 Domino,
493 1915 526 1950 ἀ
550 1914 661 1959 Regni
678 1911 863 1952 heredem,
889 1920 987 1954 quem
1006 1910 1082 1949 data

133 1968 354 2004 fibiornnium
364 1965 592 2010 expetibilium
602 1963 741 2007 optione
762 1963 868 1996 fuerat
890 1961 1047 2004 petiturus
1074 1984 1082 1991 .

132 2019 236 2056 Nune
249 2016 532 2062 probumanitate
548 2013 699 2048 Ecclesiae
716 2009 866 2046 exhibita
888 2010 1083 2054 Angiicanae

131 2075 255 2105 novam
267 2092 279 2109 ,
303 2079 404 2110 quam
414 2074 473 2112 pro
483 2064 616 2100 arbitrio
628 2064 689 2097 suo
697 2060 788 2102 dabi:
801 2059 969 2094 Dominus
981 2083 992 2100 ,
1013 2069 1082 2104 gra-

132 2120 216 2155 tiam
226 2117 434 2155 confidenter
445 2116 607 2159 exspectat
619 2139 626 2146 .
655 2111 823 2147 Dominus
841 2109 928 2153 Papa
939 2110 1081 2144 Cantua-

132 2170 270 2205 riensem
292 2166 420 2206 Archi·
433 2166 634 2210 Episcopum
657 2161 763 2197 verbis
782 2162 816 2195 ἀ
837 2158 958 2203 scriptis
981 2169 1082 2203 nuper

136 2219 330 2253 consolatus
338 2218 383 2251 est
395 2241 406 2257 ,
434 2217 469 2255 δι
480 2216 606 2250 utinam
619 2212 777 2248 omnibus
792 2211 976 2245 innotescat
990 2233 1001 2250 ,
1012 2209 1079 2253 qui·

135 2268 196 2302 bus
208 2267 417 2310 pastionibus
425 2266 459 2300 &
469 2263 681 2299 cautionibus
693 2261 874 2297 obtinuerit
893 2259 950 2295 ille
958 2259 1082 2303 jurator

135 2317 320 2361 insignisea
332 2340 344 2357 ‚
369 2316 410 2351 de
418 2314 536 2359 quibus
547 2313 715 2349 adversarii
727 2311 874 2353 Ecclesiae
885 2311 1078 2356 gloriantur.

75 2384 77 2386 ·
133 2368 302 2415 litamen
315 2367 338 2400 si
349 2366 512 2409 pastiones
525 2365 647 2400 fuerint
657 2362 840 2406 adimpleta
850 2385 861 2401 ,
875 2360 971 2397 nobis
981 2359 1082 2394 abun—

134 2417 179 2453 de
200 2418 234 2450 in
258 2415 463 2450 restitutione
483 2414 668 2452 ablatorum
685 2413 720 2448 ἀ
737 2422 816 2455 pace
827 2435 839 2452 ‚
864 2411 898 2444 &
910 2410 1082 2445 securitate

133 2467 336 2510 prospessum
347 2465 393 2499 est
408 2489 416 2497 .
429 2464 571 2502 Silentur
583 2462 649 2497 haec
662 2463 794 2498 interim
808 2461 994 2495 necessitate
1005 2460 1079 2494 obe-

131 2515 269 2550 dientiae
281 2539 293 2555 ,
318 2515 374 2550 sed
383 2516 452 2557 spes
469 2513 561 2548 estin
575 2513 664 2548 brevi
673 2513 787 2547 omnia
795 2510 995 2555 propalanda
1006 2511 1077 2547 esse.

139 2566 233 2614 Qia
247 2575 282 2598 ut
292 2576 351 2608 pro
359 2563 639 2598 certo-didicimus
654 2588 666 2605 ,
691 2564 894 2608 Legatorum
905 2563 961 2605 qui
976 2562 1078 2605 spera·

133 2615 231 2650 batur
244 2614 405 2650 adventus
414 2613 580 2655 suspensus
591 2613 636 2646 est
648 2637 659 2652 ,
684 2623 741 2646 aut
751 2611 894 2647 omnino
903 2611 1048 2646 sublatus
1069 2635 1080 2652 ,

134 2665 286 2709 juratoris
295 2662 579 2705 fraudecomperta
593 2690 598 2696 .
629 2661 782 2701 Rescribe
796 2686 807 2702 ,
832 2662 993 2704 quatenus
1010 2661 1079 2694 lici·

136 2724 211 2749 tum
223 2714 342 2755 fuerit,
368 2713 457 2759 quod
481 2712 628 2747 Ecclesia:
648 2713 680 2746 ἀ
696 2710 791 2745 nobis
817 2711 850 2744 in
863 2721 970 2755 agone
987 2709 1082 2744 Chri·

136 2764 244 2799 stiano
266 2764 418 2809 expedire
439 2763 539 2798 fueris
564 2761 759 2801 arbitratus,
786 2761 906 2801 &me,
933 2760 1082 2795 ubicum-

137 2825 203 2861 que
212 2814 362 2850 locorum
371 2814 429 2847 sim
441 2837 453 2855 ,
477 2813 607 2847 noveris
618 2813 680 2847 esse
691 2810 945 2846 amantissimum
957 2811 1004 2846 tui
1019 2834 1025 2842 .

286 2910 696 2950 EPISTOLA
795 2909 922 2946 XCVI.

290 3017 408 3057 Rogem
432 3012 603 3058 Vigornenfi
624 3010 769 3056 Episcopo
797 3015 932 3055 Ioannes

487 3064 526 3097 de
547 3063 717 3097 saresberia
729 3087 736 3095 .

227 3161 532 3200 oNFioENTiA
558 3164 668 3198 secura
697 3162 820 3198 emittit
857 3173 962 3207 preces
982 3187 992 3201 ,
1024 3173 1081 3197 nec

251 3215 338 3258 jusiae
357 3213 526 3256 petitionis
546 3214 705 3255 repulsam
727 3225 853 3247 veretur
877 3213 963 3256 apud
983 3213 1082 3246 Ami-

305 3264 361 3305 qui
388 3264 428 3297 ad
455 3263 545 3295 illius
572 3264 694 3306 semper
728 3265 774 3299 est
800 3263 963 3297 accinctus
988 3261 1082 3296 obse-

295 3311 388 3360 Qid
401 3322 509 3347 autem
522 3311 637 3354 justius
647 3312 691 3345 est
704 3337 714 3351 ,
735 3315 832 3355 quam
846 3324 881 3348 ut
896 3312 1081 3346 Dominum

139 3276 216 3299 cum
247 3289 258 3304 ‚

141 3315 277 3358 quium.

140 3363 244 3399 fidelis
271 3364 395 3397 animet
421 3362 462 3396 ad
487 3362 640 3405 obsequia
667 3361 832 3399 charitatis
858 3387 870 3404 ‚
903 3362 938 3396 &
964 3362 1079 3397 Domi·

140 3425 201 3451 nus
226 3414 259 3447 in
288 3412 397 3447 salutis
422 3413 483 3447 suae
508 3411 741 3455 compendium
767 3413 880 3449 Amici
907 3421 983 3448 vota
994 3423 1079 3448 com·

241 3461 348 3503 Christ,
363 3466 438 3504 Lupi
449 3467 547 3505 Opera
558 3466 634 3495 Tam⁴
650 3464 692 3496 X.

1903 111 1940 146 -2
1952 113 1971 153 3
1982 112 2008 154 ‘3

1138 159 1223 218 21⁶²ss
1233 158 1436 202 ἀθίθῑᾞῢὸῐὶῑῖς
1448 160 1465 191 ?
1492 164 1652 207 Expedite
1660 180 1769 208 autem
1781 174 1917 211 arbitror
1928 178 2076 215 sanaita-

1137 220 1164 267 ti
1186 210 1293 244 vestrl
1307 209 1357 245 ‘ad
1379 210 1502 251 Vitam,
1526 211 1562 248 ἀ
1585 215 1787 259 tiobssitztem
1809 223 1927 262 decer&
1942 229 1983 262 ad
2007 230 2077 273 glo-

1138 270 1214 294 riam
1228 282 1240 298 ,
1266 270 1303 293 ut
1324 262 1606 305 contemplatione
1630 265 1759 303 Divinae
1783 277 1996 313 miserationis
2010 291 2078 322 pas.

1137 309 1287 366 vulorum
1310 308 1434 345 Christi
1457 312 1696 350 necessitatibus
1726 328 1981 363 communicetis·
2042 330 2076 363 δε

1138 359 1334 404 ubicumque
1346 361 1429 395 ratio
1441 365 1618 405 permiserit
1629 390 1640 406 ,
1668 368 1701 399 in
1724 379 1838 404 eorum
1851 354 2078 413 consolatione

1136 421 1191 466 aut
1215 413 1425 453 promotione
1444 411 1614 455 charitati,
1639 426 1710 459 quar
1735 419 1768 452 in
1792 418 1927 457 Christo
1941 429 1985 461 est
2035 430 2080 466 fi.

1137 458 1325 499 tisfaciatis,
1352 462 1385 495 δι
1408 464 1520 507 generi
1543 465 1667 507 vestro,
1693 467 1782 511 quod
1805 469 1911 513 plures
1927 451 2081 512 Pardulos

1138 511 1210 544 suos
1221 510 1423 555 dignoscitur
1444 514 1618 556 exaltasse,
1645 516 1743 560 quam
1764 520 1929 561 mundar,
1957 522 2031 556 licet
2045 525 2080 560 in

1138 561 1285 605 maligno
1297 562 1416 605 positus
1429 560 1554 602 ,adhuc
1567 566 1661 608 poffit
1672 566 1852 611 deprimere
1865 595 1872 602 .
1898 571 2000 606 Lator
2011 583 2083 616 pre-

1138 612 1280 645 sentium
1292 623 1376 647 unus
1386 614 1594 656 parvulorum
1607 616 1730 652 Christi
1741 619 1800 652 est.
1836 620 1891 654 Est
1905 622 1939 655 &
1954 633 2085 657 mecum

1139 672 1222 695 uuus
1243 662 1284 695 de
1305 664 1445 705 parvulis
1467 665 1595 699 vestris.
1622 664 1825 713 potestisque
1846 671 1965 705 collata
1989 672 2088 707 vobis

1138 713 1385 766 opportunitate
1395 713 1586 756 Divinitus,
1616 715 1726 751 utdici
1752 720 1858 760 solet,
1882 721 1948 755 sine
1960 723 2091 767 sangui-

1140 773 1181 795 ne
1205 761 1239 794 ὅ(
1261 759 1399 804 sudore,
1424 763 1491 798 fine
1514 765 1686 809 dispendio
1708 767 1901 805 facultatum
1915 796 1926 812 ‚
1952 772 1985 806 δε
2006 783 2083 808 cum

1140 821 1319 867 augmento
1365 812 1536 856 opinionis
1568 815 1675 850 vestrm
1696 818 1731 852 dt
1747 820 1956 855 conscientiae
1989 847 2000 863 ,
2029 830 2089 857 ne-'

1140 861 1335 917 ceshtatibus
1346 862 1413 906 ejus
1424 862 1514 905 juxta
1525 876 1634 908 preces
1650 866 1789 902 Domini
1810 868 2084 916 Archi-Episcopi

1143 911 1327 947 subvenire.
1357 913 1460 960 Qod
1473 925 1509 949 ut
1529 916 1679 958 faciatis,
1706 927 1802 953 tantm
1821 920 1997 963 majestatis
2019 934 2089 967 pre·

1142 962 1233 1019 cibus
1243 972 1322 997 meat
1333 964 1501 1007 parvitatis
1510 964 1631 1010 adjicio
1643 979 1764 1011 preces,
1789 970 1871 1003 mihi
1884 980 2094 1014 reputaturus

1143 1014 1348 1056 impensum,
1376 1014 1535 1058 quidquid
1548 1018 1578 1050 ei
1591 1017 1740 1054 beneficii
1761 1030 1817 1054 aut
1841 1020 2007 1056 honorisa
2028 1034 2095 1056 ve-

1144 1064 1204 1097 stra
1226 1064 1324 1098 fuerit
1347 1062 1494 1102 bonitate
1510 1067 1668 1102 collatum
1682 1089 1699 1101 .·
1724 1070 1799 1105 Nec
1820 1070 1994 1106 immemor
2016 1074 2092 1106 sune

1143 1113 1398 1153 consolationis,
1426 1126 1524 1158 quam
1544 1118 1684 1153 senonis
1714 1118 1734 1153 a
1754 1119 1863 1155 vestrae
1883 1121 2088 1157 liberalitatis

1145 1163 1244 1198 verbo
1255 1166 1402 1208 percepi,
1430 1177 1489 1200 nec
1501 1177 1558 1201 vos
1572 1169 1798 1204 immemorem
1811 1171 1873 1205 esse
1884 1172 1988 1215 patiar
1997 1197 2008 1212 ,
2030 1181 2091 1206 aut

1144 1213 1220 1249 curn
1243 1215 1407 1249 necessitas
1430 1216 1650 1260 importunior
1672 1220 1825 1263 urgebit,
1852 1232 1908 1255 aut
1931 1221 2093 1256 modestia

1147 1265 1350 1299 verecundiae
1373 1288 1384 1303 ‚
1411 1266 1575 1300 neceslitas
1598 1267 1867 1309 importunitati,
1892 1282 1992 1313 quam
2010 1281 2096 1305 non-

1145 1308 1225 1346 dum
1237 1311 1477 1347 inexorabilem
1495 1324 1646 1357 expertus
1667 1316 1757 1356 sum,
1784 1317 1868 1352 victa
1879 1320 2067 1354 succumbet
2085 1346 2094 1353 .

1147 1361 1260 1396 unum
1269 1369 1379 1396 autem
1391 1372 1454 1406 prz
1463 1363 1579 1405 ceteris
1593 1375 1699 1410 rogo,
1730 1377 1854 1402 moneo
1871 1393 1883 1410 ,
1909 1369 1942 1403 &
1963 1368 2001 1404 in
2010 1367 2100 1404 'verz

1146 1411 1299 1447 amicitiae
1315 1413 1455 1447 consulo
1465 1412 1551 1453 fide,
1580 1425 1616 1448 ut
1628 1415 1844 1451 memineritis
1865 1418 1902 1452 in
1922 1420 2016 1454 causa
2028 1421 2098 1455 Εσ-Δ

1146 1461 1270 1502 eiefiae,
1296 1462 1504 1497 conscientia
1513 1464 1621 1505 quoad
1636 1465 1746 1499 Deum
1759 1490 1770 1506 ‚
1795 1468 1890 1502 famz
1900 1469 2011 1511 quoad
2032 1468 2099 1503 ho·-

1149 1512 1277 1550 mineS,
1303 1513 1412 1546 necin
1424 1512 1553 1546 calamo
1575 1512 1746 1558 AEgyptio
1768 1515 1965 1558 confidatis,
1989 1519 2095 1563 qui&

1148 1559 1231 1596 nulli
1243 1572 1342 1605 opem
1355 1562 1434 1603 fert„
1459 1562 1649 1599 &membra
1671 1565 1815 1608 perforat
1832 1567 2055 1603 incumbentis
2079 1589 2102 1610 ,ι

1148 1621 1321 1655 rerumque
1332 1610 1542 1647 exhibitione
1561 1613 1749 1648 monstretis
1764 1617 1874 1659 quoad
1896 1629 1954 1652 vos
1967 1642 1979 1659 ,
2004 1618 2098 1653 falsas

1147 1673 1222 1696 cem
1242 1661 1313 1695 effe·
1326 1662 1363 1696 δι
1383 1671 1526 1703 vanum,
1560 1662 1617 1704 qui
1639 1664 1825 1705 malitiam,
1851 1678 1922 1711 quae
1941 1667 2102 1704 adversus

1151 1711 1327 1746 Ecclesiam
1338 1721 1526 1750 exercetur,
1551 1712 1709 1744 excusans
1719 1715 1949 1751 accusantibus
1971 1722 2104 1761 preten-'

1147 1762 1224 1793 dere
1245 1760 1434 1794 consuevit:
1473 1759 1566 1793 Gens
1588 1760 1646 1795 sua
1666 1760 1701 1795 ἀ
1722 1760 1939 1801 pontificium
1962 1768 2102 1804 tradidit·

1146 1819 1220 1843 eam
1235 1808 1319 1843 mihi
1331 1832 1339 1840 .
1381 1809 1589 1844 Sacerdotem
1601 1809 1727 1845 Christi
1745 1812 1919 1858 alloquor,
1947 1816 2102 1853 Ecclefiz

1147 1857 1336 1900 Pastorem,
1360 1858 1560 1895 Pontificem
1582 1860 1766 1896 animarum
1784 1887 1795 1903 ‚
1830 1864 1938 1900 filium
1960 1866 2102 1903 illustris

1147 1909 1315 1951 Comitis,
1335 1911 1439 1953 quiin
1454 1910 1587 1955 Regum
1595 1910 1749 1956 catalogo
1760 1911 1884 1958 dignus
1902 1917 2007 1952 fuerat
2030 1929 2099 1953 tiu-2

1146 1960 1281 1997 merari,
1311 1960 1370 1992 nisi
1381 1961 1457 2002 quia
1467 1961 1794 2005 magnificavirtutis
1814 1964 1916 2000 titulo
1936 1968 2062 2003 meruit·
2083 1978 2100 2009 ς

1147 2011 1229 2043 utin
1243 2009 1398 2043 libertatis
1409 2010 1555 2044 culmine
1574 2010 1773 2046 constitutus
1796 2013 1905 2060 Reges
1927 2015 2091 2052 videtitin

1146 2058 1264 2093 ordine
1277 2058 1420 2095 secundo
1431 2084 1440 2093 .
1467 2060 1510 2093 Et
1522 2060 1656 2106 Regum
1667 2062 1808 2105 Patent,
1828 2064 1922 2109 fquos
1939 2067 2092 2112 'adoptio-

1147 2120 1189 2143 ne
1209 2110 1394 2154 promovit,
1419 2108 1529 2145 haberi
1547 2111 1644 2146 debet
1666 2112 1702 2147 in
1726 2114 1960 2159 sempiternum
1973 2142 1980 2149 .
2007 2119 2091 2153 Non

1145 2160 1226 2204 ergo
1248 2171 1360 2197 vereor
1372 2183 1384 2200 ‚
1412 2172 1456 2196 ne
1478 2162 1514 2196 in
1535 2170 1671 2198 ventum
1691 2163 1793 2199 verbe
1809 2166 1973 2202 emiserim
1994 2192 2006 2208 ‚
2033 2179 2091 2204 aut

1146 2208 1234 2253 quod
1253 2209 1335 2243 mihi
1358 2213 1545 2255 captiosum
1567 2213 1607 2247 fit
1619 2237 1630 2253 ,
1657 2214 1691 2248 in
1704 2224 1803 2250 tantae
1822 2216 1997 2253 sanctitatis
2008 2220 2091 2253 auri-

1147 2259 1205 2293 bus
1216 2270 1287 2293 vera
1297 2260 1538 2296 esselo'eutum.
1571 2263 1653 2298 Non
1680 2273 1751 2300 tam
1770 2277 1813 2300 ex
1834 2269 1930 2303 causa
1942 2268 2089 2304 veritatis

1146 2309 1367 2345 insidiantium
1390 2311 1524 2355 laqueos
1543 2312 1667 2352 timeo,
1693 2315 1751 2357 qui
1773 2317 1903 2351 utinam
1925 2327 2032 2354 totam
2046 2320 2092 2354 vi-

1146 2370 1213 2395 tam
1223 2358 1413 2395 devoverim
1425 2363 1573 2402 veritati,
1600 2363 1634 2397 «Sc
1644 2364 1680 2396 in
1691 2364 1862 2401 assertione
1873 2367 1942 2411 ejus
1961 2369 2099 2414 impen-'

1145 2410 1250 2445 derim
1262 2411 1407 2446 'animam
1418 2436 1425 2443 .
1445 2413 1483 2446 ln
1496 2413 1589 2446 invio
1600 2412 1646 2448 est
1657 2437 1669 2452 ,
1695 2412 1792 2448 Pater
1803 2439 1814 2455 ‚
1834 2418 1890 2457 qui
1905 2405 2084 2454 Ecclesiam

1145 2471 1255 2505 regere
1265 2464 1428 2504 putatesse
1439 2462 1662 2496 nominatum
1673 2463 1708 2496 in
1722 2463 1821 2497 Clero
1832 2488 1842 2503 ‚
1868 2466 1902 2499 ἀ
1921 2467 2039 2502 fastum
2052 2470 2093 2502 in·

1144 2510 1267 2555 populo
1278 2523 1452 2555 pauperum
1465 2511 1588 2546 Christi
1600 2512 1727 2545 loculos
1746 2513 1917 2549 exhaurire
1932 2539 1943 2555 ‚
1969 2528 2004 2552 ut
2028 2518 2088 2553 ho-

1145 2562 1205 2596 stes
1214 2561 1373 2596 Crucifixi
1390 2561 1563 2595 histriones
1574 2562 1607 2595 δε
1618 2561 1762 2603 mimos,
1787 2564 1820 2598 ἀ
1838 2576 1957 2607 ceteras
1979 2567 2087 2612 hujus·

1145 2611 1237 2646 modi
1251 2612 1393 2646 mulceat
1415 2613 1514 2655 pestes
1524 2626 1539 2653 ,·
1572 2612 1699 2655 placere
1718 2613 1929 2656 potestatibus
1943 2618 2047 2652 saeculi
2074 2622 2098 2659 ,ἰ

1145 2672 1183 2697 ut
1202 2662 1378 2706 perniciosa
1402 2661 1436 2694 &
1457 2661 1571 2696 infami
1585 2662 1742 2705 patientia
1765 2662 1938 2699 Pastorum
1962 2667 2100 2702 Christi·

1145 2712 1356 2747 conculcetur
1377 2710 1520 2745 Ecclesia
1537 2724 1547 2754 ς
1587 2714 1642 2746 sua
1662 2723 1800 2757 quaerere
1822 2726 1891 2749 non
1915 2728 1986 2760 qua:
1997 2718 2086 2761 Jesu·

1146 2762 1290 2802 Christi,
1315 2761 1414 2795 otiari
1434 2761 1471 2795 in
1492 2762 1620 2797 talento
1639 2762 1781 2798 Domini
1799 2789 1810 2805 ‚
1852 2766 1885 2799 &
1906 2767 2083 2801 usurariam

1147 2813 1303 2847 virtutum
1325 2811 1540 2847 acceffionem
1561 2813 1790 2858 negotiatione
1807 2815 2083 2852 sollicitudinis&

1147 2863 1268 2897 laboris
1280 2871 1349 2896 non
1360 2872 1510 2897 exercere
1523 2887 1530 2895 .
1559 2863 1677 2898 Aderit
1691 2864 1726 2898 in
1738 2863 1827 2899 brevi
1840 2865 2012 2901 Pastorum
2025 2867 2087 2902 Pa·

1150 2914 1214 2947 stor
1225 2937 1235 2953 ,
1254 2911 1311 2954 qui
1321 2912 1340 2946 a
1352 2912 1487 2947 vobis&
1500 2913 1596 2948 nobis
1604 2914 1780 2949 distriCiam
1791 2915 1902 2961 exiget
1911 2918 2082 2952 rationem.

1151 2963 1285 3005 Eritque
1297 2973 1378 2997 tunc
1388 2964 1546 2998 memoria
1556 2963 1630 3008 justi
1642 2976 1719 2998 cum
1732 2964 1882 3000 laudibus
1892 2991 1902 3007 ,
1915 2968 1948 3001 ὅ(
1962 2976 2084 3001 nomen

1148 3013 1327 3055 impiorum
1347 3014 1523 3057 putrescet.
1549 3014 1613 3049 Sed
1634 3025 1675 3048 ne
1688 3015 1870 3061 inlongum
1895 3017 2004 3051 videar
2015 3027 2085 3060 pro-

1149 3060 1302 3106 phetare,
1327 3063 1479 3098 citiffime
1489 3075 1542 3108 per
1565 3065 1816 3100 misericordiam
1840 3068 1904 3102 Dei
1926 3066 2079 3101 videbitis

1149 3113 1323 3148 Ecclesiam
1334 3114 1511 3159 resurgere.
1541 3113 1595 3149 Ut
1607 3114 1662 3158 qui
1674 3126 1745 3149 eam
1760 3115 1913 3152 hactenns
1933 3116 2081 3160 prodide-

1148 3173 1222 3196 runt
1234 3188 1246 3203 ,
1272 3173 1327 3198 aut
1340 3174 1416 3198 cum
1429 3163 1528 3198 Petro
1541 3162 1786 3207 lachrymentur
1797 3166 1836 3202 ad
1850 3167 1977 3201 veniam
1989 3189 2000 3205 ,
2025 3174 2084 3199 aut

1146 3224 1221 3248 cum
1232 3213 1312 3257 Juda
1326 3213 1444 3258 laqueo
1457 3214 1489 3250 sc
1500 3214 1697 3259 suspendant
1708 3240 1716 3248 .
2117 3214 2121 3221 ’

1952 3463 2039 3497 ΕΡΙ-
