2358 3776
523 126 567 174 S.
617 120 906 171 THOMAE
955 115 1359 168 CANTUAR.
1411 118 1546 165 LIB.
1603 125 1678 170 ΙΙ.

125 212 219 248 stram
229 222 319 247 nunc
334 211 467 246 tandem
483 212 608 247 visitare
617 210 769 255 dignatus
777 208 867 246 estis.
894 207 980 258 Qae
994 207 1065 249 qui-

129 262 203 296 dem
213 272 253 297 ex
269 263 428 307 praesentis
450 262 604 306 temporis
625 260 706 294 statu
733 256 1034 303 pensaruramultis
1057 282 1069 298 ‚

126 321 194 346 non
205 323 245 346 ex
258 312 410 358 preterito
421 336 437 353 ,K
456 321 553 357 quam
567 312 657 345 Deus
669 311 701 343 iu
713 311 825 344 futuro
838 307 879 342 de
892 306 1068 341 misericor-

123 361 176 395 dia
192 363 243 395 sua
258 388 266 402 ,
293 373 368 397 cum
382 361 539 402 voluerit,
566 363 599 396 ὃ(
611 361 748 403 dignum
768 357 956 400 judicaverit
968 379 979 394 ‚
1002 355 1065 389 eri-

126 425 201 458 gere
214 414 332 455 poterit
345 415 378 449 in
391 412 578 454 meliorem.
606 406 708 456 Qod
728 407 835 442 dicitis
848 430 859 447 ,
881 405 965 439 'ficut
988 405 1069 439 vide-

122 475 175 496 tur
192 463 302 496 multis
315 488 324 500 ,
352 473 410 496 vos
422 464 454 496 in
469 462 554 496 varia
569 459 729 504 proposita
750 459 832 491 cirea
855 456 1064 489 dilectionem

122 513 267 556 nostram
277 516 337 550 elie
347 513 554 554 dlstffissum,
580 509 645 548 hoc
666 509 784 544 fastum
808 506 901 549 fuisse
921 507 1070 540 utilitatis

124 563 240 597 nostrae
252 554 370 604 causa,
391 558 637 596 nehab'eremini
652 557 838 601 suspectus&
860 555 976 600 Rege,
1003 554 1070 599 qud

122 613 232 650 minus
248 615 336 649 fieret
356 612 492 646 devotus
516 605 674 644 Romana:
696 605 864 646 Ecclesiae,
890 605 1065 648 minusque

123 662 285 708 benignus
297 663 335 696 ad
349 659 530 697 faciendam
544 658 715 694 nobiscum
729 657 949 700 pacem,novit
963 656 1070 696 Deus,

122 715 351 757 quiinspetstor
363 711 407 746 est
432 711 581 745 cordium
595 733 606 750 ,
631 709 760 751 ipseque
783 705 827 742 rei
850 704 1069 740 manifestabit

121 764 250 797 effeetus
264 788 272 795 .
300 764 333 796 Si
345 761 421 796 vero
435 758 699 802 nunc-temporis
718 754 926 791 descendistis
948 757 982 789 in
1009 765 1071 789 ter-

120 823 189 847 ram
203 815 291 869 §iarn
305 835 316 852 ‚
341 816 436 855 prout
449 813 626 844 litterarum
646 808 820 841 vestrarum
846 805 944 840 habet
964 806 1070 840 conti-

122 870 260 901 nentia,
286 861 326 895 ad
339 860 537 901 decidendas
548 856 760 902 quaestiones,
786 867 854 901 quae
865 855 948 890 iuter
965 854 1070 890 nos&

121 909 226 954 ipsum
238 919 408 953 vertuntur
421 931 431 949 ,
456 908 536 943 ficut
549 907 654 952 magis
666 905 989 951 expediressvideritis
1009 906 1069 939 Ec·

120 960 241 1001 cleliae3
265 958 330 995 hoc
349 959 434 995 certe
455 958 602 1003 poffibile
623 957 688 991 est.
717 955 944 991 Veruntamen
969 955 1072 990 credi-

121 1020 193 1045 mus
216 1021 278 1046 nos
300 1021 358 1055 pro
378 1019 468 1045 certo
493 1009 603 1048 nosse,
630 1006 670 1040 ad
682 1007 761 1049 quid
779 1007 956 1046 venerit-is,
982 1002 1067 1039 &ad

122 1061 203 1107 quid
225 1059 398 1095 debeamus
418 1059 592 1104 suscipere.
625 1057 732 1103 Unde
754 1056 820 1097 est,
850 1057 938 1100 quod
957 1055 1070 1089 discre-

123 1111 250 1153 tionem
263 1110 503 1155 vestramquam
512 1108 691 1152 plurimum
702 1105 909 1141 exhortatam
921 1105 1069 1148 cupimus

119 1160 230 1194 esseio
246 1161 408 1198 Domino,
423 1158 512 1200 utfic
524 1158 624 1192 vosin
643 1154 709 1191 hoc
723 1158 859 1200 negotio
884 1153 1029 1202 habeatis
1055 1177 1066 1194 ,

124 1220 160 1244 ut
174 1209 252 1243 inde
270 1210 305 1243 fit
315 1209 424 1243 honor
435 1209 531 1253 Deo,
558 1208 741 1241 relevamen
766 1205 935 1242 Ecclefiae,
961 1204 1067 1247 gloria

125 1259 218 1292 vobis
229 1259 260 1291 in
273 1259 397 1301 populo
407 1259 440 1291 &
452 1267 569 1301 gente.
598 1256 630 1290 Si
645 1255 719 1289 verti
730 1253 861 1298 aliquid·
877 1252 955 1286 boni
974 1252 1007 1285 &
1018 1263 1065 1294 pa-

121 1309 171 1343 cis
180 1307 317 1341 nobis&
330 1306 522 1350 Anglicanae
545 1303 692 1341 Ecclefiae
714 1314 767 1345 per
787 1313 917 1346 operam
931 1301 1064 1335 vestram

75 1386 77 1389 ⁴
122 1355 546 1398 &industriamacciderit,
571 1354 690 1398 gratias
710 1352 802 1393 Deo,
828 1352 863 1386 ἀ
891 1351 997 1385 vestras
1009 1351 1070 1384 sol·

119 1400 287 1447 licitudini
298 1431 305 1438 .
333 1405 376 1439 Et
389 1406 516 1438 utinam
529 1406 585 1447 pio
595 1402 824 1447 compaffionis
837 1400 1011 1436 attendatis
1022 1400 1067 1435 af-

122 1450 207 1495 sediu
220 1480 231 1496 ,
256 1466 376 1499 quanta
389 1466 448 1488 nos
459 1455 492 1498 ἀ
507 1452 647 1487 Ecclefia
673 1453 860 1497 Anglicana
888 1451 1068 1485 sustinueri-

123 1506 394 1551 musgravamina
408 1528 418 1546 ‚
445 1503 597 1538 &adhuc
615 1503 827 1536 sustineamus
847 1526 859 1541 ‚
885 1512 1068 1545 quantum·-

119 1549 328 1602 fluelaedatur
349 1553 534 1589 universalis
557 1553 698 1588 Ecclesia
721 1555 753 1585 in
779 1552 888 1585 nostro
912 1551 1072 1595 gravami-

121 1617 164 1640 ne
178 1630 185 1637 .
214 1603 268 1639 Ad
286 1605 350 1640 hoc
361 1604 494 1649 quidem
517 1603 691 1648 negotium
716 1601 957 1636 Universorum
978 1600 1069 1642 respi-

121 1656 216 1690 ciunt
226 1654 339 1694 oculi,
363 1655 523 1697 ipsiusque
545 1654 647 1686 finem
669 1652 872 1694 exspeaant,
899 1651 932 1683 in
945 1661 1012 1694 quo
1024 1649 1070 1682 fu·

108 1714 190 1741 met
205 1703 263 1737 fibi
280 1715 404 1739 cornua
416 1701 612 1746 Principum
622 1701 822 1739 insolentia,
849 1700 898 1735 vel
919 1698 1009 1743 quod
1022 1699 1068 1733 di-

124 1755 220 1799 gnius
240 1753 306 1793 est,
334 1752 503 1797 sustinebit
527 1752 691 1786 defectum
713 1774 722 1781 .
749 1750 791 1783 Er
813 1751 940 1783 utinam
963 1748 1069 1791 magis

121 1803 262 1848 patiatur
271 1802 452 1838 defectum,
478 1799 576 1841 quim
587 1810 628 1831 ex
639 1794 782 1831 adventu
795 1796 899 1830 vestro
924 1797 1065 1830 resumat

121 1852 223 1886 vires.
251 1851 388 1890 valete,
415 1849 497 1887 &ut
509 1847 605 1883 nobis
624 1848 662 1882 fit
684 1845 801 1881 melius
823 1844 856 1881 δε
881 1843 1028 1881 Ecclefiae
1055 1869 1068 1886 ,

108 1896 228 1936 ‘valete
242 1902 365 1945 semper
374 1924 382 1932 .

321 2000 356 2034 E
380 1997 406 2035 Ρ
434 1998 448 2032 1
474 1999 496 2034 S
522 1998 558 2033 T
581 2000 618 2032 0
645 1997 674 2032 L
699 1997 731 2032 A
783 1996 860 2031 ΧΠ.

220 2099 374 2136 Thomas
394 2098 638 2134 cantuariensis
660 2096 968 2141 ArchirEpiscopus

417 2148 608 2183 Wil'helmo
621 2148 767 2191 Papienfi
779 2171 786 2178 .

120 2243 285 2284 &enerabili
299 2249 469 2282 Domino&
482 2251 588 2280 Fratri
606 2251 641 2280 in
665 2245 779 2284 cbristo
799 2245 960 2287 charimmo
984 2243 1064 2276 Wit-

172 2296 268 2334 belmo
289 2323 300 2339 ‚
330 2302 386 2333 Dei
407 2302 513 2342 gratia
533 2298 625 2330 Tituli
647 2294 748 2340 sandi
773 2299 858 2330 Petri
879 2297 924 2328 ad
942 2295 1066 2328 Vincula

167 2348 339 2392 presbytero
373 2348 566 2386 cardinali,
595 2348 629 2380 (τ
654 2346 820 2388 apostolica
842 2346 926 2379 Sedls
951 2347 1067 2388 Legata

170 2399 297 2431 Thomas
307 2398 409 2431 eadem
416 2403 521 2440 gratia
542 2394 763 2436 Cantuarienfis
783 2392 916 2436 Ecclefite
931 2394 1066 2434 Minister

171 2447 312 2485 humilis,
334 2446 479 2489 salutem,
510 2446 658 2480 &contra
674 2448 849 2487 Principum
873 2443 1064 2487 insolentiam

171 2503 266 2531 animi
270 2496 486 2538 fortitudinem
499 2521 506 2528 .

183 2591 185 2593 ¹
202 2596 234 2631 X
261 2591 437 2630 lifterarum
460 2594 632 2629 vestrarum
653 2603 766 2630 tenore
788 2593 1015 2638 perpendimus
1031 2593 1064 2627 &

228 2656 286 2681 vos
296 2645 498 2680 illustriffimi
513 2644 657 2680 Domini
680 2643 780 2678 nostri
805 2645 907 2688 Regis
925 2645 1065 2679 Franco-

121 2708 193 2732 rum
204 2707 324 2732 meram
335 2696 512 2730 obtinuisse
525 2694 663 2739 gratiam
682 2717 692 2732 ‚
719 2693 896 2727 &obtenta
908 2693 1060 2738 gaudere.

121 2746 226 2794 Qod
245 2746 377 2791 quidem
400 2756 531 2789 gratnm
563 2743 719 2778 habemus
741 2743 775 2777 &
798 2753 947 2777 tenemus
977 2754 1064 2777 acce-

122 2808 237 2840 ptum,
261 2795 363 2838 eoque
376 2788 516 2838 amplius
530 2819 541 2835 ‚
568 2792 657 2839 quod
671 2805 730 2828 nec
751 2792 904 2827 instantia
925 2791 1028 2826 vestra
1054 2817 1065 2834 ‚

122 2846 307 2881 &aliorum
329 2845 525 2879 Amicorum
547 2844 731 2877 nostrorum
751 2843 894 2877 frustrati
918 2844 1026 2876 sumus
1054 2866 1065 2883 ,

122 2896 158 2929 δι
172 2896 259 2939 quod
282 2895 491 2940 petebamus,
521 2894 668 2928 nostrum
685 2893 830 2927 succeffit
852 2893 892 2927 ad
915 2902 1026 2927 vorum
1056 2917 1063 2925 .

125 2943 231 2980 Unde
243 2946 322 2980 licut
335 2941 388 2979 sua
402 2944 513 2979 residet
526 2945 560 2978 in
573 2945 686 2978 animo
699 2943 808 2977 nostro
820 2943 922 2988 gratia
945 2953 1040 2988 grata
1053 2966 1064 2982 ,

125 2995 264 3037 petimus
274 2996 318 3028 ob
331 2994 424 3037 ipsius
447 2991 591 3028 amorem
615 2995 649 3028 δε
673 2994 907 3034 reverentiam,
934 2993 1026 3036 cujus
1055 3018 1060 3024 .

123 3045 202 3078 licut
212 3044 322 3077 dicitis
336 3067 347 3082 ,
371 3046 454 3078 circa
468 3055 527 3078 nos
538 3045 572 3078 &
587 3044 756 3088 negotium
773 3044 918 3078 nostrum
945 3041 1060 3077 sollici·

122 3093 205 3128 tudo
216 3105 284 3127 non
298 3092 425 3127 modica
436 3094 480 3128 est
493 3118 504 3134 ,
529 3093 618 3135 quod
633 3093 785 3128 retribuat
799 3094 830 3128 ei
854 3118 866 3134 ‚
891 3093 946 3134 qui
961 3094 1063 3135 facere

123 3143 253 3189 potest„
283 3142 445 3176 bonorum
462 3144 632 3178 retributor
657 3143 839 3177 Altiffimus
861 3168 868 3176 .
895 3142 943 3177 Sit
969 3141 1063 3176 nobis

123 3192 220 3226 vestra
233 3193 357 3237 gratior
368 3192 531 3234 impensa,
556 3193 654 3237 quam
666 3193 798 3236 quidem
812 3218 823 3234 ,
849 3193 907 3228 etsi
919 3195 936 3227 a
952 3193 1062 3227 multis

120 3240 601 3284 retroremporibusaffeauose
620 3242 836 3277 affestavimus
851 3269 860 3284 ,
888 3254 976 3277 nunc
1005 3253 1061 3285 pro

118 3303 210 3327 certo
232 3291 373 3325 Domini
386 3291 616 3331 Carnotenfis,
644 3293 676 3325 ὅ(
691 3293 833 3338 magistri
861 3292 914 3327 P..
1004 3292 1060 3324 Pa-

121 3341 238 3387 piensss
262 3341 445 3375 interventu
469 3341 718 3376 affeiluofiorem
743 3343 953 3387 imploramus
977 3367 987 3382 ,
1026 3352 1061 3375 nt

118 3391 261 3437 gaudere
286 3389 459 3424 debeamus
480 3389 520 3425 de
534 3391 702 3432 impetrata
723 3415 734 3432 ,
758 3393 792 3426 &
811 3394 930 3428 sentiat
953 3392 1063 3426 Eccle-

122 3442 162 3476 fia
173 3466 184 3483 ‚
209 3451 280 3484 quae
294 3439 463 3474 nobiscum
477 3450 610 3475 vexatur
622 3440 721 3475 nimis
742 3442 896 3485 injuriose
910 3467 920 3485 ,
946 3442 980 3476 ὅ(
1002 3452 1062 3477 nos

140 3527 145 3529 ,
171 3513 173 3516 <
202 3489 310 3532 christ.
323 3493 400 3533 Lupi
411 3494 458 3533 Op
466 3501 518 3527 era
527 3493 606 3524 Tom.
622 3492 663 3522 X.

1903 143 1923 176 1
1935 129 1962 177 8
1971 135 2000 190 3⁴

1131 215 1205 247 curu
1217 203 1285 247 ipsa
1300 202 1343 238 de
1366 202 1596 241 benevolentia
1612 207 1714 243 vestra
1736 214 1921 254 proveanm
1939 239 1952 257 ,
1977 215 2012 250 &
2027 214 2084 251 eg:

1132 255 1285 300 provectu
1298 253 1493 297 recipiamus
1503 257 1593 299 quod
1603 256 1723 298 justum
1746 263 1789 295 est
1809 289 1815 295 .
1841 265 1970 300 scimus
1987 267 2066 310 equi

1133 303 1205 339 dem
1217 304 1391 338 &firmum
1405 314 1552 339 tenemus
1566 329 1577 345 ,
1603 305 1761 350 quoniam
1785 312 1862 346 ficut
1888 315 1974 358 paria
1995 316 2077 350 deli-s

1132 355 1180 388 &a
1193 364 1306 387 mutua
1317 355 1585 397 compensatione
1607 355 1777 390 abolentur
1789 382 1799 397 ‚
1827 361 1866 393 fic
1888 365 2074 399 viciffitudi.

1134 415 1190 443 nes
1201 404 1380 449 gratiarum
1391 404 1569 439 devotione
1584 417 1697 444 mutua
1707 409 1944 445 conneQuntur
1958 439 1964 445 .
1991 415 2079 449 Satis

1133 454 1292 489 credimus
1304 455 1427 488 dictum
1437 455 1499 489 esse
1521 457 1677 499 sapienti.
1705 455 1853 500 Preterea
1881 458 1922 491 de
1944 472 2019 502 pace
2030 464 2081 498 fua

1133 513 1230 545 tura,
1256 504 1347 547 cujus
1362 506 1430 547 spes
1452 505 1568 539 melior
1592 506 1685 541 vobis
1707 507 1935 550 promittitur,
1959 513 2080 553 gratias

1131 554 1358 597 omnipotenti
1373 555 1448 590 Deo
1457 579 1468 595 ‚
1495 553 1680 591 dummodo
1691 557 1749 591 fiat
1762 556 1912 592 Ecclefiae
1923 569 2079 593 commo·-

1132 603 1178 638 do
1197 604 1230 639 &
1256 604 1367 638 nostro
1380 629 1388 636 .
1415 605 1520 653 Qod
1540 607 1672 647 ,utinam
1697 606 1795 641 altius
1815 608 1995 644 attendatis
2010 633 2022 650 ,
2047 609 2081 643 δε

1133 654 1253 688 animis
1277 653 1386 688 vestris
1408 656 1555 690 inieratis
1576 655 1742 701 argutius,
1774 668 1921 699 curantes
1945 670 1986 694 ne
1998 669 2081 701 vana

1134 706 1186 747 spe
1199 701 1425 744 deludamini,
1451 706 1580 739 &fallis
1605 706 1871 750 promissionibus
1889 707 2082 742 sollicitudo

1134 754 1234 786 vestra
1247 763 1419 788 evacuetur
1432 779 1439 787 .
1466 755 1591 789 Revera
1613 767 1723 790 verum
1745 756 1817 797 est,
1838 758 2003 800 quoniam
2027 759 2084 792 Sa·

1134 804 1225 848 piens
1236 801 1412 839 dissimulat
1427 805 1460 838 in
1474 814 1617 849 tempuS.
1640 804 1707 842 Sed
1733 806 1978 849 proverbialiter
1999 807 2084 843 dici-

1132 862 1206 888 tur:
1233 855 1313 886 Dum
1330 851 1521 897 exspet‘larur
1532 865 1648 898 tempus
1661 881 1674 898 ‚
1701 855 1804 900 fugit,
1829 858 1947 891 labitur
1958 859 1975 892 ἒ
1984 863 2085 891 mani-

1132 905 1186 937 buu
1202 927 1215 944 ‚
1239 914 1288 936 nec
1301 904 1383 936 redit
1398 907 1444 937 ad
1453 915 1555 939 votum
1568 932 1576 939 .
1606 906 1651 941 Et
1671 906 1825 942 Medicus
1837 920 1848 940 .·
1874 911 1956 940 Dum
1976 909 2057 941 dolet
2068 931 2082 948 ,

1132 958 1229 996 accipe
1241 978 1248 985 .
1278 952 1354 998 Ego
1366 953 1444 988 vero
1453 956 1531 990 dico
1543 955 1656 997 vobis,
1683 955 1771 1000 quod
1795 968 1877 1000 opto
1901 968 1970 992 non
1982 957 2081 992 facile

1132 1005 1272 1039 transeat
1284 1014 1376 1038 aures
1389 1005 1513 1039 nostras
1523 1031 1534 1048 ,
1564 1018 1625 1041 nec
1637 1005 1759 1041 lubrice
1771 1006 1898 1050 labatur
1913 1006 1956 1042 ab
1967 1009 2083 1043 animo

1134 1053 1258 1094 vestro,
1284 1054 1448 1089 fortunam
1463 1057 1673 1100 praesentem,
1699 1069 1771 1101 quae
1783 1058 1871 1092 nuda
1894 1058 2006 1092 vestris
2029 1067 2084 1101 pa*

1132 1114 1179 1138 ret
1202 1104 1452 1147 conspectibus,
1479 1108 1585 1149 preliis
1611 1107 1763 1142 manibus
1783 1114 1910 1142 tenete:
1936 1107 2084 1142 Utimini

1132 1166 1167 1188 ea
1177 1165 1238 1197 pro
1250 1164 1397 1198 tempore
1410 1179 1421 1195 ‚
1447 1155 1573 1200 lubrica
1585 1159 1675 1196 enim
1688 1158 1733 1192 est
1744 1182 1756 1200 ‚
1784 1169 1844 1196 nec
1857 1158 1962 1193 invita
1975 1157 2082 1192 teneri

1134 1203 1254 1246 potest.
1276 1203 1355 1237 Haec
1368 1203 1541 1239 harstenus.
1569 1208 1724 1249 Ceterum
1746 1207 1787 1240 de
1807 1208 1950 1241 adventu
1975 1207 2082 1241 vestro

1132 1250 1267 1285 Parifius
1279 1253 1388 1286 triduo
1401 1266 1500 1294 ante,
1527 1257 1547 1287 si
1574 1258 1704 1297 placet,
1729 1257 1828 1289 nobis
1851 1256 2042 1291 renunciare
2069 1279 2083 1295 ,

1131 1311 1168 1335 ut
1181 1302 1201 1333 fi
1215 1300 1300 1334 forte
1312 1304 1509 1344 equitaturas
1521 1303 1670 1337 invenire
1692 1304 1890 1346 poterimus,
1917 1317 1986 1348 quae
1996 1304 2084 1349 apud

1132 1363 1192 1384 nos
1205 1349 1269 1384 hoc
1277 1360 1424 1394 tempore
1434 1361 1566 1395 propter
1579 1352 1740 1388 Guerram
1753 1355 1894 1387 tenuiter
1907 1352 2084 1395 habentur,

1132 1400 1323 1435 discretioni
1337 1401 1443 1435 vestrae
1453 1402 1530 1438 loco
1540 1414 1691 1448 congruo
1702 1414 1910 1444 occurramus
1922 1429 1933 1446 ‚
1956 1405 1990 1439 δε
2001 1406 2084 1439 frua·

1135 1460 1206 1487 mur
1222 1449 1400 1485 desiderato
1411 1452 1584 1496 colloquio
1605 1454 1711 1486 vestro
1722 1478 1729 1485 .
1758 1455 1816 1487 Sin
1830 1465 1940 1488 autem
1957 1479 1967 1494 ‚
1994 1453 2084 1496 quod

1134 1501 1232 1543 absit,
1260 1501 1427 1533 mittamus
1445 1500 1538 1535 vobis
1562 1501 1704 1545 aliquem
1728 1503 1938 1536 familiarium
1959 1503 2082 1538 n‘ostro·

1133 1561 1203 1584 rum
1217 1574 1228 1589 ,
1254 1551 1311 1592 qui
1341 1550 1512 1584 renunciet
1533 1552 1628 1584 nobis
1649 1552 1767 1584 statum
1781 1552 1920 1586 vestrum
1935 1577 1946 1593 ,
1969 1552 2081 1597 &quo

1134 1600 1291 1633 divertere
1302 1599 1502 1641 disponatis.
1533 1601 1649 1634 Valere
1664 1601 1763 1636 nostri
1779 1612 1845 1634 non
1868 1601 2043 1638 immemor
2070 1626 2084 1643 ,

1135 1661 1170 1684 ut
1183 1648 1302 1683 melius
1312 1649 1350 1684 fit
1366 1649 1444 1684 inde
1456 1650 1554 1685 nobis
1566 1651 1598 1683 ὅ(
1610 1651 1731 1683 miseris
1742 1651 1860 1684 nostris
1874 1676 1880 1683 .

1317 1745 1726 1782 EPISTOLA
1800 1745 1897 1783 xm.

1258 1842 1386 1878 Thomas
1411 1844 1632 1886 cantuariensis
1659 1846 1769 1879 Archi·
1784 1850 1951 1894 Episcopus

1455 1898 1559 1928 omni
1586 1897 1766 1930 Cardinalt.

1135 2041 1260 2129 DE
1286 2046 1394 2081 vessrae
1406 2048 1598 2084 sinceritatis
1609 2047 1920 2085 dilestione&fidei
1946 2047 2083 2096 integri}

1254 2106 1321 2131 tate
1344 2095 1542 2142 multiplices
1564 2100 1658 2135 vobis
1677 2102 1855 2145 gratiarum
1876 2102 2018 2135 astiones
2034 2113 2082 2136 re-

1131 2146 1285 2190 ferimus,
1311 2147 1391 2182 ficut
1403 2148 1486 2183 eide
1506 2161 1574 2193 quo
1596 2150 1822 2185 indubitanter
1841 2150 2041 2185 confidimus
2064 2177 2078 2192 ‚

1129 2196 1163 2229 ἀ
1185 2207 1284 2237 quem
1306 2196 1391 2230 inter
1423 2197 1561 2233 Amicos
1583 2201 1712 2234 nostros
1735 2200 1830 2235 nobis
1854 2200 2079 2236 chariffimum

1129 2245 1163 2278 ὅ(
1177 2246 1370 2287 praecipuum
1386 2257 1570 2288 reputamus
1585 2275 1592 2281 .
1620 2250 1786 2284 Memores
1812 2251 1947 2294 quidem
1965 2250 2081 2285 existi-

1131 2305 1227 2339 mus,
1248 2293 1337 2338 quod
1359 2294 1474 2331 litteris
1499 2296 1713 2341 benignitatis
1736 2301 1844 2334 vestrae
1869 2300 1967 2335 nobis
1988 2301 2074 2335 rnul-

1129 2355 1176 2378 tas
1197 2352 1303 2388 grates
1323 2344 1477 2380 retulistis
1502 2359 1510 2378 :
1539 2350 1616 2390 quia
1639 2347 1768 2393 Regem
1791 2350 1994 2385 Francorum
2018 2362 2077 2395 pro

1129 2393 1278 2429 vobisita
1291 2395 1568 2439 interpellavimus
1581 2423 1592 2443 ,
1617 2399 1759 2442 &quam
1783 2402 1950 2442 potuimus
1969 2401 2011 2433 ad
2025 2412 2078 2435 ne·

1126 2445 1258 2488 gotium
1273 2444 1413 2480 vestrum
1423 2445 1552 2481 effestui
1562 2448 1816 2490 mancipandum
1840 2460 1973 2491 operam
1984 2449 2082 2483 adhi-

1127 2494 1257 2529 buimus
1283 2519 1290 2527 .
1314 2494 1545 2531 Indubitanter
1568 2495 1644 2530 vero
1666 2496 1774 2530 sciatis
1795 2521 1806 2536 ,
1843 2499 1918 2539 quia
1944 2498 2075 2542 Regem

1126 2544 1266 2588 penes&
1277 2545 1359 2580 alios
1368 2545 1506 2580 Amicos
1517 2545 1645 2579 nostros
1656 2546 1690 2579 in
1705 2544 1782 2586 hoc,
1793 2546 1844 2579 sed
1858 2547 1892 2581 &
1904 2547 1939 2580 in
1965 2548 2074 2582 omni-

1126 2594 1186 2629 bus
1214 2606 1284 2640 quae
1305 2594 1506 2639 poterimus,
1544 2605 1706 2636 quantum
1734 2596 1859 2632 Divina
1883 2600 1991 2642 gratia
2014 2610 2077 2633 no-

1125 2644 1174 2679 bis
1195 2645 1364 2679 indulserit
1380 2668 1391 2685 ,
1415 2644 1587 2678 consilium
1605 2644 1639 2678 &
1661 2645 1824 2680 auxilium
1845 2642 1885 2681 ad
1911 2644 2073 2682 honorem

1125 2694 1260 2729 vestrum
1288 2694 1460 2728 efficaciter
1482 2694 1708 2738 impendemus
1733 2720 1740 2727 .
1766 2695 1961 2731 Memoriter
1983 2699 2074 2733 enim

1125 2755 1272 2779 tenemus
1284 2745 1317 2777 &
1331 2745 1452 2787 semper
1463 2742 1669 2784 tenebimus,
1696 2746 1855 2788 quoniam
1868 2758 1909 2781 ex
1931 2759 1998 2791 quo
2013 2760 2071 2782 no·

1124 2794 1178 2828 stri
1193 2794 1346 2827 notitiam
1367 2792 1543 2834 habuistis,
1570 2806 1700 2839 propter
1723 2795 1854 2841 Regum
1887 2807 2032 2831 amorem
2059 2822 2071 2837 ,

1124 2854 1178 2878 aut
1190 2845 1382 2886 Principum
1395 2844 1539 2878 favorem
1554 2846 1740 2880 nullatenus
1761 2857 1822 2880 nos
1844 2846 1994 2881 voluistis
2016 2847 2071 2881 de-

1124 2894 1244 2933 serere,
1269 2903 1325 2926 aut
1351 2905 1409 2937 pro
1431 2893 1568 2935 alicujus
1590 2897 1808 2931 emolumenti
1834 2897 1989 2940 cupidine
2009 2908 2069 2931 nos

1124 2944 1140 2977 a
1167 2942 1341 2977 dilectione
1367 2942 1468 2978 vestra
1494 2945 1635 2979 alienare
1663 2971 1670 2978 .
1710 2946 1803 2980 Sicut
1839 2956 1949 2981 autem
1976 2946 2069 2980 vobis

1125 3003 1177 3035 per
1202 2992 1389 3036 magistrum
1431 2994 1618 3037 Papiensem
1656 2996 1909 3039 significavimus
1946 3021 1956 3037 ,
1995 2996 2068 3030 talis

1124 3040 1204 3076 hora
1226 3044 1312 3083 fuit,
1338 3054 1424 3087 qua,
1450 3053 1486 3078 ut
1509 3046 1630 3082 litteras
1652 3045 1768 3080 vestras
1789 3047 1944 3090 reciperet
1969 3071 1980 3087 ,
2006 3057 2066 3089 pro

1124 3091 1351 3137 magnitudine
1363 3095 1509 3137 pecuniae
1523 3094 1650 3138 Regem
1662 3095 1824 3131 nollemus
1838 3096 2067 3140 interpellasse,

1123 3153 1193 3176 tum
1205 3154 1263 3186 pro
1275 3143 1398 3187 pudore
1411 3154 1508 3187 quem
1522 3143 1694 3178 habuimus
1706 3169 1717 3186 ,
1745 3155 1819 3179 tum
1835 3158 1894 3190 pro
1916 3146 2065 3189 tergiver-

1124 3192 1247 3226 satione
1270 3204 1369 3236 quam
1393 3205 1434 3227 ex
1465 3195 1534 3236 ipso
1557 3193 1651 3237 Rege
1670 3196 1918 3239 perpendimus.
1946 3196 1998 3228 De
2021 3204 2063 3227 eo

1122 3242 1209 3286 quod
1231 3243 1325 3276 eausa
1362 3243 1539 3286 legationis
1558 3267 1567 3282 ,
1604 3244 1654 3278 vel
1679 3244 1758 3279 sicut
1782 3246 1923 3288 Legatus
1944 3252 2060 3276 terram

1124 3294 1211 3326 suam
1225 3304 1265 3326 ne
1279 3292 1529 3336 ingrederemini
1546 3292 1817 3328 vobisinterdixit
1832 3318 1843 3332 ,
1870 3293 1948 3326 fecit
1973 3293 2062 3334 quod

1122 3341 1252 3383 voluit,
1279 3353 1338 3375 nec
1353 3341 1648 3386 deberetisidcirco
1670 3344 1782 3376 irasci:
1810 3341 1886 3384 quia
1910 3342 2062 3376 sicutdis·

1122 3386 1227 3426 cretio
1240 3391 1339 3426 vestra
1352 3390 1470 3434 melius
1480 3386 1573 3426 novit
1584 3417 1593 3432 ,
1624 3404 1690 3426 non
1704 3392 1821 3424 mirum
1834 3390 1929 3425 debet
1942 3391 2061 3431 videri,

1120 3442 1141 3474 fi
1155 3443 1180 3476 is
1191 3442 1250 3485 qui
1263 3439 1368 3480 facilis
1380 3441 1425 3476 est
1439 3442 1474 3475 in
1487 3442 1627 3476 dicendo
1639 3441 1782 3535 ,ἑειείἰίς
1793 3441 1829 3476 lit
1842 3441 1878 3476 in
1891 3442 2060 3525 mutlaDndo.

1735 3500 1757 3526 2
1993 3502 2010 3525 e
