<?xml version="1.0" encoding="UTF-8"?>
<!DOCTYPE html PUBLIC "-//W3C//DTD XHTML 1.0 Transitional//EN"
    "http://www.w3.org/TR/xhtml1/DTD/xhtml1-transitional.dtd">
<html xmlns="http://www.w3.org/1999/xhtml" xml:lang="en" lang="en">
 <head>
  <title>
</title>
<meta http-equiv="Content-Type" content="text/html;charset=utf-8" />
  <meta name='ocr-system' content='tesseract 3.04.00' />
  <meta name='ocr-capabilities' content='ocr_page ocr_carea ocr_par ocr_line ocrx_word'/>
</head>
<body>
  <div class='ocr_page' id='page_1' title='image "./operaomniastudio10lupuuoft/operaomniastudio10lupuuoft_0339.png"; bbox 0 0 2358 3776; ppageno 0'>
   <div class='ocr_carea' id='block_1_1' title="bbox 514 45 1680 101">
    <p class='ocr_par' dir='ltr' id='par_1_1' title="bbox 514 45 1680 101">
     <span class='ocr_line' id='line_1_1' title="bbox 514 45 1680 101; baseline -0.001 -1"><span class='ocrx_word' id='word_1_1' title='bbox 514 53 556 101; x_wconf 88' lang='lat' dir='ltr'>S.</span> <span class='ocrx_word' id='word_1_2' title='bbox 602 48 904 101; x_wconf 78' lang='lat' dir='ltr'>THOMAE</span> <span class='ocrx_word' id='word_1_3' title='bbox 958 45 1370 96; x_wconf 84' lang='lat' dir='ltr'>CANTUAR.</span> <span class='ocrx_word' id='word_1_4' title='bbox 1418 46 1553 95; x_wconf 89' lang='lat' dir='ltr'><strong>LIB.</strong></span> <span class='ocrx_word' id='word_1_5' title='bbox 1592 52 1680 99; x_wconf 83' lang='lat' dir='ltr'>IV.</span> 
     </span>
    </p>
   </div>
   <div class='ocr_carea' id='block_1_2' title="bbox 143 128 1103 2408">
    <p class='ocr_par' dir='ltr' id='par_1_2' title="bbox 143 128 1103 2408">
     <span class='ocr_line' id='line_1_2' title="bbox 145 128 1090 185; baseline -0.014 -8"><span class='ocrx_word' id='word_1_6' title='bbox 145 130 250 185; x_wconf 70' lang='lat' dir='ltr'>liuius</span> <span class='ocrx_word' id='word_1_7' title='bbox 270 136 407 180; x_wconf 84' lang='lat' dir='ltr'>enituit,</span> <span class='ocrx_word' id='word_1_8' title='bbox 433 134 466 172; x_wconf 66' lang='grc' dir='ltr'>ἃς</span> <span class='ocrx_word' id='word_1_9' title='bbox 490 134 631 172; x_wconf 74' lang='lat' dir='ltr'>charitas</span> <span class='ocrx_word' id='word_1_10' title='bbox 653 130 870 170; x_wconf 73' lang='lat' dir='ltr'>abundantius</span> <span class='ocrx_word' id='word_1_11' title='bbox 890 128 1028 171; x_wconf 82' lang='lat' dir='ltr'>effulsit,</span> <span class='ocrx_word' id='word_1_12' title='bbox 1054 129 1090 164; x_wconf 84' lang='lat' dir='ltr'>in</span> 
     </span>
     <span class='ocr_line' id='line_1_3' title="bbox 149 177 1092 228; baseline -0.014 -2"><span class='ocrx_word' id='word_1_13' title='bbox 149 192 304 226; x_wconf 83' lang='lat' dir='ltr'>columna</span> <span class='ocrx_word' id='word_1_14' title='bbox 327 188 453 224; x_wconf 83' lang='lat' dir='ltr'>virtutis</span> <span class='ocrx_word' id='word_1_15' title='bbox 478 188 629 228; x_wconf 80' lang='lat' dir='ltr'>ostensa,</span> <span class='ocrx_word' id='word_1_16' title='bbox 653 187 689 221; x_wconf 75' lang='grc' dir='ltr'>δε</span> <span class='ocrx_word' id='word_1_17' title='bbox 723 182 871 218; x_wconf 75' lang='lat' dir='ltr'>exhibita</span> <span class='ocrx_word' id='word_1_18' title='bbox 895 177 1092 215; x_wconf 69' lang='lat' dir='ltr'>authoritate</span> 
     </span>
     <span class='ocr_line' id='line_1_4' title="bbox 148 229 1090 276; baseline -0.013 -1"><span class='ocrx_word' id='word_1_19' title='bbox 148 239 342 276; x_wconf 70' lang='lat' dir='ltr'>pontificis.</span> <span class='ocrx_word' id='word_1_20' title='bbox 370 238 460 274; x_wconf 87' lang='lat' dir='ltr'>Nam</span> <span class='ocrx_word' id='word_1_21' title='bbox 486 236 637 272; x_wconf 72' lang='lat' dir='ltr'>adversus</span> <span class='ocrx_word' id='word_1_22' title='bbox 659 235 748 270; x_wconf 87' lang='lat' dir='ltr'>filios</span> <span class='ocrx_word' id='word_1_23' title='bbox 771 229 977 270; x_wconf 85' lang='lat' dir='ltr'>diffidentiae,</span> <span class='ocrx_word' id='word_1_24' title='bbox 1005 230 1090 264; x_wconf 89' lang='lat' dir='ltr'>viros</span> 
     </span>
     <span class='ocr_line' id='line_1_5' title="bbox 148 279 1090 333; baseline -0.014 -8"><span class='ocrx_word' id='word_1_25' title='bbox 148 289 278 330; x_wconf 85' lang='lat' dir='ltr'>Belial,</span> <span class='ocrx_word' id='word_1_26' title='bbox 317 290 351 323; x_wconf 91' lang='lat' dir='ltr'>in</span> <span class='ocrx_word' id='word_1_27' title='bbox 374 289 494 333; x_wconf 82' lang='lat' dir='ltr'>quibus</span> <span class='ocrx_word' id='word_1_28' title='bbox 516 286 677 322; x_wconf 76' lang='lat' dir='ltr'>sathanas</span> <span class='ocrx_word' id='word_1_29' title='bbox 697 283 887 328; x_wconf 82' lang='lat' dir='ltr'>mysterium</span> <span class='ocrx_word' id='word_1_30' title='bbox 908 279 1090 323; x_wconf 84' lang='lat' dir='ltr'>iniquitatis</span> 
     </span>
     <span class='ocr_line' id='line_1_6' title="bbox 147 329 1089 386; baseline -0.011 -12"><span class='ocrx_word' id='word_1_31' title='bbox 147 340 311 386; x_wconf 73' lang='lat' dir='ltr'>patentius</span> <span class='ocrx_word' id='word_1_32' title='bbox 335 348 505 384; x_wconf 82' lang='lat' dir='ltr'>operatur,</span> <span class='ocrx_word' id='word_1_33' title='bbox 530 337 605 372; x_wconf 77' lang='lat' dir='ltr'>cum</span> <span class='ocrx_word' id='word_1_34' title='bbox 628 347 729 379; x_wconf 81' lang='lat' dir='ltr'>nuper</span> <span class='ocrx_word' id='word_1_35' title='bbox 751 332 922 368; x_wconf 80' lang='lat' dir='ltr'>Ecclesiam</span> <span class='ocrx_word' id='word_1_36' title='bbox 944 329 1089 364; x_wconf 83' lang='lat' dir='ltr'>scindere</span> 
     </span>
     <span class='ocr_line' id='line_1_7' title="bbox 143 379 1086 435; baseline -0.012 -10"><span class='ocrx_word' id='word_1_37' title='bbox 143 385 340 435; x_wconf 71' lang='lat' dir='ltr'>voluissent,</span> <span class='ocrx_word' id='word_1_38' title='bbox 367 390 401 423; x_wconf 94' lang='lat'>&amp;</span> <span class='ocrx_word' id='word_1_39' title='bbox 422 387 562 423; x_wconf 84' lang='lat' dir='ltr'>extortis</span> <span class='ocrx_word' id='word_1_40' title='bbox 585 385 775 429; x_wconf 79' lang='lat' dir='ltr'>juramentis</span> <span class='ocrx_word' id='word_1_41' title='bbox 798 381 992 418; x_wconf 80' lang='lat' dir='ltr'>attentarent</span> <span class='ocrx_word' id='word_1_42' title='bbox 1015 379 1086 414; x_wconf 40' lang='lat' dir='ltr'>obe*</span> 
     </span>
     <span class='ocr_line' id='line_1_8' title="bbox 146 430 1087 479; baseline -0.01 -6"><span class='ocrx_word' id='word_1_43' title='bbox 146 438 279 477; x_wconf 71' lang='lat' dir='ltr'>dientioe</span> <span class='ocrx_word' id='word_1_44' title='bbox 291 440 323 474; x_wconf 77' lang='grc' dir='ltr'>ὄσ</span> <span class='ocrx_word' id='word_1_45' title='bbox 338 439 416 473; x_wconf 78' lang='lat' dir='ltr'>fidei</span> <span class='ocrx_word' id='word_1_46' title='bbox 428 439 580 471; x_wconf 86' lang='lat' dir='ltr'>virtutem</span> <span class='ocrx_word' id='word_1_47' title='bbox 591 434 783 479; x_wconf 81' lang='lat' dir='ltr'>extinguere</span> <span class='ocrx_word' id='word_1_48' title='bbox 794 455 806 472; x_wconf 89' lang='lat'>,</span> <span class='ocrx_word' id='word_1_49' title='bbox 832 442 888 466; x_wconf 87' lang='lat' dir='ltr'>vos</span> <span class='ocrx_word' id='word_1_50' title='bbox 900 442 940 464; x_wconf 83' lang='lat' dir='ltr'>ex</span> <span class='ocrx_word' id='word_1_51' title='bbox 953 430 1087 464; x_wconf 78' lang='lat' dir='ltr'>adverso</span> 
     </span>
     <span class='ocr_line' id='line_1_9' title="bbox 144 480 1086 532; baseline -0.012 -8"><span class='ocrx_word' id='word_1_52' title='bbox 144 488 380 525; x_wconf 76' lang='lat' dir='ltr'>adscendentes</span> <span class='ocrx_word' id='word_1_53' title='bbox 391 487 587 532; x_wconf 82' lang='lat' dir='ltr'>opposuistis</span> <span class='ocrx_word' id='word_1_54' title='bbox 610 495 740 520; x_wconf 84' lang='lat' dir='ltr'>murum</span> <span class='ocrx_word' id='word_1_55' title='bbox 753 494 812 526; x_wconf 90' lang='lat' dir='ltr'>pro</span> <span class='ocrx_word' id='word_1_56' title='bbox 826 481 941 516; x_wconf 89' lang='lat' dir='ltr'>Domo</span> <span class='ocrx_word' id='word_1_57' title='bbox 952 480 1047 514; x_wconf 88' lang='lat' dir='ltr'>Israel</span> <span class='ocrx_word' id='word_1_58' title='bbox 1075 504 1086 520; x_wconf 92' lang='lat'>,</span> 
     </span>
     <span class='ocr_line' id='line_1_10' title="bbox 146 530 1087 580; baseline -0.013 -5"><span class='ocrx_word' id='word_1_59' title='bbox 146 540 182 574; x_wconf 69' lang='grc' dir='ltr'>ὅ(</span> <span class='ocrx_word' id='word_1_60' title='bbox 203 539 374 574; x_wconf 83' lang='lat' dir='ltr'>audaciam</span> <span class='ocrx_word' id='word_1_61' title='bbox 385 548 500 572; x_wconf 87' lang='lat' dir='ltr'>eorum</span> <span class='ocrx_word' id='word_1_62' title='bbox 525 534 708 580; x_wconf 68' lang='lat' dir='ltr'>repressistis</span> <span class='ocrx_word' id='word_1_63' title='bbox 728 535 762 568; x_wconf 89' lang='lat' dir='ltr'>in</span> <span class='ocrx_word' id='word_1_64' title='bbox 783 530 910 575; x_wconf 82' lang='lat' dir='ltr'>Spiritu.</span> <span class='ocrx_word' id='word_1_65' title='bbox 923 530 1087 564; x_wconf 88' lang='lat' dir='ltr'>&amp;virtute</span> 
     </span>
     <span class='ocr_line' id='line_1_11' title="bbox 146 580 1084 630; baseline -0.013 -6"><span class='ocrx_word' id='word_1_66' title='bbox 146 589 276 630; x_wconf 65' lang='lat' dir='ltr'>Helix,</span> <span class='ocrx_word' id='word_1_67' title='bbox 300 590 334 623; x_wconf 90' lang='lat'>&amp;</span> <span class='ocrx_word' id='word_1_68' title='bbox 353 587 452 623; x_wconf 82' lang='lat' dir='ltr'>corda</span> <span class='ocrx_word' id='word_1_69' title='bbox 472 597 605 625; x_wconf 87' lang='lat' dir='ltr'>eorum,</span> <span class='ocrx_word' id='word_1_70' title='bbox 630 585 687 627; x_wconf 87' lang='lat' dir='ltr'>qui</span> <span class='ocrx_word' id='word_1_71' title='bbox 709 580 867 628; x_wconf 81' lang='lat' dir='ltr'>pavebant</span> <span class='ocrx_word' id='word_1_72' title='bbox 891 605 902 621; x_wconf 94' lang='lat'>,</span> <span class='ocrx_word' id='word_1_73' title='bbox 927 581 961 614; x_wconf 91' lang='lat' dir='ltr'>in</span> <span class='ocrx_word' id='word_1_74' title='bbox 984 581 1084 614; x_wconf 85' lang='lat' dir='ltr'>Clero</span> 
     </span>
     <span class='ocr_line' id='line_1_12' title="bbox 147 630 1086 680; baseline -0.01 -8"><span class='ocrx_word' id='word_1_75' title='bbox 147 640 293 674; x_wconf 84' lang='lat' dir='ltr'>viriliter</span> <span class='ocrx_word' id='word_1_76' title='bbox 304 661 317 679; x_wconf 89' lang='lat'>,</span> <span class='ocrx_word' id='word_1_77' title='bbox 342 646 379 672; x_wconf 91' lang='lat' dir='ltr'>ut</span> <span class='ocrx_word' id='word_1_78' title='bbox 390 638 540 680; x_wconf 86' lang='lat' dir='ltr'>oportuit</span> <span class='ocrx_word' id='word_1_79' title='bbox 550 660 561 677; x_wconf 91' lang='lat'>,</span> <span class='ocrx_word' id='word_1_80' title='bbox 587 635 749 674; x_wconf 80' lang='lat' dir='ltr'>erexistis,</span> <span class='ocrx_word' id='word_1_81' title='bbox 775 641 810 665; x_wconf 90' lang='lat' dir='ltr'>ut</span> <span class='ocrx_word' id='word_1_82' title='bbox 823 631 933 664; x_wconf 86' lang='lat' dir='ltr'>Deum</span> <span class='ocrx_word' id='word_1_83' title='bbox 944 630 1086 664; x_wconf 88' lang='lat' dir='ltr'>homini-</span> 
     </span>
     <span class='ocr_line' id='line_1_13' title="bbox 147 680 1083 732; baseline -0.011 -9"><span class='ocrx_word' id='word_1_84' title='bbox 147 688 214 723; x_wconf 81' lang='lat' dir='ltr'>bus</span> <span class='ocrx_word' id='word_1_85' title='bbox 223 690 455 732; x_wconf 82' lang='lat' dir='ltr'>praetimerent‚</span> <span class='ocrx_word' id='word_1_86' title='bbox 481 687 515 720; x_wconf 78' lang='grc' dir='ltr'>ἀ</span> <span class='ocrx_word' id='word_1_87' title='bbox 530 685 663 729; x_wconf 88' lang='lat' dir='ltr'>vestigia</span> <span class='ocrx_word' id='word_1_88' title='bbox 676 684 807 718; x_wconf 85' lang='lat' dir='ltr'>Patrum</span> <span class='ocrx_word' id='word_1_89' title='bbox 827 681 1028 724; x_wconf 81' lang='lat' dir='ltr'>sequerentur</span> <span class='ocrx_word' id='word_1_90' title='bbox 1047 680 1083 714; x_wconf 91' lang='lat' dir='ltr'>in</span> 
     </span>
     <span class='ocr_line' id='line_1_14' title="bbox 148 730 1083 776; baseline -0.011 -3"><span class='ocrx_word' id='word_1_91' title='bbox 148 737 284 773; x_wconf 81' lang='lat' dir='ltr'>Christo</span> <span class='ocrx_word' id='word_1_92' title='bbox 295 763 304 771; x_wconf 82' lang='lat'><strong>.</strong></span> <span class='ocrx_word' id='word_1_93' title='bbox 333 738 393 772; x_wconf 78' lang='lat' dir='ltr'>ille</span> <span class='ocrx_word' id='word_1_94' title='bbox 404 737 498 771; x_wconf 85' lang='lat' dir='ltr'>vobis</span> <span class='ocrx_word' id='word_1_95' title='bbox 508 737 541 769; x_wconf 92' lang='lat' dir='ltr'>in</span> <span class='ocrx_word' id='word_1_96' title='bbox 555 733 605 769; x_wconf 83' lang='lat' dir='ltr'>his</span> <span class='ocrx_word' id='word_1_97' title='bbox 614 733 740 776; x_wconf 80' lang='lat' dir='ltr'>adjutor</span> <span class='ocrx_word' id='word_1_98' title='bbox 751 730 873 765; x_wconf 82' lang='lat' dir='ltr'>adstitit</span> <span class='ocrx_word' id='word_1_99' title='bbox 883 756 893 772; x_wconf 92' lang='lat'>,</span> <span class='ocrx_word' id='word_1_100' title='bbox 919 731 976 775; x_wconf 74' lang='lat' dir='ltr'>qui</span> <span class='ocrx_word' id='word_1_101' title='bbox 988 731 1083 774; x_wconf 85' lang='lat' dir='ltr'>perse-</span> 
     </span>
     <span class='ocr_line' id='line_1_15' title="bbox 148 778 1084 823; baseline -0.009 -2"><span class='ocrx_word' id='word_1_102' title='bbox 148 788 333 822; x_wconf 50' lang='lat' dir='ltr'>vexantiam*</span> <span class='ocrx_word' id='word_1_103' title='bbox 343 787 476 821; x_wconf 85' lang='lat' dir='ltr'>vestram</span> <span class='ocrx_word' id='word_1_104' title='bbox 489 783 659 820; x_wconf 77' lang='lat' dir='ltr'>coronabit</span> <span class='ocrx_word' id='word_1_105' title='bbox 671 784 706 816; x_wconf 88' lang='lat' dir='ltr'>in</span> <span class='ocrx_word' id='word_1_106' title='bbox 716 782 824 823; x_wconf 76' lang='lat' dir='ltr'>coelo,</span> <span class='ocrx_word' id='word_1_107' title='bbox 846 780 958 819; x_wconf 43' lang='lat' dir='ltr'>&amp;xhic</span> <span class='ocrx_word' id='word_1_108' title='bbox 970 781 1003 814; x_wconf 89' lang='lat' dir='ltr'>in</span> <span class='ocrx_word' id='word_1_109' title='bbox 1019 778 1084 814; x_wconf 89' lang='lat' dir='ltr'>bre-</span> 
     </span>
     <span class='ocr_line' id='line_1_16' title="bbox 148 829 1086 876; baseline -0.009 -5"><span class='ocrx_word' id='word_1_110' title='bbox 148 836 442 876; x_wconf 73' lang='lat' dir='ltr'>viconsolabirur,</span> <span class='ocrx_word' id='word_1_111' title='bbox 468 833 706 876; x_wconf 78' lang='lat' dir='ltr'>subjicienseos</span> <span class='ocrx_word' id='word_1_112' title='bbox 717 830 852 876; x_wconf 88' lang='lat' dir='ltr'>pedibus</span> <span class='ocrx_word' id='word_1_113' title='bbox 872 831 981 865; x_wconf 88' lang='lat' dir='ltr'>vestris</span> <span class='ocrx_word' id='word_1_114' title='bbox 991 843 1005 872; x_wconf 46' lang='lat'>‚⁷</span> <span class='ocrx_word' id='word_1_115' title='bbox 1029 829 1086 873; x_wconf 87' lang='lat' dir='ltr'>qui</span> 
     </span>
     <span class='ocr_line' id='line_1_17' title="bbox 146 882 1086 927; baseline -0.01 -5"><span class='ocrx_word' id='word_1_116' title='bbox 146 885 303 921; x_wconf 67' lang='lat' dir='ltr'>adversus</span> <span class='ocrx_word' id='word_1_117' title='bbox 325 886 512 920; x_wconf 86' lang='lat' dir='ltr'>Dominum</span> <span class='ocrx_word' id='word_1_118' title='bbox 532 883 573 917; x_wconf 89' lang='lat' dir='ltr'>de</span> <span class='ocrx_word' id='word_1_119' title='bbox 592 882 738 927; x_wconf 74' lang='lat' dir='ltr'>permissa</span> <span class='ocrx_word' id='word_1_120' title='bbox 768 882 824 916; x_wconf 83' lang='lat' dir='ltr'>fibi</span> <span class='ocrx_word' id='word_1_121' title='bbox 857 890 1086 916; x_wconf 83' lang='lat' dir='ltr'>momentanea</span> 
     </span>
     <span class='ocr_line' id='line_1_18' title="bbox 147 931 1088 980; baseline -0.01 -8"><span class='ocrx_word' id='word_1_122' title='bbox 147 936 319 980; x_wconf 74' lang='lat' dir='ltr'>potestatis</span> <span class='ocrx_word' id='word_1_123' title='bbox 330 934 537 979; x_wconf 72' lang='lat' dir='ltr'>indulgentia</span> <span class='ocrx_word' id='word_1_124' title='bbox 551 933 707 968; x_wconf 78' lang='lat' dir='ltr'>fallaciter</span> <span class='ocrx_word' id='word_1_125' title='bbox 719 932 902 978; x_wconf 81' lang='lat' dir='ltr'>gloriantur</span> <span class='ocrx_word' id='word_1_126' title='bbox 913 957 920 964; x_wconf 89' lang='lat'>.</span> <span class='ocrx_word' id='word_1_127' title='bbox 947 931 1034 964; x_wconf 91' lang='lat' dir='ltr'>State</span> <span class='ocrx_word' id='word_1_128' title='bbox 1043 941 1088 963; x_wconf 87' lang='lat' dir='ltr'>er·</span> 
     </span>
     <span class='ocr_line' id='line_1_19' title="bbox 145 979 1088 1031; baseline -0.008 -10"><span class='ocrx_word' id='word_1_129' title='bbox 145 985 195 1031; x_wconf 71' lang='lat' dir='ltr'>go</span> <span class='ocrx_word' id='word_1_130' title='bbox 212 986 247 1020; x_wconf 87' lang='lat' dir='ltr'>in</span> <span class='ocrx_word' id='word_1_131' title='bbox 259 996 303 1020; x_wconf 88' lang='lat' dir='ltr'>eo</span> <span class='ocrx_word' id='word_1_132' title='bbox 325 985 415 1029; x_wconf 81' lang='lat' dir='ltr'>quod</span> <span class='ocrx_word' id='word_1_133' title='bbox 436 983 599 1027; x_wconf 73' lang='lat' dir='ltr'>coepistis,</span> <span class='ocrx_word' id='word_1_134' title='bbox 624 984 659 1017; x_wconf 74' lang='grc' dir='ltr'>δε</span> <span class='ocrx_word' id='word_1_135' title='bbox 681 994 779 1026; x_wconf 77' lang='lat' dir='ltr'>quarn</span> <span class='ocrx_word' id='word_1_136' title='bbox 799 982 864 1026; x_wconf 71' lang='lat' dir='ltr'>jam</span> <span class='ocrx_word' id='word_1_137' title='bbox 885 979 1088 1026; x_wconf 86' lang='lat' dir='ltr'>promeruisti</span> 
     </span>
     <span class='ocr_line' id='line_1_20' title="bbox 146 1029 1090 1075; baseline -0.007 -5"><span class='ocrx_word' id='word_1_138' title='bbox 146 1046 309 1071; x_wconf 78' lang='lat' dir='ltr'>eoronam</span> <span class='ocrx_word' id='word_1_139' title='bbox 319 1035 396 1069; x_wconf 82' lang='lat' dir='ltr'>fidei</span> <span class='ocrx_word' id='word_1_140' title='bbox 417 1033 656 1068; x_wconf 73' lang='lat' dir='ltr'>intermissione</span> <span class='ocrx_word' id='word_1_141' title='bbox 677 1033 781 1067; x_wconf 88' lang='lat' dir='ltr'>nolite</span> <span class='ocrx_word' id='word_1_142' title='bbox 792 1032 922 1075; x_wconf 79' lang='lat' dir='ltr'>rejicere</span> <span class='ocrx_word' id='word_1_143' title='bbox 935 1055 946 1071; x_wconf 87' lang='lat'>‚</span> <span class='ocrx_word' id='word_1_144' title='bbox 972 1029 1090 1075; x_wconf 84' lang='lat' dir='ltr'>quibus</span> 
     </span>
     <span class='ocr_line' id='line_1_21' title="bbox 147 1081 1088 1129; baseline -0.007 -9"><span class='ocrx_word' id='word_1_145' title='bbox 147 1084 300 1120; x_wconf 76' lang='lat' dir='ltr'>anchora</span> <span class='ocrx_word' id='word_1_146' title='bbox 311 1096 365 1128; x_wconf 88' lang='lat' dir='ltr'>per</span> <span class='ocrx_word' id='word_1_147' title='bbox 379 1084 516 1129; x_wconf 79' lang='lat' dir='ltr'>gratiam</span> <span class='ocrx_word' id='word_1_148' title='bbox 534 1083 600 1117; x_wconf 94' lang='lat' dir='ltr'>Dei</span> <span class='ocrx_word' id='word_1_149' title='bbox 613 1082 746 1116; x_wconf 87' lang='lat' dir='ltr'>firmiter</span> <span class='ocrx_word' id='word_1_150' title='bbox 757 1081 851 1116; x_wconf 67' lang='lat' dir='ltr'>haeret</span> <span class='ocrx_word' id='word_1_151' title='bbox 862 1083 896 1116; x_wconf 86' lang='lat' dir='ltr'>in</span> <span class='ocrx_word' id='word_1_152' title='bbox 909 1091 1005 1125; x_wconf 89' lang='lat' dir='ltr'>portu</span> <span class='ocrx_word' id='word_1_153' title='bbox 1015 1090 1088 1114; x_wconf 88' lang='lat' dir='ltr'>con·</span> 
     </span>
     <span class='ocr_line' id='line_1_22' title="bbox 149 1130 1089 1178; baseline -0.009 -9"><span class='ocrx_word' id='word_1_154' title='bbox 149 1135 326 1169; x_wconf 79' lang='lat' dir='ltr'>solationis</span> <span class='ocrx_word' id='word_1_155' title='bbox 339 1134 374 1168; x_wconf 72' lang='grc' dir='ltr'>ἀ</span> <span class='ocrx_word' id='word_1_156' title='bbox 386 1134 473 1178; x_wconf 84' lang='lat' dir='ltr'>pacis</span> <span class='ocrx_word' id='word_1_157' title='bbox 486 1156 494 1165; x_wconf 91' lang='lat'><strong>.</strong></span> <span class='ocrx_word' id='word_1_158' title='bbox 522 1132 716 1173; x_wconf 73' lang='lat' dir='ltr'>providete,</span> <span class='ocrx_word' id='word_1_159' title='bbox 742 1144 783 1167; x_wconf 88' lang='lat' dir='ltr'>ne</span> <span class='ocrx_word' id='word_1_160' title='bbox 803 1142 862 1167; x_wconf 84' lang='lat' dir='ltr'>vos</span> <span class='ocrx_word' id='word_1_161' title='bbox 884 1131 1014 1165; x_wconf 85' lang='lat' dir='ltr'>interim</span> <span class='ocrx_word' id='word_1_162' title='bbox 1034 1130 1089 1162; x_wconf 88' lang='lat' dir='ltr'>cir-</span> 
     </span>
     <span class='ocr_line' id='line_1_23' title="bbox 150 1178 1090 1225; baseline -0.007 -6"><span class='ocrx_word' id='word_1_163' title='bbox 150 1185 508 1219; x_wconf 78' lang='lat' dir='ltr'>cumveniatinimicus</span> <span class='ocrx_word' id='word_1_164' title='bbox 523 1208 534 1225; x_wconf 91' lang='lat'>,</span> <span class='ocrx_word' id='word_1_165' title='bbox 559 1193 602 1217; x_wconf 86' lang='lat' dir='ltr'>ne</span> <span class='ocrx_word' id='word_1_166' title='bbox 620 1182 769 1217; x_wconf 71' lang='lat' dir='ltr'>adversus</span> <span class='ocrx_word' id='word_1_167' title='bbox 792 1180 1017 1224; x_wconf 86' lang='lat' dir='ltr'>Apostolicam</span> <span class='ocrx_word' id='word_1_168' title='bbox 1040 1178 1090 1211; x_wconf 87' lang='lat' dir='ltr'>Se-</span> 
     </span>
     <span class='ocr_line' id='line_1_24' title="bbox 149 1228 1090 1276; baseline -0.01 -8"><span class='ocrx_word' id='word_1_169' title='bbox 149 1233 226 1268; x_wconf 84' lang='lat' dir='ltr'>dem</span> <span class='ocrx_word' id='word_1_170' title='bbox 237 1259 248 1276; x_wconf 95' lang='lat'>‚</span> <span class='ocrx_word' id='word_1_171' title='bbox 277 1234 328 1268; x_wconf 90' lang='lat' dir='ltr'>vel</span> <span class='ocrx_word' id='word_1_172' title='bbox 339 1234 481 1267; x_wconf 89' lang='lat' dir='ltr'>Matrem</span> <span class='ocrx_word' id='word_1_173' title='bbox 497 1232 632 1267; x_wconf 85' lang='lat' dir='ltr'>vestram</span> <span class='ocrx_word' id='word_1_174' title='bbox 644 1232 674 1265; x_wconf 88' lang='lat' dir='ltr'>S.</span> <span class='ocrx_word' id='word_1_175' title='bbox 687 1231 955 1265; x_wconf 83' lang='lat' dir='ltr'>Cantuariensern</span> <span class='ocrx_word' id='word_1_176' title='bbox 982 1228 1090 1262; x_wconf 85' lang='lat' dir='ltr'>Eccle-</span> 
     </span>
     <span class='ocr_line' id='line_1_25' title="bbox 150 1275 1090 1322; baseline -0.011 -4"><span class='ocrx_word' id='word_1_177' title='bbox 150 1283 231 1318; x_wconf 82' lang='lat' dir='ltr'>fiam</span> <span class='ocrx_word' id='word_1_178' title='bbox 257 1282 349 1317; x_wconf 83' lang='lat' dir='ltr'>vobis</span> <span class='ocrx_word' id='word_1_179' title='bbox 368 1281 650 1316; x_wconf 81' lang='lat' dir='ltr'>consentientibus</span> <span class='ocrx_word' id='word_1_180' title='bbox 674 1281 904 1322; x_wconf 74' lang='lat' dir='ltr'>praesumatur‚</span> <span class='ocrx_word' id='word_1_181' title='bbox 930 1276 1020 1320; x_wconf 89' lang='lat' dir='ltr'>quod</span> <span class='ocrx_word' id='word_1_182' title='bbox 1042 1275 1090 1308; x_wconf 88' lang='lat' dir='ltr'>illi</span> 
     </span>
     <span class='ocr_line' id='line_1_26' title="bbox 148 1324 1091 1373; baseline -0.011 -5"><span class='ocrx_word' id='word_1_183' title='bbox 148 1332 316 1373; x_wconf 80' lang='lat' dir='ltr'>laborem,</span> <span class='ocrx_word' id='word_1_184' title='bbox 345 1332 378 1366; x_wconf 77' lang='grc' dir='ltr'>δε</span> <span class='ocrx_word' id='word_1_185' title='bbox 400 1330 493 1364; x_wconf 82' lang='lat' dir='ltr'>vobis</span> <span class='ocrx_word' id='word_1_186' title='bbox 516 1329 667 1371; x_wconf 64' lang='lat' dir='ltr'>jaauram</span> <span class='ocrx_word' id='word_1_187' title='bbox 686 1327 721 1362; x_wconf 90' lang='lat'>&amp;</span> <span class='ocrx_word' id='word_1_188' title='bbox 738 1327 967 1370; x_wconf 86' lang='lat' dir='ltr'>poenitentiam</span> <span class='ocrx_word' id='word_1_189' title='bbox 989 1324 1091 1359; x_wconf 83' lang='lat' dir='ltr'>valeat</span> 
     </span>
     <span class='ocr_line' id='line_1_27' title="bbox 148 1374 1097 1426; baseline -0.008 -10"><span class='ocrx_word' id='word_1_190' title='bbox 148 1381 363 1426; x_wconf 67' lang='lat' dir='ltr'>inposterum</span> <span class='ocrx_word' id='word_1_191' title='bbox 398 1388 576 1425; x_wconf 87' lang='lat' dir='ltr'>generare.</span> <span class='ocrx_word' id='word_1_192' title='bbox 604 1376 804 1421; x_wconf 81' lang='lat' dir='ltr'>Accepimus</span> <span class='ocrx_word' id='word_1_193' title='bbox 839 1377 930 1411; x_wconf 88' lang='lat' dir='ltr'>enim</span> <span class='ocrx_word' id='word_1_194' title='bbox 954 1399 965 1416; x_wconf 90' lang='lat'>,</span> <span class='ocrx_word' id='word_1_195' title='bbox 1002 1374 1097 1419; x_wconf 84' lang='lat' dir='ltr'>quod</span> 
     </span>
     <span class='ocr_line' id='line_1_28' title="bbox 147 1425 1093 1476; baseline -0.008 -10"><span class='ocrx_word' id='word_1_196' title='bbox 147 1431 286 1476; x_wconf 74' lang='lat' dir='ltr'>quidam</span> <span class='ocrx_word' id='word_1_197' title='bbox 307 1429 458 1464; x_wconf 81' lang='lat' dir='ltr'>malitiosi</span> <span class='ocrx_word' id='word_1_198' title='bbox 469 1427 624 1462; x_wconf 87' lang='lat' dir='ltr'>homines</span> <span class='ocrx_word' id='word_1_199' title='bbox 634 1427 787 1460; x_wconf 82' lang='lat' dir='ltr'>Domino</span> <span class='ocrx_word' id='word_1_200' title='bbox 797 1426 885 1471; x_wconf 87' lang='lat' dir='ltr'>Regi</span> <span class='ocrx_word' id='word_1_201' title='bbox 908 1425 1093 1470; x_wconf 85' lang='lat' dir='ltr'>persuadere</span> 
     </span>
     <span class='ocr_line' id='line_1_29' title="bbox 147 1474 1092 1520; baseline -0.008 -4"><span class='ocrx_word' id='word_1_202' title='bbox 147 1482 305 1517; x_wconf 78' lang='lat' dir='ltr'>nituntur</span> <span class='ocrx_word' id='word_1_203' title='bbox 315 1503 328 1520; x_wconf 91' lang='lat'>,</span> <span class='ocrx_word' id='word_1_204' title='bbox 352 1489 390 1514; x_wconf 88' lang='lat' dir='ltr'>ut</span> <span class='ocrx_word' id='word_1_205' title='bbox 402 1479 437 1512; x_wconf 87' lang='lat' dir='ltr'>in</span> <span class='ocrx_word' id='word_1_206' title='bbox 449 1477 599 1520; x_wconf 71' lang='lat' dir='ltr'>injuriam</span> <span class='ocrx_word' id='word_1_207' title='bbox 610 1475 730 1510; x_wconf 85' lang='lat' dir='ltr'>Matris</span> <span class='ocrx_word' id='word_1_208' title='bbox 741 1475 849 1510; x_wconf 83' lang='lat' dir='ltr'>vestrae</span> <span class='ocrx_word' id='word_1_209' title='bbox 871 1474 1092 1510; x_wconf 84' lang='lat' dir='ltr'>Cantuarien-</span> 
     </span>
     <span class='ocr_line' id='line_1_30' title="bbox 148 1522 1093 1569; baseline -0.011 -2"><span class='ocrx_word' id='word_1_210' title='bbox 148 1530 196 1567; x_wconf 73' lang='lat' dir='ltr'>fis</span> <span class='ocrx_word' id='word_1_211' title='bbox 213 1522 384 1569; x_wconf 75' lang='lat' dir='ltr'>E&#39;cesefiae,</span> <span class='ocrx_word' id='word_1_212' title='bbox 408 1527 443 1562; x_wconf 73' lang='grc' dir='ltr'>ἀ</span> <span class='ocrx_word' id='word_1_213' title='bbox 459 1528 621 1562; x_wconf 78' lang='lat' dir='ltr'>laefionem</span> <span class='ocrx_word' id='word_1_214' title='bbox 643 1528 810 1567; x_wconf 82' lang='lat' dir='ltr'>nostram,</span> <span class='ocrx_word' id='word_1_215' title='bbox 835 1525 943 1560; x_wconf 84' lang='lat' dir='ltr'>filium</span> <span class='ocrx_word' id='word_1_216' title='bbox 965 1526 1056 1558; x_wconf 90' lang='lat' dir='ltr'>suum</span> <span class='ocrx_word' id='word_1_217' title='bbox 1083 1547 1093 1563; x_wconf 90' lang='lat'>‚</span> 
     </span>
     <span class='ocr_line' id='line_1_31' title="bbox 145 1573 1094 1624; baseline -0.009 -9"><span class='ocrx_word' id='word_1_218' title='bbox 145 1589 252 1624; x_wconf 77' lang='lat' dir='ltr'>quem</span> <span class='ocrx_word' id='word_1_219' title='bbox 263 1580 356 1615; x_wconf 84' lang='lat' dir='ltr'>Deus</span> <span class='ocrx_word' id='word_1_220' title='bbox 368 1579 403 1614; x_wconf 90' lang='lat'>&amp;</span> <span class='ocrx_word' id='word_1_221' title='bbox 414 1577 456 1612; x_wconf 92' lang='lat' dir='ltr'>ab</span> <span class='ocrx_word' id='word_1_222' title='bbox 469 1576 534 1611; x_wconf 90' lang='lat' dir='ltr'>hoc</span> <span class='ocrx_word' id='word_1_223' title='bbox 545 1576 729 1611; x_wconf 85' lang='lat' dir='ltr'>infortunio</span> <span class='ocrx_word' id='word_1_224' title='bbox 738 1577 771 1611; x_wconf 69' lang='grc' dir='ltr'>ὅ(</span> <span class='ocrx_word' id='word_1_225' title='bbox 781 1576 822 1610; x_wconf 89' lang='lat' dir='ltr'>ab</span> <span class='ocrx_word' id='word_1_226' title='bbox 832 1575 986 1611; x_wconf 87' lang='lat' dir='ltr'>omnibus</span> <span class='ocrx_word' id='word_1_227' title='bbox 999 1573 1094 1608; x_wconf 82' lang='lat' dir='ltr'>malis</span> 
     </span>
     <span class='ocr_line' id='line_1_32' title="bbox 144 1623 1094 1672; baseline -0.008 -7"><span class='ocrx_word' id='word_1_228' title='bbox 144 1629 271 1665; x_wconf 74' lang='lat' dir='ltr'>liberet</span> <span class='ocrx_word' id='word_1_229' title='bbox 282 1653 294 1671; x_wconf 90' lang='lat'>,</span> <span class='ocrx_word' id='word_1_230' title='bbox 321 1639 376 1672; x_wconf 87' lang='lat' dir='ltr'>per</span> <span class='ocrx_word' id='word_1_231' title='bbox 388 1638 525 1662; x_wconf 83' lang='lat' dir='ltr'>manum</span> <span class='ocrx_word' id='word_1_232' title='bbox 535 1626 728 1661; x_wconf 87' lang='lat' dir='ltr'>venerabilis</span> <span class='ocrx_word' id='word_1_233' title='bbox 740 1626 848 1660; x_wconf 85' lang='lat' dir='ltr'>fratris</span> <span class='ocrx_word' id='word_1_234' title='bbox 858 1626 958 1660; x_wconf 84' lang='lat' dir='ltr'>nostri</span> <span class='ocrx_word' id='word_1_235' title='bbox 974 1623 1094 1658; x_wconf 83' lang='lat' dir='ltr'>Ebora·-</span> 
     </span>
     <span class='ocr_line' id='line_1_33' title="bbox 146 1673 1094 1722; baseline -0.007 -9"><span class='ocrx_word' id='word_1_236' title='bbox 146 1679 258 1715; x_wconf 79' lang='lat' dir='ltr'>ieenfis</span> <span class='ocrx_word' id='word_1_237' title='bbox 277 1677 570 1722; x_wconf 84' lang='lat' dir='ltr'>Archi-Episcopi</span> <span class='ocrx_word' id='word_1_238' title='bbox 581 1676 618 1711; x_wconf 90' lang='lat' dir='ltr'>in</span> <span class='ocrx_word' id='word_1_239' title='bbox 641 1676 772 1721; x_wconf 87' lang='lat' dir='ltr'>Regem</span> <span class='ocrx_word' id='word_1_240' title='bbox 794 1676 892 1711; x_wconf 85' lang='lat' dir='ltr'>faciat</span> <span class='ocrx_word' id='word_1_241' title='bbox 913 1673 1063 1709; x_wconf 85' lang='lat' dir='ltr'>coronari</span> <span class='ocrx_word' id='word_1_242' title='bbox 1088 1697 1094 1704; x_wconf 92' lang='lat'><em>.</em></span> 
     </span>
     <span class='ocr_line' id='line_1_34' title="bbox 143 1722 1095 1776; baseline -0.009 -12"><span class='ocrx_word' id='word_1_243' title='bbox 143 1728 262 1776; x_wconf 56' lang='grc' dir='ltr'>(ζωοὶ</span> <span class='ocrx_word' id='word_1_244' title='bbox 274 1729 351 1771; x_wconf 85' lang='lat' dir='ltr'>quia</span> <span class='ocrx_word' id='word_1_245' title='bbox 361 1737 477 1762; x_wconf 85' lang='lat' dir='ltr'>contra</span> <span class='ocrx_word' id='word_1_246' title='bbox 498 1726 697 1771; x_wconf 84' lang='lat' dir='ltr'>dignitatem</span> <span class='ocrx_word' id='word_1_247' title='bbox 719 1725 960 1760; x_wconf 85' lang='lat' dir='ltr'>Cantuariensis</span> <span class='ocrx_word' id='word_1_248' title='bbox 985 1722 1095 1758; x_wconf 89' lang='lat' dir='ltr'>Eccle-</span> 
     </span>
     <span class='ocr_line' id='line_1_35' title="bbox 146 1773 1097 1821; baseline -0.006 -9"><span class='ocrx_word' id='word_1_249' title='bbox 146 1778 205 1813; x_wconf 73' lang='lat' dir='ltr'>13ae</span> <span class='ocrx_word' id='word_1_250' title='bbox 222 1778 287 1811; x_wconf 80' lang='lat' dir='ltr'>effe</span> <span class='ocrx_word' id='word_1_251' title='bbox 305 1777 532 1821; x_wconf 79' lang='lat' dir='ltr'>dignoscitur,</span> <span class='ocrx_word' id='word_1_252' title='bbox 559 1777 729 1810; x_wconf 80' lang='lat' dir='ltr'>Dominus</span> <span class='ocrx_word' id='word_1_253' title='bbox 748 1774 836 1818; x_wconf 81' lang='lat' dir='ltr'>Papa</span> <span class='ocrx_word' id='word_1_254' title='bbox 863 1773 977 1808; x_wconf 86' lang='lat' dir='ltr'>litteris</span> <span class='ocrx_word' id='word_1_255' title='bbox 997 1773 1061 1806; x_wconf 84' lang='lat' dir='ltr'>suis</span> <span class='ocrx_word' id='word_1_256' title='bbox 1086 1795 1097 1811; x_wconf 91' lang='lat'>,</span> 
     </span>
     <span class='ocr_line' id='line_1_36' title="bbox 145 1821 1094 1871; baseline -0.009 -9"><span class='ocrx_word' id='word_1_257' title='bbox 145 1837 237 1871; x_wconf 75' lang='lat' dir='ltr'>quas</span> <span class='ocrx_word' id='word_1_258' title='bbox 248 1824 385 1862; x_wconf 82' lang='lat' dir='ltr'>vobis&amp;</span> <span class='ocrx_word' id='word_1_259' title='bbox 404 1824 478 1858; x_wconf 86' lang='lat' dir='ltr'>aliis</span> <span class='ocrx_word' id='word_1_260' title='bbox 496 1823 650 1857; x_wconf 87' lang='lat' dir='ltr'>fratribus</span> <span class='ocrx_word' id='word_1_261' title='bbox 671 1822 789 1857; x_wconf 84' lang='lat' dir='ltr'>nostris</span> <span class='ocrx_word' id='word_1_262' title='bbox 809 1821 1058 1857; x_wconf 78' lang='lat' dir='ltr'>transmittimus</span> <span class='ocrx_word' id='word_1_263' title='bbox 1083 1843 1094 1860; x_wconf 95' lang='lat'>,</span> 
     </span>
     <span class='ocr_line' id='line_1_37' title="bbox 144 1870 1097 1920; baseline -0.006 -8"><span class='ocrx_word' id='word_1_264' title='bbox 144 1885 226 1912; x_wconf 66' lang='lat' dir='ltr'>tam</span> <span class='ocrx_word' id='word_1_265' title='bbox 239 1877 371 1920; x_wconf 78' lang='lat' dir='ltr'>praefato</span> <span class='ocrx_word' id='word_1_266' title='bbox 385 1872 667 1917; x_wconf 85' lang='lat' dir='ltr'>Archi-Episcopo</span> <span class='ocrx_word' id='word_1_267' title='bbox 676 1872 773 1917; x_wconf 66' lang='lat' dir='ltr'>quam</span> <span class='ocrx_word' id='word_1_268' title='bbox 789 1871 944 1907; x_wconf 80' lang='lat' dir='ltr'>omnibus</span> <span class='ocrx_word' id='word_1_269' title='bbox 967 1870 1097 1915; x_wconf 83' lang='lat' dir='ltr'>Episco-</span> 
     </span>
     <span class='ocr_line' id='line_1_38' title="bbox 148 1921 1097 1971; baseline -0.007 -10"><span class='ocrx_word' id='word_1_270' title='bbox 148 1926 211 1971; x_wconf 59' lang='grc' dir='ltr'>φὶς</span> <span class='ocrx_word' id='word_1_271' title='bbox 224 1925 356 1971; x_wconf 81' lang='lat' dir='ltr'>Angliae</span> <span class='ocrx_word' id='word_1_272' title='bbox 368 1924 550 1959; x_wconf 86' lang='lat' dir='ltr'>interdicit.</span> <span class='ocrx_word' id='word_1_273' title='bbox 578 1922 622 1956; x_wconf 89' lang='lat' dir='ltr'>Et</span> <span class='ocrx_word' id='word_1_274' title='bbox 633 1935 694 1958; x_wconf 87' lang='lat' dir='ltr'>nos</span> <span class='ocrx_word' id='word_1_275' title='bbox 706 1923 727 1956; x_wconf 83' lang='lat' dir='ltr'>fi</span> <span class='ocrx_word' id='word_1_276' title='bbox 740 1921 829 1956; x_wconf 84' lang='lat' dir='ltr'>aliud</span> <span class='ocrx_word' id='word_1_277' title='bbox 841 1946 853 1963; x_wconf 91' lang='lat'>‚</span> <span class='ocrx_word' id='word_1_278' title='bbox 877 1921 966 1966; x_wconf 89' lang='lat' dir='ltr'>quod</span> <span class='ocrx_word' id='word_1_279' title='bbox 977 1921 1058 1955; x_wconf 89' lang='lat' dir='ltr'>absit</span> <span class='ocrx_word' id='word_1_280' title='bbox 1087 1944 1097 1959; x_wconf 96' lang='lat'><em>‚</em></span> 
     </span>
     <span class='ocr_line' id='line_1_39' title="bbox 151 1971 1096 2018; baseline -0.008 -6"><span class='ocrx_word' id='word_1_281' title='bbox 151 1975 249 2012; x_wconf 72' lang='lat' dir='ltr'>idem</span> <span class='ocrx_word' id='word_1_282' title='bbox 262 1973 565 2018; x_wconf 81' lang='lat' dir='ltr'>Archi-Episcopus</span> <span class='ocrx_word' id='word_1_283' title='bbox 575 1982 631 2006; x_wconf 87' lang='lat' dir='ltr'>aut</span> <span class='ocrx_word' id='word_1_284' title='bbox 642 1973 725 2006; x_wconf 85' lang='lat' dir='ltr'>alius</span> <span class='ocrx_word' id='word_1_285' title='bbox 734 1981 893 2006; x_wconf 82' lang='lat' dir='ltr'>attentare</span> <span class='ocrx_word' id='word_1_286' title='bbox 904 1971 1096 2014; x_wconf 79' lang='lat' dir='ltr'>praesumpse-</span> 
     </span>
     <span class='ocr_line' id='line_1_40' title="bbox 152 2019 1099 2066; baseline -0.01 -6"><span class='ocrx_word' id='word_1_287' title='bbox 152 2026 225 2066; x_wconf 69' lang='lat' dir='ltr'>rit,</span> <span class='ocrx_word' id='word_1_288' title='bbox 253 2036 362 2058; x_wconf 27' lang='lat' dir='ltr'>nervos</span> <span class='ocrx_word' id='word_1_289' title='bbox 372 2034 428 2058; x_wconf 90' lang='lat' dir='ltr'>aut</span> <span class='ocrx_word' id='word_1_290' title='bbox 440 2022 558 2066; x_wconf 84' lang='lat' dir='ltr'>aliquis</span> <span class='ocrx_word' id='word_1_291' title='bbox 578 2021 620 2056; x_wconf 87' lang='lat' dir='ltr'>de</span> <span class='ocrx_word' id='word_1_292' title='bbox 639 2021 788 2056; x_wconf 87' lang='lat' dir='ltr'>fratribus</span> <span class='ocrx_word' id='word_1_293' title='bbox 808 2021 922 2055; x_wconf 82' lang='lat' dir='ltr'>nostris</span> <span class='ocrx_word' id='word_1_294' title='bbox 937 2044 948 2060; x_wconf 93' lang='lat'>,</span> <span class='ocrx_word' id='word_1_295' title='bbox 973 2030 1027 2054; x_wconf 86' lang='lat' dir='ltr'>aut</span> <span class='ocrx_word' id='word_1_296' title='bbox 1049 2019 1099 2052; x_wconf 89' lang='lat' dir='ltr'>his</span> 
     </span>
     <span class='ocr_line' id='line_1_41' title="bbox 153 2069 1096 2120; baseline -0.007 -11"><span class='ocrx_word' id='word_1_297' title='bbox 153 2076 219 2120; x_wconf 70' lang='lat' dir='ltr'>›qui</span> <span class='ocrx_word' id='word_1_298' title='bbox 232 2074 349 2114; x_wconf 87' lang='lat' dir='ltr'>nobis,</span> <span class='ocrx_word' id='word_1_299' title='bbox 376 2072 440 2108; x_wconf 73' lang='lat' dir='ltr'>sive</span> <span class='ocrx_word' id='word_1_300' title='bbox 449 2083 490 2107; x_wconf 84' lang='lat' dir='ltr'>ex</span> <span class='ocrx_word' id='word_1_301' title='bbox 502 2071 627 2107; x_wconf 87' lang='lat' dir='ltr'>Officio</span> <span class='ocrx_word' id='word_1_302' title='bbox 637 2072 852 2116; x_wconf 69' lang='lat' dir='ltr'>Leguiouis,</span> <span class='ocrx_word' id='word_1_303' title='bbox 877 2070 940 2103; x_wconf 74' lang='lat' dir='ltr'>sive</span> <span class='ocrx_word' id='word_1_304' title='bbox 949 2070 1018 2113; x_wconf 83' lang='lat' dir='ltr'>jure</span> <span class='ocrx_word' id='word_1_305' title='bbox 1029 2069 1096 2103; x_wconf 85' lang='lat' dir='ltr'>Me·</span> 
     </span>
     <span class='ocr_line' id='line_1_42' title="bbox 155 2118 1100 2168; baseline -0.007 -8"><span class='ocrx_word' id='word_1_306' title='bbox 155 2124 357 2168; x_wconf 72' lang='lat' dir='ltr'>tropolitico</span> <span class='ocrx_word' id='word_1_307' title='bbox 369 2122 501 2167; x_wconf 78' lang='lat' dir='ltr'>subjecti</span> <span class='ocrx_word' id='word_1_308' title='bbox 512 2124 609 2163; x_wconf 82' lang='lat' dir='ltr'>sunt,</span> <span class='ocrx_word' id='word_1_309' title='bbox 635 2121 780 2156; x_wconf 87' lang='lat' dir='ltr'>adsistere</span> <span class='ocrx_word' id='word_1_310' title='bbox 799 2118 935 2161; x_wconf 83' lang='lat' dir='ltr'>audeat,</span> <span class='ocrx_word' id='word_1_311' title='bbox 961 2119 1100 2163; x_wconf 78' lang='lat' dir='ltr'>Aposto-</span> 
     </span>
     <span class='ocr_line' id='line_1_43' title="bbox 155 2169 1099 2210; baseline -0.006 -2"><span class='ocrx_word' id='word_1_312' title='bbox 155 2174 269 2208; x_wconf 78' lang='lat' dir='ltr'>lica&amp;</span> <span class='ocrx_word' id='word_1_313' title='bbox 292 2173 400 2208; x_wconf 78' lang='lat' dir='ltr'>nostra</span> <span class='ocrx_word' id='word_1_314' title='bbox 420 2171 618 2206; x_wconf 86' lang='lat' dir='ltr'>authoritate</span> <span class='ocrx_word' id='word_1_315' title='bbox 628 2172 662 2205; x_wconf 86' lang='lat' dir='ltr'>in</span> <span class='ocrx_word' id='word_1_316' title='bbox 683 2172 802 2205; x_wconf 86' lang='lat' dir='ltr'>virtute</span> <span class='ocrx_word' id='word_1_317' title='bbox 823 2170 1017 2205; x_wconf 79' lang='lat' dir='ltr'>obedientiae</span> <span class='ocrx_word' id='word_1_318' title='bbox 1031 2193 1042 2210; x_wconf 91' lang='lat'>‚</span> <span class='ocrx_word' id='word_1_319' title='bbox 1066 2169 1099 2202; x_wconf 75' lang='grc' dir='ltr'>ὅ(</span> 
     </span>
     <span class='ocr_line' id='line_1_44' title="bbox 155 2218 1102 2265; baseline -0.006 -7"><span class='ocrx_word' id='word_1_320' title='bbox 155 2223 224 2258; x_wconf 71' lang='lat' dir='ltr'>iub</span> <span class='ocrx_word' id='word_1_321' title='bbox 236 2222 446 2258; x_wconf 88' lang='lat' dir='ltr'>anathemate</span> <span class='ocrx_word' id='word_1_322' title='bbox 458 2221 586 2265; x_wconf 79' lang='lat' dir='ltr'>penitus</span> <span class='ocrx_word' id='word_1_323' title='bbox 603 2218 818 2262; x_wconf 82' lang='lat' dir='ltr'>-inhibemus,</span> <span class='ocrx_word' id='word_1_324' title='bbox 843 2220 1039 2264; x_wconf 85' lang='lat' dir='ltr'>appellantes</span> <span class='ocrx_word' id='word_1_325' title='bbox 1049 2219 1102 2253; x_wconf 90' lang='lat' dir='ltr'>ad·</span> 
     </span>
     <span class='ocr_line' id='line_1_45' title="bbox 157 2268 1102 2319; baseline -0.005 -12"><span class='ocrx_word' id='word_1_326' title='bbox 157 2272 273 2319; x_wconf 70' lang='lat' dir='ltr'>⁴versus</span> <span class='ocrx_word' id='word_1_327' title='bbox 283 2281 417 2307; x_wconf 86' lang='lat' dir='ltr'>omnem</span> <span class='ocrx_word' id='word_1_328' title='bbox 427 2272 593 2312; x_wconf 82' lang='lat' dir='ltr'>animam,</span> <span class='ocrx_word' id='word_1_329' title='bbox 621 2282 690 2314; x_wconf 85' lang='lat' dir='ltr'>quae</span> <span class='ocrx_word' id='word_1_330' title='bbox 700 2271 732 2305; x_wconf 92' lang='lat' dir='ltr'>se</span> <span class='ocrx_word' id='word_1_331' title='bbox 752 2280 850 2305; x_wconf 79' lang='lat' dir='ltr'>tantae</span> <span class='ocrx_word' id='word_1_332' title='bbox 865 2268 1102 2314; x_wconf 77' lang='lat' dir='ltr'>praesumptioni</span> 
     </span>
     <span class='ocr_line' id='line_1_46' title="bbox 159 2318 1103 2366; baseline -0.005 -10"><span class='ocrx_word' id='word_1_333' title='bbox 159 2322 371 2358; x_wconf 77' lang='lat' dir='ltr'>attentaverit</span> <span class='ocrx_word' id='word_1_334' title='bbox 384 2322 584 2362; x_wconf 88' lang='lat' dir='ltr'>immiscere,</span> <span class='ocrx_word' id='word_1_335' title='bbox 609 2321 763 2366; x_wconf 82' lang='lat' dir='ltr'>diemque</span> <span class='ocrx_word' id='word_1_336' title='bbox 773 2321 966 2366; x_wconf 81' lang='lat' dir='ltr'>praefigimus</span> <span class='ocrx_word' id='word_1_337' title='bbox 989 2318 1103 2353; x_wconf 76' lang='lat' dir='ltr'>Purifi—</span> 
     </span>
     <span class='ocr_line' id='line_1_47' title="bbox 158 2371 608 2408; baseline -0.009 0"><span class='ocrx_word' id='word_1_338' title='bbox 158 2374 332 2408; x_wconf 77' lang='lat' dir='ltr'>cationem</span> <span class='ocrx_word' id='word_1_339' title='bbox 344 2372 465 2406; x_wconf 61' lang='lat' dir='ltr'>San&amp;</span> <span class='ocrx_word' id='word_1_340' title='bbox 475 2371 592 2405; x_wconf 83' lang='lat' dir='ltr'>Mariae</span> <span class='ocrx_word' id='word_1_341' title='bbox 600 2395 608 2404; x_wconf 92' lang='lat'>.</span> 
     </span>
    </p>
   </div>
   <div class='ocr_carea' id='block_1_3' title="bbox 309 2467 944 2507">
    <p class='ocr_par' dir='ltr' id='par_1_3' title="bbox 309 2467 944 2507">
     <span class='ocr_line' id='line_1_48' title="bbox 309 2467 944 2507; baseline -0.003 -2"><span class='ocrx_word' id='word_1_342' title='bbox 309 2467 718 2507; x_wconf 67' lang='lat' dir='ltr'>prsToLA</span> <span class='ocrx_word' id='word_1_343' title='bbox 789 2470 944 2506; x_wconf 71' lang='lat' dir='ltr'>XLVI-</span> 
     </span>
    </p>
   </div>
   <div class='ocr_carea' id='block_1_4' title="bbox 160 2568 1103 2712">
    <p class='ocr_par' dir='ltr' id='par_1_4' title="bbox 160 2568 1103 2712">
     <span class='ocr_line' id='line_1_49' title="bbox 160 2568 1103 2614; baseline -0.004 -8"><span class='ocrx_word' id='word_1_344' title='bbox 160 2568 316 2606; x_wconf 83' lang='lat' dir='ltr'>Thomas</span> <span class='ocrx_word' id='word_1_345' title='bbox 340 2568 578 2603; x_wconf 83' lang='lat' dir='ltr'>Cantuariensis</span> <span class='ocrx_word' id='word_1_346' title='bbox 603 2568 920 2614; x_wconf 86' lang='lat' dir='ltr'>Archi-Episcopus</span> <span class='ocrx_word' id='word_1_347' title='bbox 955 2569 1103 2614; x_wconf 89' lang='lat' dir='ltr'>Rogerio</span> 
     </span>
     <span class='ocr_line' id='line_1_50' title="bbox 264 2616 1006 2662; baseline -0.003 -8"><span class='ocrx_word' id='word_1_348' title='bbox 264 2618 460 2654; x_wconf 75' lang='lat' dir='ltr'>Eboracensr</span> <span class='ocrx_word' id='word_1_349' title='bbox 485 2616 610 2652; x_wconf 84' lang='lat' dir='ltr'>Archi·</span> <span class='ocrx_word' id='word_1_350' title='bbox 624 2618 792 2662; x_wconf 83' lang='lat' dir='ltr'>Episcopo</span> <span class='ocrx_word' id='word_1_351' title='bbox 814 2643 822 2650; x_wconf 91' lang='lat'><strong>.</strong></span> <span class='ocrx_word' id='word_1_352' title='bbox 849 2620 1006 2654; x_wconf 75' lang='lat' dir='ltr'>Similiter</span> 
     </span>
     <span class='ocr_line' id='line_1_51' title="bbox 373 2667 885 2712; baseline -0.008 -8"><span class='ocrx_word' id='word_1_353' title='bbox 373 2667 529 2704; x_wconf 89' lang='lat' dir='ltr'>omnibus</span> <span class='ocrx_word' id='word_1_354' title='bbox 546 2667 713 2711; x_wconf 88' lang='lat' dir='ltr'>Episcopis</span> <span class='ocrx_word' id='word_1_355' title='bbox 733 2667 885 2712; x_wconf 84' lang='lat' dir='ltr'>Angliae.</span> 
     </span>
    </p>
   </div>
   <div class='ocr_carea' id='block_1_5' title="bbox 166 2766 1104 2964">
    <p class='ocr_par' dir='ltr' id='par_1_5' title="bbox 166 2766 1104 2964">
     <span class='ocr_line' id='line_1_52' title="bbox 166 2766 1101 2815; baseline -0.002 -12"><span class='ocrx_word' id='word_1_356' title='bbox 166 2769 293 2804; x_wconf 83' lang='lat' dir='ltr'>Thomas</span> <span class='ocrx_word' id='word_1_357' title='bbox 317 2772 373 2805; x_wconf 74' lang='lat' dir='ltr'>Des</span> <span class='ocrx_word' id='word_1_358' title='bbox 378 2776 484 2815; x_wconf 77' lang='lat' dir='ltr'>gratia</span> <span class='ocrx_word' id='word_1_359' title='bbox 499 2767 724 2810; x_wconf 82' lang='lat' dir='ltr'>Cantuarienfis</span> <span class='ocrx_word' id='word_1_360' title='bbox 736 2766 873 2810; x_wconf 71' lang='lat' dir='ltr'>Ecclesia</span> <span class='ocrx_word' id='word_1_361' title='bbox 897 2767 1028 2808; x_wconf 81' lang='lat' dir='ltr'>Minister</span> <span class='ocrx_word' id='word_1_362' title='bbox 1049 2767 1101 2801; x_wconf 85' lang='lat' dir='ltr'>hu-</span> 
     </span>
     <span class='ocr_line' id='line_1_53' title="bbox 215 2819 1104 2863; baseline -0.003 -8"><span class='ocrx_word' id='word_1_363' title='bbox 215 2822 297 2855; x_wconf 67' lang='lat' dir='ltr'>miles</span> <span class='ocrx_word' id='word_1_364' title='bbox 319 2845 330 2862; x_wconf 93' lang='lat'>,</span> <span class='ocrx_word' id='word_1_365' title='bbox 366 2824 400 2855; x_wconf 64' lang='lat' dir='ltr'>O·</span> <span class='ocrx_word' id='word_1_366' title='bbox 420 2821 505 2854; x_wconf 66' lang='lat' dir='ltr'>sedis</span> <span class='ocrx_word' id='word_1_367' title='bbox 540 2819 704 2863; x_wconf 72' lang='lat' dir='ltr'>Apostoltcae</span> <span class='ocrx_word' id='word_1_368' title='bbox 736 2822 867 2862; x_wconf 83' lang='lat' dir='ltr'>Legatus</span> <span class='ocrx_word' id='word_1_369' title='bbox 890 2842 901 2859; x_wconf 92' lang='lat'>,</span> <span class='ocrx_word' id='word_1_370' title='bbox 935 2819 1104 2852; x_wconf 73' lang='lat' dir='ltr'>Venerabili</span> 
     </span>
     <span class='ocr_line' id='line_1_54' title="bbox 217 2866 1102 2915; baseline -0.002 -11"><span class='ocrx_word' id='word_1_371' title='bbox 217 2875 326 2904; x_wconf 74' lang='lat' dir='ltr'>Fratri</span> <span class='ocrx_word' id='word_1_372' title='bbox 344 2873 462 2915; x_wconf 69' lang='lat' dir='ltr'>Rogerio</span> <span class='ocrx_word' id='word_1_373' title='bbox 472 2868 651 2910; x_wconf 76' lang='lat' dir='ltr'>Eboracenst&#39;</span> <span class='ocrx_word' id='word_1_374' title='bbox 657 2867 745 2902; x_wconf 82' lang='lat' dir='ltr'>Archi</span> <span class='ocrx_word' id='word_1_375' title='bbox 757 2887 767 2893; x_wconf 95' lang='lat'>-</span> <span class='ocrx_word' id='word_1_376' title='bbox 781 2866 922 2910; x_wconf 78' lang='lat' dir='ltr'>Episcopo</span> <span class='ocrx_word' id='word_1_377' title='bbox 931 2893 942 2908; x_wconf 96' lang='lat'>,</span> <span class='ocrx_word' id='word_1_378' title='bbox 971 2870 1005 2903; x_wconf 61' lang='grc' dir='ltr'>(τ</span> <span class='ocrx_word' id='word_1_379' title='bbox 1015 2869 1102 2902; x_wconf 70' lang='lat' dir='ltr'>sedis</span> 
     </span>
     <span class='ocr_line' id='line_1_55' title="bbox 220 2916 1102 2964; baseline -0.005 -10"><span class='ocrx_word' id='word_1_380' title='bbox 220 2922 383 2964; x_wconf 68' lang='lat' dir='ltr'>Apostolzcae</span> <span class='ocrx_word' id='word_1_381' title='bbox 395 2918 518 2964; x_wconf 73' lang='lat' dir='ltr'>Legata,</span> <span class='ocrx_word' id='word_1_382' title='bbox 524 2919 651 2964; x_wconf 79' lang='lat' dir='ltr'>salutem</span> <span class='ocrx_word' id='word_1_383' title='bbox 662 2921 695 2953; x_wconf 63' lang='lat' dir='ltr'>(a</span> <span class='ocrx_word' id='word_1_384' title='bbox 706 2924 784 2952; x_wconf 83' lang='lat' dir='ltr'>um&#39;u</span> <span class='ocrx_word' id='word_1_385' title='bbox 782 2916 856 2962; x_wconf 82' lang='lat' dir='ltr'>sque</span> <span class='ocrx_word' id='word_1_386' title='bbox 867 2925 942 2952; x_wconf 72' lang='lat' dir='ltr'>vitae</span> <span class='ocrx_word' id='word_1_387' title='bbox 953 2916 1102 2962; x_wconf 84' lang='lat' dir='ltr'>suceeffus.</span> 
     </span>
    </p>
   </div>
   <div class='ocr_carea' id='block_1_6' title="bbox 172 3019 1104 3263">
    <p class='ocr_par' dir='ltr' id='par_1_6' title="bbox 266 3019 1103 3065">
     <span class='ocr_line' id='line_1_56' title="bbox 266 3019 1103 3065; baseline -0.001 -11"><span class='ocrx_word' id='word_1_388' title='bbox 266 3019 488 3055; x_wconf 83' lang='lat' dir='ltr'>ISCRETIO</span> <span class='ocrx_word' id='word_1_389' title='bbox 514 3020 613 3054; x_wconf 84' lang='lat' dir='ltr'>vestra</span> <span class='ocrx_word' id='word_1_390' title='bbox 624 3019 750 3065; x_wconf 72' lang='lat' dir='ltr'>plenius</span> <span class='ocrx_word' id='word_1_391' title='bbox 764 3019 875 3058; x_wconf 88' lang='lat' dir='ltr'>novit,</span> <span class='ocrx_word' id='word_1_392' title='bbox 899 3019 988 3064; x_wconf 74' lang='lat' dir='ltr'>quod</span> <span class='ocrx_word' id='word_1_393' title='bbox 1011 3020 1103 3054; x_wconf 88' lang='lat' dir='ltr'>Deus</span> 
     </span>
    </p>

    <p class='ocr_par' dir='ltr' id='par_1_7' title="bbox 172 3069 1104 3263">
     <span class='ocr_line' id='line_1_57' title="bbox 293 3069 1102 3115; baseline 0.001 -12"><span class='ocrx_word' id='word_1_394' title='bbox 293 3070 328 3104; x_wconf 85' lang='lat' dir='ltr'>in</span> <span class='ocrx_word' id='word_1_395' title='bbox 339 3081 397 3103; x_wconf 82' lang='lat' dir='ltr'>eos</span> <span class='ocrx_word' id='word_1_396' title='bbox 408 3070 527 3105; x_wconf 77' lang='lat' dir='ltr'>vindex</span> <span class='ocrx_word' id='word_1_397' title='bbox 539 3069 584 3104; x_wconf 85' lang='lat' dir='ltr'>est</span> <span class='ocrx_word' id='word_1_398' title='bbox 595 3094 607 3111; x_wconf 95' lang='lat'>,</span> <span class='ocrx_word' id='word_1_399' title='bbox 631 3071 689 3115; x_wconf 85' lang='lat' dir='ltr'>qui</span> <span class='ocrx_word' id='word_1_400' title='bbox 701 3080 834 3114; x_wconf 68' lang='lat' dir='ltr'>acceptae</span> <span class='ocrx_word' id='word_1_401' title='bbox 854 3071 963 3115; x_wconf 88' lang='lat' dir='ltr'>gratiae</span> <span class='ocrx_word' id='word_1_402' title='bbox 983 3070 1102 3104; x_wconf 88' lang='lat' dir='ltr'>imme-</span> 
     </span>
     <span class='ocr_line' id='line_1_58' title="bbox 172 3118 1104 3163; baseline -0.005 -6"><span class='ocrx_word' id='word_1_403' title='bbox 172 3131 281 3157; x_wconf 83' lang='lat' dir='ltr'>mores</span> <span class='ocrx_word' id='word_1_404' title='bbox 298 3118 479 3154; x_wconf 90' lang='lat' dir='ltr'>retribuunt</span> <span class='ocrx_word' id='word_1_405' title='bbox 492 3120 575 3154; x_wconf 88' lang='lat' dir='ltr'>mala</span> <span class='ocrx_word' id='word_1_406' title='bbox 589 3130 646 3163; x_wconf 90' lang='lat' dir='ltr'>pro</span> <span class='ocrx_word' id='word_1_407' title='bbox 658 3120 752 3154; x_wconf 88' lang='lat' dir='ltr'>bonis</span> <span class='ocrx_word' id='word_1_408' title='bbox 761 3146 772 3160; x_wconf 88' lang='lat'>,</span> <span class='ocrx_word' id='word_1_409' title='bbox 797 3121 830 3154; x_wconf 69' lang='grc' dir='ltr'>ὅ(</span> <span class='ocrx_word' id='word_1_410' title='bbox 842 3131 898 3156; x_wconf 90' lang='lat' dir='ltr'>cos</span> <span class='ocrx_word' id='word_1_411' title='bbox 909 3144 921 3161; x_wconf 92' lang='lat'>,</span> <span class='ocrx_word' id='word_1_412' title='bbox 948 3131 1030 3162; x_wconf 88' lang='lat' dir='ltr'>quos</span> <span class='ocrx_word' id='word_1_413' title='bbox 1039 3119 1104 3154; x_wconf 85' lang='lat' dir='ltr'>exi-</span> 
     </span>
     <span class='ocr_line' id='line_1_59' title="bbox 173 3169 1103 3215; baseline 0 -11"><span class='ocrx_word' id='word_1_414' title='bbox 173 3171 327 3215; x_wconf 84' lang='lat' dir='ltr'>gentibus</span> <span class='ocrx_word' id='word_1_415' title='bbox 339 3169 483 3209; x_wconf 87' lang='lat' dir='ltr'>meritis,</span> <span class='ocrx_word' id='word_1_416' title='bbox 509 3169 615 3204; x_wconf 87' lang='lat' dir='ltr'>colere</span> <span class='ocrx_word' id='word_1_417' title='bbox 634 3171 818 3204; x_wconf 77' lang='lat' dir='ltr'>&amp;venerari</span> <span class='ocrx_word' id='word_1_418' title='bbox 828 3170 1026 3209; x_wconf 89' lang='lat' dir='ltr'>debuerant,</span> <span class='ocrx_word' id='word_1_419' title='bbox 1054 3180 1103 3204; x_wconf 86' lang='lat' dir='ltr'>ac-</span> 
     </span>
     <span class='ocr_line' id='line_1_60' title="bbox 172 3219 1104 3263; baseline -0.002 -9"><span class='ocrx_word' id='word_1_420' title='bbox 172 3231 269 3263; x_wconf 79' lang='lat' dir='ltr'>cepta</span> <span class='ocrx_word' id='word_1_421' title='bbox 290 3220 459 3254; x_wconf 72' lang='lat' dir='ltr'>occasione</span> <span class='ocrx_word' id='word_1_422' title='bbox 478 3219 643 3258; x_wconf 81' lang='lat' dir='ltr'>nocendi,</span> <span class='ocrx_word' id='word_1_423' title='bbox 677 3220 785 3256; x_wconf 81' lang='lat' dir='ltr'>laedere</span> <span class='ocrx_word' id='word_1_424' title='bbox 804 3231 870 3255; x_wconf 89' lang='lat' dir='ltr'>non</span> <span class='ocrx_word' id='word_1_425' title='bbox 892 3219 1069 3254; x_wconf 84' lang='lat' dir='ltr'>formidant</span> <span class='ocrx_word' id='word_1_426' title='bbox 1097 3244 1104 3252; x_wconf 89' lang='lat'><strong>.</strong></span> 
     </span>
    </p>
   </div>
   <div class='ocr_carea' id='block_1_7' title="bbox 175 3269 1106 3318">
    <p class='ocr_par' dir='ltr' id='par_1_8' title="bbox 175 3269 1106 3318">
     <span class='ocr_line' id='line_1_61' title="bbox 175 3269 1106 3318; baseline 0.001 -15"><span class='ocrx_word' id='word_1_427' title='bbox 175 3270 272 3318; x_wconf 74' lang='lat' dir='ltr'>Qiot</span> <span class='ocrx_word' id='word_1_428' title='bbox 281 3280 390 3305; x_wconf 74' lang='lat' dir='ltr'>autem</span> <span class='ocrx_word' id='word_1_429' title='bbox 410 3270 444 3303; x_wconf 72' lang='grc' dir='ltr'>ὅ(</span> <span class='ocrx_word' id='word_1_430' title='bbox 460 3279 581 3312; x_wconf 85' lang='lat' dir='ltr'>quanta</span> <span class='ocrx_word' id='word_1_431' title='bbox 603 3269 690 3304; x_wconf 84' lang='lat' dir='ltr'>bona</span> <span class='ocrx_word' id='word_1_432' title='bbox 706 3271 724 3304; x_wconf 72' lang='lat' dir='ltr'>a</span> <span class='ocrx_word' id='word_1_433' title='bbox 748 3271 777 3304; x_wconf 88' lang='lat' dir='ltr'>S.</span> <span class='ocrx_word' id='word_1_434' title='bbox 806 3270 1025 3304; x_wconf 88' lang='lat' dir='ltr'>Cantuariensi</span> <span class='ocrx_word' id='word_1_435' title='bbox 1047 3270 1106 3305; x_wconf 90' lang='lat' dir='ltr'>Ec·</span> 
     </span>
    </p>
   </div>
   <div class='ocr_carea' id='block_1_8' title="bbox 176 3319 1104 3365">
    <p class='ocr_par' dir='ltr' id='par_1_9' title="bbox 176 3319 1104 3365">
     <span class='ocr_line' id='line_1_62' title="bbox 176 3319 1104 3365; baseline -0.001 -11"><span class='ocrx_word' id='word_1_436' title='bbox 176 3319 272 3355; x_wconf 84' lang='lat' dir='ltr'>clefia</span> <span class='ocrx_word' id='word_1_437' title='bbox 293 3319 476 3365; x_wconf 78' lang='lat' dir='ltr'>acceperitis</span> <span class='ocrx_word' id='word_1_438' title='bbox 491 3343 502 3359; x_wconf 92' lang='lat'>,</span> <span class='ocrx_word' id='word_1_439' title='bbox 527 3319 559 3352; x_wconf 90' lang='lat'>&amp;</span> <span class='ocrx_word' id='word_1_440' title='bbox 571 3319 708 3362; x_wconf 78' lang='lat' dir='ltr'>qualiter</span> <span class='ocrx_word' id='word_1_441' title='bbox 721 3319 775 3356; x_wconf 84' lang='lat' dir='ltr'>illa</span> <span class='ocrx_word' id='word_1_442' title='bbox 785 3331 844 3355; x_wconf 86' lang='lat' dir='ltr'>vos</span> <span class='ocrx_word' id='word_1_443' title='bbox 855 3321 1051 3363; x_wconf 87' lang='lat' dir='ltr'>promoverit</span> <span class='ocrx_word' id='word_1_444' title='bbox 1063 3319 1104 3354; x_wconf 88' lang='lat' dir='ltr'>ad</span> 
     </span>
    </p>
   </div>
   <div class='ocr_carea' id='block_1_9' title="bbox 176 3368 1107 3413">
    <p class='ocr_par' dir='ltr' id='par_1_10' title="bbox 176 3368 1107 3413">
     <span class='ocr_line' id='line_1_63' title="bbox 176 3368 1107 3413; baseline -0.003 -7"><span class='ocrx_word' id='word_1_445' title='bbox 176 3371 341 3406; x_wconf 82' lang='lat' dir='ltr'>summum</span> <span class='ocrx_word' id='word_1_446' title='bbox 358 3368 536 3406; x_wconf 84' lang='lat' dir='ltr'>Sacerdotii</span> <span class='ocrx_word' id='word_1_447' title='bbox 558 3369 715 3413; x_wconf 85' lang='lat' dir='ltr'>gradum,</span> <span class='ocrx_word' id='word_1_448' title='bbox 742 3371 777 3406; x_wconf 88' lang='lat' dir='ltr'>in</span> <span class='ocrx_word' id='word_1_449' title='bbox 793 3370 923 3408; x_wconf 86' lang='lat' dir='ltr'>auribus</span> <span class='ocrx_word' id='word_1_450' title='bbox 945 3370 1107 3405; x_wconf 87' lang='lat' dir='ltr'>Reveren-</span> 
     </span>
    </p>
   </div>
   <div class='ocr_carea' id='block_1_10' title="bbox 274 3417 750 3463">
    <p class='ocr_par' dir='ltr' id='par_1_11' title="bbox 274 3417 750 3463">
     <span class='ocr_line' id='line_1_64' title="bbox 274 3417 750 3463; baseline 0.008 -11"><span class='ocrx_word' id='word_1_451' title='bbox 274 3417 383 3460; x_wconf 67' lang='lat' dir='ltr'>christ.</span> <span class='ocrx_word' id='word_1_452' title='bbox 396 3421 473 3462; x_wconf 75' lang='lat' dir='ltr'>Lupi</span> <span class='ocrx_word' id='word_1_453' title='bbox 491 3423 589 3463; x_wconf 83' lang='lat' dir='ltr'>Opera</span> <span class='ocrx_word' id='word_1_454' title='bbox 606 3422 685 3454; x_wconf 83' lang='lat' dir='ltr'>Tam.</span> <span class='ocrx_word' id='word_1_455' title='bbox 708 3421 750 3457; x_wconf 78' lang='lat' dir='ltr'>X.</span> 
     </span>
    </p>
   </div>
   <div class='ocr_carea' id='block_1_11' title="bbox 1147 77 2101 1124">
    <p class='ocr_par' dir='ltr' id='par_1_12' title="bbox 1907 77 2003 125">
     <span class='ocr_line' id='line_1_65' title="bbox 1907 77 2003 125; baseline 0.01 -7"><span class='ocrx_word' id='word_1_456' title='bbox 1907 78 1928 118; x_wconf 85' lang='lat'>3</span> <span class='ocrx_word' id='word_1_457' title='bbox 1944 77 2003 125; x_wconf 93' lang='lat'>17</span> 
     </span>
    </p>

    <p class='ocr_par' dir='ltr' id='par_1_13' title="bbox 1147 127 2101 1124">
     <span class='ocr_line' id='line_1_66' title="bbox 1152 127 2083 184; baseline 0.014 -19"><span class='ocrx_word' id='word_1_458' title='bbox 1152 130 1203 165; x_wconf 67' lang='lat' dir='ltr'>tie</span> <span class='ocrx_word' id='word_1_459' title='bbox 1214 127 1322 162; x_wconf 80' lang='lat' dir='ltr'>vestrae</span> <span class='ocrx_word' id='word_1_460' title='bbox 1333 138 1403 162; x_wconf 89' lang='lat' dir='ltr'>non</span> <span class='ocrx_word' id='word_1_461' title='bbox 1424 132 1546 165; x_wconf 75' lang='lat' dir='ltr'>necesse</span> <span class='ocrx_word' id='word_1_462' title='bbox 1566 132 1612 170; x_wconf 75' lang='lat' dir='ltr'>est</span> <span class='ocrx_word' id='word_1_463' title='bbox 1633 134 1802 177; x_wconf 84' lang='lat' dir='ltr'>replicare:</span> <span class='ocrx_word' id='word_1_464' title='bbox 1829 147 1898 173; x_wconf 84' lang='lat' dir='ltr'>tum</span> <span class='ocrx_word' id='word_1_465' title='bbox 1921 142 1997 184; x_wconf 82' lang='lat' dir='ltr'>quia</span> <span class='ocrx_word' id='word_1_466' title='bbox 2018 143 2083 179; x_wconf 68' lang='lat' dir='ltr'>fere</span> 
     </span>
     <span class='ocr_line' id='line_1_67' title="bbox 1151 177 2082 233; baseline 0.011 -18"><span class='ocrx_word' id='word_1_467' title='bbox 1151 177 1307 215; x_wconf 85' lang='lat' dir='ltr'>omnibus</span> <span class='ocrx_word' id='word_1_468' title='bbox 1326 186 1427 216; x_wconf 87' lang='lat' dir='ltr'>nota,</span> <span class='ocrx_word' id='word_1_469' title='bbox 1453 189 1524 213; x_wconf 89' lang='lat' dir='ltr'>tum</span> <span class='ocrx_word' id='word_1_470' title='bbox 1538 182 1613 223; x_wconf 84' lang='lat' dir='ltr'>quia</span> <span class='ocrx_word' id='word_1_471' title='bbox 1635 182 1822 222; x_wconf 85' lang='lat' dir='ltr'>incredibile</span> <span class='ocrx_word' id='word_1_472' title='bbox 1833 189 1973 233; x_wconf 79' lang='lat' dir='ltr'>estquod</span> <span class='ocrx_word' id='word_1_473' title='bbox 1987 190 2082 226; x_wconf 77' lang='lat' dir='ltr'>haeca</span> 
     </span>
     <span class='ocr_line' id='line_1_68' title="bbox 1152 227 2081 282; baseline 0.015 -20"><span class='ocrx_word' id='word_1_474' title='bbox 1152 228 1278 274; x_wconf 82' lang='lat' dir='ltr'>pietatis</span> <span class='ocrx_word' id='word_1_475' title='bbox 1291 227 1397 262; x_wconf 82' lang='lat' dir='ltr'>vestrae</span> <span class='ocrx_word' id='word_1_476' title='bbox 1408 229 1564 263; x_wconf 84' lang='lat' dir='ltr'>memoria</span> <span class='ocrx_word' id='word_1_477' title='bbox 1578 231 1695 273; x_wconf 83' lang='lat' dir='ltr'>poffint</span> <span class='ocrx_word' id='word_1_478' title='bbox 1703 236 1865 273; x_wconf 85' lang='lat' dir='ltr'>excidere.</span> <span class='ocrx_word' id='word_1_479' title='bbox 1894 240 1938 274; x_wconf 87' lang='lat' dir='ltr'>Et</span> <span class='ocrx_word' id='word_1_480' title='bbox 1949 241 2081 282; x_wconf 87' lang='lat' dir='ltr'>quidem</span> 
     </span>
     <span class='ocr_line' id='line_1_69' title="bbox 1151 277 2083 332; baseline 0.008 -21"><span class='ocrx_word' id='word_1_481' title='bbox 1151 278 1256 314; x_wconf 77' lang='lat' dir='ltr'>adhuc</span> <span class='ocrx_word' id='word_1_482' title='bbox 1266 277 1378 312; x_wconf 88' lang='lat' dir='ltr'>eadem</span> <span class='ocrx_word' id='word_1_483' title='bbox 1391 278 1501 313; x_wconf 80' lang='lat' dir='ltr'>Mater</span> <span class='ocrx_word' id='word_1_484' title='bbox 1513 280 1616 314; x_wconf 85' lang='lat' dir='ltr'>vestra</span> <span class='ocrx_word' id='word_1_485' title='bbox 1638 291 1746 322; x_wconf 84' lang='lat' dir='ltr'>parata</span> <span class='ocrx_word' id='word_1_486' title='bbox 1768 287 1834 327; x_wconf 82' lang='lat' dir='ltr'>est,</span> <span class='ocrx_word' id='word_1_487' title='bbox 1861 292 2016 332; x_wconf 72' lang='lat' dir='ltr'>quamdiu</span> <span class='ocrx_word' id='word_1_488' title='bbox 2033 303 2083 325; x_wconf 70' lang='lat' dir='ltr'>ve.</span> 
     </span>
     <span class='ocr_line' id='line_1_70' title="bbox 1150 329 2090 375; baseline 0.004 -12"><span class='ocrx_word' id='word_1_489' title='bbox 1150 329 1220 363; x_wconf 78' lang='lat' dir='ltr'>strae</span> <span class='ocrx_word' id='word_1_490' title='bbox 1240 329 1345 362; x_wconf 88' lang='lat' dir='ltr'>visum</span> <span class='ocrx_word' id='word_1_491' title='bbox 1367 330 1465 363; x_wconf 89' lang='lat' dir='ltr'>fuerit</span> <span class='ocrx_word' id='word_1_492' title='bbox 1488 330 1680 369; x_wconf 63' lang='lat' dir='ltr'>sanetitati,</span> <span class='ocrx_word' id='word_1_493' title='bbox 1705 334 1824 366; x_wconf 84' lang='lat' dir='ltr'>amoris</span> <span class='ocrx_word' id='word_1_494' title='bbox 1842 337 1874 370; x_wconf 84' lang='lat'>&amp;</span> <span class='ocrx_word' id='word_1_495' title='bbox 1899 343 2090 375; x_wconf 57' lang='lat' dir='ltr'>reveremjae-</span> 
     </span>
     <span class='ocr_line' id='line_1_71' title="bbox 1149 379 2097 431; baseline 0.004 -19"><span class='ocrx_word' id='word_1_496' title='bbox 1149 379 1241 413; x_wconf 88' lang='lat' dir='ltr'>cultu</span> <span class='ocrx_word' id='word_1_497' title='bbox 1258 379 1430 423; x_wconf 79' lang='lat' dir='ltr'>prosequi,</span> <span class='ocrx_word' id='word_1_498' title='bbox 1458 380 1546 424; x_wconf 89' lang='lat' dir='ltr'>quod</span> <span class='ocrx_word' id='word_1_499' title='bbox 1568 380 1665 423; x_wconf 88' lang='lat' dir='ltr'>coepit</span> <span class='ocrx_word' id='word_1_500' title='bbox 1689 381 1722 414; x_wconf 88' lang='lat' dir='ltr'>in</span> <span class='ocrx_word' id='word_1_501' title='bbox 1745 380 1838 415; x_wconf 89' lang='lat' dir='ltr'>vobis</span> <span class='ocrx_word' id='word_1_502' title='bbox 1864 408 1875 423; x_wconf 93' lang='lat'>,</span> <span class='ocrx_word' id='word_1_503' title='bbox 1911 401 2028 431; x_wconf 66' lang='lat' dir='ltr'>optans</span> <span class='ocrx_word' id='word_1_504' title='bbox 2048 392 2097 425; x_wconf 86' lang='lat'>&amp;.</span> 
     </span>
     <span class='ocr_line' id='line_1_72' title="bbox 1148 427 2089 476; baseline 0.006 -13"><span class='ocrx_word' id='word_1_505' title='bbox 1148 439 1244 463; x_wconf 90' lang='lat' dir='ltr'>orans</span> <span class='ocrx_word' id='word_1_506' title='bbox 1266 427 1323 462; x_wconf 86' lang='lat' dir='ltr'>fibi</span> <span class='ocrx_word' id='word_1_507' title='bbox 1344 429 1385 463; x_wconf 88' lang='lat' dir='ltr'>ab</span> <span class='ocrx_word' id='word_1_508' title='bbox 1407 429 1597 464; x_wconf 86' lang='lat' dir='ltr'>Eminentia</span> <span class='ocrx_word' id='word_1_509' title='bbox 1619 430 1720 464; x_wconf 88' lang='lat' dir='ltr'>vestra</span> <span class='ocrx_word' id='word_1_510' title='bbox 1743 432 1875 476; x_wconf 85' lang='lat' dir='ltr'>rependi</span> <span class='ocrx_word' id='word_1_511' title='bbox 1899 437 2089 474; x_wconf 77' lang='lat' dir='ltr'>vicissitudi.</span> 
     </span>
     <span class='ocr_line' id='line_1_73' title="bbox 1149 477 2085 526; baseline 0.005 -14"><span class='ocrx_word' id='word_1_512' title='bbox 1149 489 1224 514; x_wconf 90' lang='lat' dir='ltr'>nem</span> <span class='ocrx_word' id='word_1_513' title='bbox 1238 477 1365 521; x_wconf 82' lang='lat' dir='ltr'>pietatis</span> <span class='ocrx_word' id='word_1_514' title='bbox 1379 504 1386 511; x_wconf 89' lang='lat'><em>.</em></span> <span class='ocrx_word' id='word_1_515' title='bbox 1415 480 1488 514; x_wconf 87' lang='lat' dir='ltr'>Nec</span> <span class='ocrx_word' id='word_1_516' title='bbox 1498 479 1595 514; x_wconf 83' lang='lat' dir='ltr'>stabit</span> <span class='ocrx_word' id='word_1_517' title='bbox 1612 491 1667 523; x_wconf 90' lang='lat' dir='ltr'>per</span> <span class='ocrx_word' id='word_1_518' title='bbox 1689 492 1769 522; x_wconf 89' lang='lat' dir='ltr'>nos,</span> <span class='ocrx_word' id='word_1_519' title='bbox 1795 482 1877 526; x_wconf 89' lang='lat' dir='ltr'>quin</span> <span class='ocrx_word' id='word_1_520' title='bbox 1900 483 2029 520; x_wconf 85' lang='lat' dir='ltr'>solliciti</span> <span class='ocrx_word' id='word_1_521' title='bbox 2050 489 2085 522; x_wconf 90' lang='lat' dir='ltr'>si.</span> 
     </span>
     <span class='ocr_line' id='line_1_74' title="bbox 1149 529 2087 575; baseline 0.007 -12"><span class='ocrx_word' id='word_1_522' title='bbox 1149 540 1221 563; x_wconf 90' lang='lat' dir='ltr'>mus</span> <span class='ocrx_word' id='word_1_523' title='bbox 1232 530 1349 564; x_wconf 89' lang='lat' dir='ltr'>servare</span> <span class='ocrx_word' id='word_1_524' title='bbox 1370 529 1535 564; x_wconf 88' lang='lat' dir='ltr'>vobiscum</span> <span class='ocrx_word' id='word_1_525' title='bbox 1559 531 1719 564; x_wconf 87' lang='lat' dir='ltr'>unitatem</span> <span class='ocrx_word' id='word_1_526' title='bbox 1742 532 1882 575; x_wconf 87' lang='lat' dir='ltr'>Spiritus</span> <span class='ocrx_word' id='word_1_527' title='bbox 1902 533 1936 567; x_wconf 88' lang='lat' dir='ltr'>in</span> <span class='ocrx_word' id='word_1_528' title='bbox 1953 535 2087 571; x_wconf 89' lang='lat' dir='ltr'>vinculo</span> 
     </span>
     <span class='ocr_line' id='line_1_75' title="bbox 1148 579 2088 627; baseline 0.004 -13"><span class='ocrx_word' id='word_1_529' title='bbox 1148 579 1234 623; x_wconf 83' lang='lat' dir='ltr'>pacis</span> <span class='ocrx_word' id='word_1_530' title='bbox 1248 604 1255 611; x_wconf 93' lang='lat'>.</span> <span class='ocrx_word' id='word_1_531' title='bbox 1282 580 1325 614; x_wconf 81' lang='lat' dir='ltr'>Et</span> <span class='ocrx_word' id='word_1_532' title='bbox 1337 579 1413 614; x_wconf 76' lang='lat' dir='ltr'>licet</span> <span class='ocrx_word' id='word_1_533' title='bbox 1422 580 1520 614; x_wconf 85' lang='lat' dir='ltr'>fimus</span> <span class='ocrx_word' id='word_1_534' title='bbox 1535 580 1657 615; x_wconf 83' lang='lat' dir='ltr'>Exules</span> <span class='ocrx_word' id='word_1_535' title='bbox 1669 581 1701 614; x_wconf 77' lang='grc' dir='ltr'>δε</span> <span class='ocrx_word' id='word_1_536' title='bbox 1716 581 1883 625; x_wconf 84' lang='lat' dir='ltr'>proscripti</span> <span class='ocrx_word' id='word_1_537' title='bbox 1893 587 1955 627; x_wconf 73' lang='lat' dir='ltr'>pro</span> <span class='ocrx_word' id='word_1_538' title='bbox 1970 584 2088 618; x_wconf 89' lang='lat' dir='ltr'>Domi-</span> 
     </span>
     <span class='ocr_line' id='line_1_76' title="bbox 1148 630 2089 678; baseline 0.006 -15"><span class='ocrx_word' id='word_1_539' title='bbox 1148 641 1194 664; x_wconf 91' lang='lat' dir='ltr'>no</span> <span class='ocrx_word' id='word_1_540' title='bbox 1207 654 1219 670; x_wconf 95' lang='lat'>,</span> <span class='ocrx_word' id='word_1_541' title='bbox 1246 631 1405 673; x_wconf 84' lang='lat' dir='ltr'>speramus</span> <span class='ocrx_word' id='word_1_542' title='bbox 1419 631 1494 674; x_wconf 89' lang='lat' dir='ltr'>quia</span> <span class='ocrx_word' id='word_1_543' title='bbox 1512 655 1523 672; x_wconf 87' lang='lat'>,</span> <span class='ocrx_word' id='word_1_544' title='bbox 1543 630 1603 664; x_wconf 90' lang='lat' dir='ltr'>illo</span> <span class='ocrx_word' id='word_1_545' title='bbox 1625 632 1824 674; x_wconf 83' lang='lat' dir='ltr'>propitiante</span> <span class='ocrx_word' id='word_1_546' title='bbox 1835 643 1893 675; x_wconf 88' lang='lat' dir='ltr'>pro</span> <span class='ocrx_word' id='word_1_547' title='bbox 1909 645 1977 677; x_wconf 92' lang='lat' dir='ltr'>quo</span> <span class='ocrx_word' id='word_1_548' title='bbox 2001 634 2089 678; x_wconf 85' lang='lat' dir='ltr'>pati-</span> 
     </span>
     <span class='ocr_line' id='line_1_77' title="bbox 1148 678 2089 723; baseline 0.006 -10"><span class='ocrx_word' id='word_1_549' title='bbox 1148 690 1239 719; x_wconf 89' lang='lat' dir='ltr'>mur,</span> <span class='ocrx_word' id='word_1_550' title='bbox 1271 678 1363 713; x_wconf 89' lang='lat' dir='ltr'>vobis</span> <span class='ocrx_word' id='word_1_551' title='bbox 1373 681 1553 723; x_wconf 83' lang='lat' dir='ltr'>poterimus</span> <span class='ocrx_word' id='word_1_552' title='bbox 1565 680 1709 723; x_wconf 87' lang='lat' dir='ltr'>obsequii</span> <span class='ocrx_word' id='word_1_553' title='bbox 1729 681 1834 715; x_wconf 90' lang='lat' dir='ltr'>vicem</span> <span class='ocrx_word' id='word_1_554' title='bbox 1845 683 1959 717; x_wconf 84' lang='lat' dir='ltr'>referre</span> <span class='ocrx_word' id='word_1_555' title='bbox 1971 684 2004 717; x_wconf 92' lang='lat' dir='ltr'>in</span> <span class='ocrx_word' id='word_1_556' title='bbox 2019 685 2089 720; x_wconf 88' lang='lat' dir='ltr'>Do·</span> 
     </span>
     <span class='ocr_line' id='line_1_78' title="bbox 1147 727 2089 777; baseline 0.004 -13"><span class='ocrx_word' id='word_1_557' title='bbox 1147 730 1258 764; x_wconf 82' lang='lat' dir='ltr'>mino.</span> <span class='ocrx_word' id='word_1_558' title='bbox 1287 727 1488 773; x_wconf 85' lang='lat' dir='ltr'>Percipimus</span> <span class='ocrx_word' id='word_1_559' title='bbox 1499 741 1605 764; x_wconf 85' lang='lat' dir='ltr'>autem</span> <span class='ocrx_word' id='word_1_560' title='bbox 1615 731 1755 765; x_wconf 86' lang='lat' dir='ltr'>sursurrii</span> <span class='ocrx_word' id='word_1_561' title='bbox 1778 743 1896 773; x_wconf 88' lang='lat' dir='ltr'>venas,</span> <span class='ocrx_word' id='word_1_562' title='bbox 1923 733 2011 777; x_wconf 88' lang='lat' dir='ltr'>quod</span> <span class='ocrx_word' id='word_1_563' title='bbox 2027 735 2089 767; x_wconf 86' lang='lat' dir='ltr'>sin·</span> 
     </span>
     <span class='ocr_line' id='line_1_79' title="bbox 1147 779 2089 824; baseline 0.004 -10"><span class='ocrx_word' id='word_1_564' title='bbox 1147 779 1312 814; x_wconf 84' lang='lat' dir='ltr'>ceritatem</span> <span class='ocrx_word' id='word_1_565' title='bbox 1324 779 1457 814; x_wconf 81' lang='lat' dir='ltr'>vestram</span> <span class='ocrx_word' id='word_1_566' title='bbox 1469 781 1601 824; x_wconf 88' lang='lat' dir='ltr'>quidam</span> <span class='ocrx_word' id='word_1_567' title='bbox 1613 782 1646 815; x_wconf 88' lang='lat' dir='ltr'>in</span> <span class='ocrx_word' id='word_1_568' title='bbox 1661 780 2089 824; x_wconf 84' lang='lat' dir='ltr'>injuriamS.Cantuariensis</span> 
     </span>
     <span class='ocr_line' id='line_1_80' title="bbox 1149 829 2088 873; baseline 0.006 -10"><span class='ocrx_word' id='word_1_569' title='bbox 1149 829 1295 863; x_wconf 84' lang='lat' dir='ltr'>Ecclesiae</span> <span class='ocrx_word' id='word_1_570' title='bbox 1306 830 1494 864; x_wconf 87' lang='lat' dir='ltr'>animare&amp;</span> <span class='ocrx_word' id='word_1_571' title='bbox 1516 841 1637 865; x_wconf 87' lang='lat' dir='ltr'>armare</span> <span class='ocrx_word' id='word_1_572' title='bbox 1656 832 1828 873; x_wconf 88' lang='lat' dir='ltr'>nituntur,</span> <span class='ocrx_word' id='word_1_573' title='bbox 1856 843 1892 866; x_wconf 90' lang='lat' dir='ltr'>ut</span> <span class='ocrx_word' id='word_1_574' title='bbox 1916 834 1987 868; x_wconf 81' lang='lat' dir='ltr'>filio</span> <span class='ocrx_word' id='word_1_575' title='bbox 2010 834 2088 868; x_wconf 90' lang='lat' dir='ltr'>Do·</span> 
     </span>
     <span class='ocr_line' id='line_1_81' title="bbox 1148 878 2089 927; baseline 0.005 -13"><span class='ocrx_word' id='word_1_576' title='bbox 1148 879 1231 914; x_wconf 88' lang='lat' dir='ltr'>mini</span> <span class='ocrx_word' id='word_1_577' title='bbox 1255 878 1379 924; x_wconf 77' lang='lat' dir='ltr'>Regis,</span> <span class='ocrx_word' id='word_1_578' title='bbox 1405 880 1496 923; x_wconf 82' lang='lat' dir='ltr'>cujus</span> <span class='ocrx_word' id='word_1_579' title='bbox 1508 882 1574 915; x_wconf 87' lang='lat' dir='ltr'>vias</span> <span class='ocrx_word' id='word_1_580' title='bbox 1587 883 1679 916; x_wconf 87' lang='lat' dir='ltr'>Deus</span> <span class='ocrx_word' id='word_1_581' title='bbox 1689 880 1808 927; x_wconf 85' lang='lat' dir='ltr'>dirigat</span> <span class='ocrx_word' id='word_1_582' title='bbox 1821 882 1855 915; x_wconf 89' lang='lat' dir='ltr'>in</span> <span class='ocrx_word' id='word_1_583' title='bbox 1875 882 2089 927; x_wconf 82' lang='lat' dir='ltr'>Beneplacito</span> 
     </span>
     <span class='ocr_line' id='line_1_82' title="bbox 1149 927 2089 978; baseline 0.006 -16"><span class='ocrx_word' id='word_1_584' title='bbox 1149 931 1229 969; x_wconf 89' lang='lat' dir='ltr'>suo,</span> <span class='ocrx_word' id='word_1_585' title='bbox 1255 927 1589 973; x_wconf 81' lang='lat' dir='ltr'>diademaimponatis</span> <span class='ocrx_word' id='word_1_586' title='bbox 1606 956 1617 972; x_wconf 92' lang='lat'>,</span> <span class='ocrx_word' id='word_1_587' title='bbox 1643 931 1791 976; x_wconf 80' lang='lat' dir='ltr'>&amp;ipsum</span> <span class='ocrx_word' id='word_1_588' title='bbox 1812 942 1927 968; x_wconf 86' lang='lat' dir='ltr'>contra</span> <span class='ocrx_word' id='word_1_589' title='bbox 1950 935 1997 968; x_wconf 83' lang='lat' dir='ltr'>fas</span> <span class='ocrx_word' id='word_1_590' title='bbox 2018 945 2089 978; x_wconf 70' lang='lat' dir='ltr'>pro-</span> 
     </span>
     <span class='ocr_line' id='line_1_83' title="bbox 1150 979 2090 1029; baseline 0.007 -17"><span class='ocrx_word' id='word_1_591' title='bbox 1150 980 1308 1014; x_wconf 86' lang='lat' dir='ltr'>moveatis</span> <span class='ocrx_word' id='word_1_592' title='bbox 1319 980 1353 1013; x_wconf 90' lang='lat' dir='ltr'>in</span> <span class='ocrx_word' id='word_1_593' title='bbox 1366 979 1494 1025; x_wconf 88' lang='lat' dir='ltr'>Regem</span> <span class='ocrx_word' id='word_1_594' title='bbox 1507 1008 1514 1013; x_wconf 87' lang='lat'>.</span> <span class='ocrx_word' id='word_1_595' title='bbox 1542 982 1643 1029; x_wconf 75' lang='lat' dir='ltr'>Qiod</span> <span class='ocrx_word' id='word_1_596' title='bbox 1655 983 1730 1024; x_wconf 89' lang='lat' dir='ltr'>quia</span> <span class='ocrx_word' id='word_1_597' title='bbox 1753 992 1867 1017; x_wconf 88' lang='lat' dir='ltr'>contra</span> <span class='ocrx_word' id='word_1_598' title='bbox 1891 983 2090 1029; x_wconf 81' lang='lat' dir='ltr'>dignitatern</span> 
     </span>
     <span class='ocr_line' id='line_1_84' title="bbox 1151 1029 2101 1078; baseline 0.004 -14"><span class='ocrx_word' id='word_1_599' title='bbox 1151 1029 1389 1064; x_wconf 85' lang='lat' dir='ltr'>Cantuatiensis</span> <span class='ocrx_word' id='word_1_600' title='bbox 1402 1030 1571 1072; x_wconf 88' lang='lat' dir='ltr'>Ecclesiae,</span> <span class='ocrx_word' id='word_1_601' title='bbox 1598 1032 1621 1065; x_wconf 87' lang='lat' dir='ltr'>si</span> <span class='ocrx_word' id='word_1_602' title='bbox 1647 1031 1750 1073; x_wconf 75' lang='lat' dir='ltr'>forte,</span> <span class='ocrx_word' id='word_1_603' title='bbox 1777 1031 1867 1077; x_wconf 87' lang='lat' dir='ltr'>quod</span> <span class='ocrx_word' id='word_1_604' title='bbox 1887 1033 1990 1075; x_wconf 83' lang='lat' dir='ltr'>absit,</span> <span class='ocrx_word' id='word_1_605' title='bbox 2018 1038 2101 1078; x_wconf 50' lang='lat' dir='ltr'>praei</span> 
     </span>
     <span class='ocr_line' id='line_1_85' title="bbox 1151 1079 2089 1124; baseline 0.005 -11"><span class='ocrx_word' id='word_1_606' title='bbox 1151 1079 1328 1114; x_wconf 82' lang='lat' dir='ltr'>sumeretur</span> <span class='ocrx_word' id='word_1_607' title='bbox 1351 1102 1362 1119; x_wconf 91' lang='lat'>,</span> <span class='ocrx_word' id='word_1_608' title='bbox 1393 1081 1457 1115; x_wconf 78' lang='lat' dir='ltr'>effe</span> <span class='ocrx_word' id='word_1_609' title='bbox 1478 1082 1731 1116; x_wconf 73' lang='lat' dir='ltr'>manifestissime</span> <span class='ocrx_word' id='word_1_610' title='bbox 1748 1083 1894 1124; x_wconf 83' lang='lat' dir='ltr'>constat,</span> <span class='ocrx_word' id='word_1_611' title='bbox 1935 1083 2000 1118; x_wconf 89' lang='lat' dir='ltr'>hoc</span> <span class='ocrx_word' id='word_1_612' title='bbox 2020 1094 2089 1118; x_wconf 90' lang='lat' dir='ltr'>tam</span> 
     </span>
    </p>
   </div>
   <div class='ocr_carea' id='block_1_12' title="bbox 1135 1129 2088 1177">
    <p class='ocr_par' dir='ltr' id='par_1_14' title="bbox 1135 1129 2088 1177">
     <span class='ocr_line' id='line_1_86' title="bbox 1135 1129 2088 1177; baseline 0.006 -15"><span class='ocrx_word' id='word_1_613' title='bbox 1135 1129 1248 1165; x_wconf 75' lang='lat' dir='ltr'>=vobis</span> <span class='ocrx_word' id='word_1_614' title='bbox 1268 1130 1364 1172; x_wconf 73' lang='lat' dir='ltr'>quarn</span> <span class='ocrx_word' id='word_1_615' title='bbox 1385 1131 1540 1165; x_wconf 84' lang='lat' dir='ltr'>omnibus</span> <span class='ocrx_word' id='word_1_616' title='bbox 1570 1133 1738 1176; x_wconf 87' lang='lat' dir='ltr'>Episcopis</span> <span class='ocrx_word' id='word_1_617' title='bbox 1759 1131 1893 1177; x_wconf 83' lang='lat' dir='ltr'>Angliae</span> <span class='ocrx_word' id='word_1_618' title='bbox 1918 1134 2088 1168; x_wconf 85' lang='lat' dir='ltr'>Dominus</span> 
     </span>
    </p>
   </div>
   <div class='ocr_carea' id='block_1_13' title="bbox 1148 1178 2097 1619">
    <p class='ocr_par' dir='ltr' id='par_1_15' title="bbox 1148 1178 2097 1619">
     <span class='ocr_line' id='line_1_87' title="bbox 1148 1178 2092 1226; baseline 0.003 -12"><span class='ocrx_word' id='word_1_619' title='bbox 1148 1178 1261 1222; x_wconf 82' lang='lat' dir='ltr'>Papa,</span> <span class='ocrx_word' id='word_1_620' title='bbox 1288 1180 1366 1214; x_wconf 73' lang='lat' dir='ltr'>sicut</span> <span class='ocrx_word' id='word_1_621' title='bbox 1377 1191 1417 1214; x_wconf 84' lang='lat' dir='ltr'>ex</span> <span class='ocrx_word' id='word_1_622' title='bbox 1438 1181 1556 1215; x_wconf 86' lang='lat' dir='ltr'>litteris</span> <span class='ocrx_word' id='word_1_623' title='bbox 1574 1182 1657 1225; x_wconf 81' lang='lat' dir='ltr'>ejus,</span> <span class='ocrx_word' id='word_1_624' title='bbox 1686 1193 1765 1226; x_wconf 88' lang='lat' dir='ltr'>quas</span> <span class='ocrx_word' id='word_1_625' title='bbox 1787 1183 1883 1219; x_wconf 85' lang='lat' dir='ltr'>vobis</span> <span class='ocrx_word' id='word_1_626' title='bbox 1901 1184 2092 1218; x_wconf 86' lang='lat' dir='ltr'>transmitti-</span> 
     </span>
     <span class='ocr_line' id='line_1_88' title="bbox 1154 1230 2090 1275; baseline 0.006 -14"><span class='ocrx_word' id='word_1_627' title='bbox 1154 1239 1245 1268; x_wconf 84' lang='lat' dir='ltr'>mus,</span> <span class='ocrx_word' id='word_1_628' title='bbox 1273 1230 1474 1272; x_wconf 87' lang='lat' dir='ltr'>perspicuum</span> <span class='ocrx_word' id='word_1_629' title='bbox 1493 1233 1561 1271; x_wconf 85' lang='lat' dir='ltr'>est,</span> <span class='ocrx_word' id='word_1_630' title='bbox 1587 1232 1770 1267; x_wconf 86' lang='lat' dir='ltr'>interdicit:</span> <span class='ocrx_word' id='word_1_631' title='bbox 1796 1235 1831 1268; x_wconf 74' lang='grc' dir='ltr'>δε</span> <span class='ocrx_word' id='word_1_632' title='bbox 1854 1244 1915 1267; x_wconf 86' lang='lat' dir='ltr'>nos</span> <span class='ocrx_word' id='word_1_633' title='bbox 1931 1258 1944 1275; x_wconf 88' lang='lat'><em>‚</em></span> <span class='ocrx_word' id='word_1_634' title='bbox 1969 1243 2010 1266; x_wconf 88' lang='lat' dir='ltr'>ne</span> <span class='ocrx_word' id='word_1_635' title='bbox 2046 1233 2090 1267; x_wconf 83' lang='lat' dir='ltr'>ab</span> 
     </span>
     <span class='ocr_line' id='line_1_89' title="bbox 1152 1276 2092 1326; baseline 0.006 -17"><span class='ocrx_word' id='word_1_636' title='bbox 1152 1276 1265 1320; x_wconf 83' lang='lat' dir='ltr'>aliquo</span> <span class='ocrx_word' id='word_1_637' title='bbox 1285 1286 1482 1316; x_wconf 83' lang='lat' dir='ltr'>attentetur,</span> <span class='ocrx_word' id='word_1_638' title='bbox 1508 1280 1708 1314; x_wconf 83' lang='lat' dir='ltr'>authoritate</span> <span class='ocrx_word' id='word_1_639' title='bbox 1730 1282 1923 1323; x_wconf 84' lang='lat' dir='ltr'>Apostolica</span> <span class='ocrx_word' id='word_1_640' title='bbox 1943 1281 2092 1326; x_wconf 89' lang='lat' dir='ltr'>prohibe-</span> 
     </span>
     <span class='ocr_line' id='line_1_90' title="bbox 1153 1325 2093 1369; baseline 0.006 -10"><span class='ocrx_word' id='word_1_641' title='bbox 1153 1336 1246 1364; x_wconf 86' lang='lat' dir='ltr'>mus,</span> <span class='ocrx_word' id='word_1_642' title='bbox 1271 1326 1365 1369; x_wconf 88' lang='lat' dir='ltr'>super</span> <span class='ocrx_word' id='word_1_643' title='bbox 1374 1325 1440 1360; x_wconf 89' lang='lat' dir='ltr'>hoc</span> <span class='ocrx_word' id='word_1_644' title='bbox 1455 1325 1606 1361; x_wconf 77' lang='lat' dir='ltr'>adversus</span> <span class='ocrx_word' id='word_1_645' title='bbox 1617 1338 1751 1361; x_wconf 85' lang='lat' dir='ltr'>omnem</span> <span class='ocrx_word' id='word_1_646' title='bbox 1764 1332 1908 1363; x_wconf 83' lang='lat' dir='ltr'>animam</span> <span class='ocrx_word' id='word_1_647' title='bbox 1932 1330 1997 1364; x_wconf 84' lang='lat' dir='ltr'>hoc</span> <span class='ocrx_word' id='word_1_648' title='bbox 2022 1342 2093 1365; x_wconf 87' lang='lat' dir='ltr'>mo-</span> 
     </span>
     <span class='ocr_line' id='line_1_91' title="bbox 1154 1375 2097 1424; baseline 0.007 -16"><span class='ocrx_word' id='word_1_649' title='bbox 1154 1375 1288 1409; x_wconf 86' lang='lat' dir='ltr'>lientem</span> <span class='ocrx_word' id='word_1_650' title='bbox 1301 1375 1522 1419; x_wconf 87' lang='lat' dir='ltr'>appellantes,</span> <span class='ocrx_word' id='word_1_651' title='bbox 1548 1376 1700 1421; x_wconf 85' lang='lat' dir='ltr'>diemque</span> <span class='ocrx_word' id='word_1_652' title='bbox 1724 1379 1918 1424; x_wconf 71' lang='lat' dir='ltr'>praefigimus</span> <span class='ocrx_word' id='word_1_653' title='bbox 1938 1380 2097 1415; x_wconf 70' lang='lat' dir='ltr'>Purifica-</span> 
     </span>
     <span class='ocr_line' id='line_1_92' title="bbox 1154 1425 2093 1472; baseline 0.006 -14"><span class='ocrx_word' id='word_1_654' title='bbox 1154 1425 1279 1459; x_wconf 89' lang='lat' dir='ltr'>tionem</span> <span class='ocrx_word' id='word_1_655' title='bbox 1291 1426 1322 1459; x_wconf 91' lang='lat' dir='ltr'>S.</span> <span class='ocrx_word' id='word_1_656' title='bbox 1342 1425 1467 1458; x_wconf 75' lang='lat' dir='ltr'>Mariae.</span> <span class='ocrx_word' id='word_1_657' title='bbox 1504 1425 1548 1459; x_wconf 87' lang='lat' dir='ltr'>Et</span> <span class='ocrx_word' id='word_1_658' title='bbox 1570 1437 1611 1460; x_wconf 85' lang='lat' dir='ltr'>ne</span> <span class='ocrx_word' id='word_1_659' title='bbox 1631 1426 1704 1468; x_wconf 82' lang='lat' dir='ltr'>quis</span> <span class='ocrx_word' id='word_1_660' title='bbox 1725 1439 1838 1463; x_wconf 79' lang='lat' dir='ltr'>eorum</span> <span class='ocrx_word' id='word_1_661' title='bbox 1856 1452 1867 1468; x_wconf 91' lang='lat'>,</span> <span class='ocrx_word' id='word_1_662' title='bbox 1894 1430 1949 1472; x_wconf 91' lang='lat' dir='ltr'>qui</span> <span class='ocrx_word' id='word_1_663' title='bbox 1970 1431 2093 1472; x_wconf 87' lang='lat' dir='ltr'>jurisdi-</span> 
     </span>
     <span class='ocr_line' id='line_1_93' title="bbox 1153 1473 2093 1522; baseline 0.006 -14"><span class='ocrx_word' id='word_1_664' title='bbox 1153 1474 1253 1508; x_wconf 65' lang='lat' dir='ltr'>ctioni</span> <span class='ocrx_word' id='word_1_665' title='bbox 1265 1474 1380 1507; x_wconf 84' lang='lat' dir='ltr'>nostrae</span> <span class='ocrx_word' id='word_1_666' title='bbox 1390 1473 1642 1517; x_wconf 88' lang='lat' dir='ltr'>Metropolitico</span> <span class='ocrx_word' id='word_1_667' title='bbox 1661 1485 1717 1508; x_wconf 86' lang='lat' dir='ltr'>aut</span> <span class='ocrx_word' id='word_1_668' title='bbox 1731 1476 2003 1522; x_wconf 84' lang='lat' dir='ltr'>Legationisjure</span> <span class='ocrx_word' id='word_1_669' title='bbox 2023 1479 2093 1514; x_wconf 89' lang='lat' dir='ltr'>sub-</span> 
     </span>
     <span class='ocr_line' id='line_1_94' title="bbox 1155 1522 2096 1567; baseline 0.011 -12"><span class='ocrx_word' id='word_1_670' title='bbox 1155 1523 1226 1567; x_wconf 68' lang='lat' dir='ltr'>jecti</span> <span class='ocrx_word' id='word_1_671' title='bbox 1239 1524 1333 1563; x_wconf 89' lang='lat' dir='ltr'>sunt,</span> <span class='ocrx_word' id='word_1_672' title='bbox 1360 1522 1439 1557; x_wconf 88' lang='lat' dir='ltr'>huic</span> <span class='ocrx_word' id='word_1_673' title='bbox 1459 1524 1633 1559; x_wconf 84' lang='lat' dir='ltr'>temeritati</span> <span class='ocrx_word' id='word_1_674' title='bbox 1652 1522 1800 1566; x_wconf 81' lang='lat' dir='ltr'>adsistat,</span> <span class='ocrx_word' id='word_1_675' title='bbox 1826 1527 1860 1564; x_wconf 88' lang='lat' dir='ltr'>in</span> <span class='ocrx_word' id='word_1_676' title='bbox 1885 1528 2003 1562; x_wconf 90' lang='lat' dir='ltr'>virtute</span> <span class='ocrx_word' id='word_1_677' title='bbox 2018 1530 2096 1564; x_wconf 88' lang='lat' dir='ltr'>obe-</span> 
     </span>
     <span class='ocr_line' id='line_1_95' title="bbox 1155 1571 2017 1619; baseline 0.005 -11"><span class='ocrx_word' id='word_1_678' title='bbox 1155 1573 1304 1614; x_wconf 83' lang='lat' dir='ltr'>dientiae,</span> <span class='ocrx_word' id='word_1_679' title='bbox 1329 1571 1648 1609; x_wconf 85' lang='lat' dir='ltr'>&amp;sub-anathemate</span> <span class='ocrx_word' id='word_1_680' title='bbox 1656 1572 1789 1619; x_wconf 77' lang='lat' dir='ltr'>penitus</span> <span class='ocrx_word' id='word_1_681' title='bbox 1808 1576 2017 1612; x_wconf 87' lang='lat' dir='ltr'>inhibemus.</span> 
     </span>
    </p>
   </div>
   <div class='ocr_carea' id='block_1_14' title="bbox 1306 1655 1968 1712">
    <p class='ocr_par' dir='ltr' id='par_1_16' title="bbox 1306 1655 1968 1712">
     <span class='ocr_line' id='line_1_96' title="bbox 1306 1655 1968 1712; baseline 0.005 -5"><span class='ocrx_word' id='word_1_682' title='bbox 1306 1672 1713 1708; x_wconf 74' lang='lat' dir='ltr'>EptsToLA</span> <span class='ocrx_word' id='word_1_683' title='bbox 1803 1655 1968 1712; x_wconf 57' lang='lat' dir='ltr'>vanſj</span> 
     </span>
    </p>
   </div>
   <div class='ocr_carea' id='block_1_15' title="bbox 1183 1768 2081 1923">
    <p class='ocr_par' dir='ltr' id='par_1_17' title="bbox 1183 1768 2081 1923">
     <span class='ocr_line' id='line_1_97' title="bbox 1183 1768 2081 1816; baseline 0.008 -11"><span class='ocrx_word' id='word_1_684' title='bbox 1183 1772 1312 1805; x_wconf 79' lang='lat' dir='ltr'>Thomas</span> <span class='ocrx_word' id='word_1_685' title='bbox 1327 1768 1549 1812; x_wconf 74' lang='lat' dir='ltr'>Camuarienfis</span> <span class='ocrx_word' id='word_1_686' title='bbox 1572 1770 1659 1805; x_wconf 76' lang='lat' dir='ltr'>Archi</span> <span class='ocrx_word' id='word_1_687' title='bbox 1672 1791 1682 1798; x_wconf 95' lang='lat'>-</span> <span class='ocrx_word' id='word_1_688' title='bbox 1696 1772 1861 1816; x_wconf 75' lang='lat' dir='ltr'>Episcopus</span> <span class='ocrx_word' id='word_1_689' title='bbox 1884 1777 2022 1811; x_wconf 76' lang='lat' dir='ltr'>omnibus</span> <span class='ocrx_word' id='word_1_690' title='bbox 2045 1783 2081 1812; x_wconf 71' lang='lat' dir='ltr'>m</span> 
     </span>
     <span class='ocr_line' id='line_1_98' title="bbox 1259 1820 1990 1866; baseline 0.008 -12"><span class='ocrx_word' id='word_1_691' title='bbox 1259 1822 1366 1866; x_wconf 77' lang='lat' dir='ltr'>Anglia</span> <span class='ocrx_word' id='word_1_692' title='bbox 1388 1820 1548 1860; x_wconf 72' lang='lat' dir='ltr'>constitum</span> <span class='ocrx_word' id='word_1_693' title='bbox 1571 1844 1582 1860; x_wconf 93' lang='lat'>,</span> <span class='ocrx_word' id='word_1_694' title='bbox 1615 1827 1668 1864; x_wconf 77' lang='lat' dir='ltr'>qui</span> <span class='ocrx_word' id='word_1_695' title='bbox 1695 1833 1797 1856; x_wconf 85' lang='lat' dir='ltr'>eontra</span> <span class='ocrx_word' id='word_1_696' title='bbox 1827 1828 1990 1860; x_wconf 86' lang='lat' dir='ltr'>Dominum</span> 
     </span>
     <span class='ocr_line' id='line_1_99' title="bbox 1362 1871 1928 1923; baseline 0.011 -19"><span class='ocrx_word' id='word_1_697' title='bbox 1362 1873 1481 1923; x_wconf 57' lang='lat' dir='ltr'>i’apdm</span> <span class='ocrx_word' id='word_1_698' title='bbox 1501 1871 1706 1906; x_wconf 77' lang='lat' dir='ltr'>Alexandrum</span> <span class='ocrx_word' id='word_1_699' title='bbox 1721 1874 1907 1914; x_wconf 71' lang='lat' dir='ltr'>juraverunt</span> <span class='ocrx_word' id='word_1_700' title='bbox 1918 1901 1928 1909; x_wconf 81' lang='grc'><strong>.</strong></span> 
     </span>
    </p>
   </div>
   <div class='ocr_carea' id='block_1_16' title="bbox 1161 1970 2104 2468">
    <p class='ocr_par' dir='ltr' id='par_1_18' title="bbox 1161 1970 2104 2468">
     <span class='ocr_line' id='line_1_100' title="bbox 1164 1970 2102 2056; baseline 0.012 -51"><span class='ocrx_word' id='word_1_701' title='bbox 1164 1970 1382 2056; x_wconf 77' lang='lat' dir='ltr'>SCIATIS</span> <span class='ocrx_word' id='word_1_702' title='bbox 1405 1972 1602 2016; x_wconf 74' lang='lat' dir='ltr'>charisrimi,</span> <span class='ocrx_word' id='word_1_703' title='bbox 1631 1974 1719 2020; x_wconf 88' lang='lat' dir='ltr'>quod</span> <span class='ocrx_word' id='word_1_704' title='bbox 1736 1988 1777 2011; x_wconf 83' lang='lat' dir='ltr'>ex</span> <span class='ocrx_word' id='word_1_705' title='bbox 1790 1978 1893 2013; x_wconf 88' lang='lat' dir='ltr'>multa</span> <span class='ocrx_word' id='word_1_706' title='bbox 1914 1979 2102 2016; x_wconf 78' lang='lat' dir='ltr'>tribulatio·</span> 
     </span>
     <span class='ocr_line' id='line_1_101' title="bbox 1248 2022 2099 2074; baseline 0.014 -20"><span class='ocrx_word' id='word_1_707' title='bbox 1248 2022 1332 2056; x_wconf 88' lang='lat' dir='ltr'>ne&amp;</span> <span class='ocrx_word' id='word_1_708' title='bbox 1351 2023 1500 2067; x_wconf 82' lang='lat' dir='ltr'>angustia</span> <span class='ocrx_word' id='word_1_709' title='bbox 1523 2025 1630 2060; x_wconf 85' lang='lat' dir='ltr'>cordis</span> <span class='ocrx_word' id='word_1_710' title='bbox 1652 2027 1846 2070; x_wconf 75' lang='lat' dir='ltr'>scripsimus,</span> <span class='ocrx_word' id='word_1_711' title='bbox 1877 2041 1945 2063; x_wconf 90' lang='lat' dir='ltr'>non</span> <span class='ocrx_word' id='word_1_712' title='bbox 1964 2030 2099 2074; x_wconf 78' lang='lat' dir='ltr'>quidem</span> 
     </span>
     <span class='ocr_line' id='line_1_102' title="bbox 1162 2073 2101 2123; baseline 0.012 -19"><span class='ocrx_word' id='word_1_713' title='bbox 1162 2081 1198 2105; x_wconf 87' lang='lat' dir='ltr'>ut</span> <span class='ocrx_word' id='word_1_714' title='bbox 1212 2082 1270 2105; x_wconf 89' lang='lat' dir='ltr'>vos</span> <span class='ocrx_word' id='word_1_715' title='bbox 1280 2073 1510 2108; x_wconf 89' lang='lat' dir='ltr'>contristemus</span> <span class='ocrx_word' id='word_1_716' title='bbox 1523 2100 1533 2115; x_wconf 90' lang='lat'>‚</span> <span class='ocrx_word' id='word_1_717' title='bbox 1560 2075 1612 2110; x_wconf 88' lang='lat' dir='ltr'>sed</span> <span class='ocrx_word' id='word_1_718' title='bbox 1626 2086 1661 2110; x_wconf 91' lang='lat' dir='ltr'>ut</span> <span class='ocrx_word' id='word_1_719' title='bbox 1673 2076 1865 2122; x_wconf 81' lang='lat' dir='ltr'>intelligatis</span> <span class='ocrx_word' id='word_1_720' title='bbox 1877 2104 1887 2120; x_wconf 94' lang='lat'>,</span> <span class='ocrx_word' id='word_1_721' title='bbox 1914 2091 2012 2123; x_wconf 86' lang='lat' dir='ltr'>quam</span> <span class='ocrx_word' id='word_1_722' title='bbox 2025 2081 2101 2115; x_wconf 89' lang='lat' dir='ltr'>cha-</span> 
     </span>
     <span class='ocr_line' id='line_1_103' title="bbox 1161 2121 2101 2178; baseline 0.012 -24"><span class='ocrx_word' id='word_1_723' title='bbox 1161 2122 1291 2178; x_wconf 74' lang='lat' dir='ltr'>ritatem</span> <span class='ocrx_word' id='word_1_724' title='bbox 1328 2121 1508 2158; x_wconf 82' lang='lat' dir='ltr'>habeamus</span> <span class='ocrx_word' id='word_1_725' title='bbox 1544 2125 1765 2162; x_wconf 72' lang='lat' dir='ltr'>abundantius</span> <span class='ocrx_word' id='word_1_726' title='bbox 1786 2129 1821 2162; x_wconf 91' lang='lat' dir='ltr'>in</span> <span class='ocrx_word' id='word_1_727' title='bbox 1846 2129 1957 2164; x_wconf 87' lang='lat' dir='ltr'>vobis.</span> <span class='ocrx_word' id='word_1_728' title='bbox 1988 2131 2101 2165; x_wconf 85' lang='lat' dir='ltr'>Testis</span> 
     </span>
     <span class='ocr_line' id='line_1_104' title="bbox 1161 2170 2103 2227; baseline 0.013 -24"><span class='ocrx_word' id='word_1_729' title='bbox 1161 2182 1250 2227; x_wconf 77' lang='lat' dir='ltr'>enirn</span> <span class='ocrx_word' id='word_1_730' title='bbox 1263 2170 1347 2205; x_wconf 88' lang='lat' dir='ltr'>mihi</span> <span class='ocrx_word' id='word_1_731' title='bbox 1356 2172 1402 2207; x_wconf 85' lang='lat' dir='ltr'>est</span> <span class='ocrx_word' id='word_1_732' title='bbox 1417 2175 1508 2208; x_wconf 88' lang='lat' dir='ltr'>Deus</span> <span class='ocrx_word' id='word_1_733' title='bbox 1522 2198 1534 2215; x_wconf 88' lang='lat'>‚</span> <span class='ocrx_word' id='word_1_734' title='bbox 1559 2177 1729 2220; x_wconf 76' lang='lat' dir='ltr'>quomodo</span> <span class='ocrx_word' id='word_1_735' title='bbox 1739 2179 1867 2222; x_wconf 88' lang='lat' dir='ltr'>cupiam</span> <span class='ocrx_word' id='word_1_736' title='bbox 1882 2191 1942 2214; x_wconf 85' lang='lat' dir='ltr'>vos</span> <span class='ocrx_word' id='word_1_737' title='bbox 1955 2180 1989 2214; x_wconf 90' lang='lat' dir='ltr'>in</span> <span class='ocrx_word' id='word_1_738' title='bbox 2004 2181 2103 2215; x_wconf 86' lang='lat' dir='ltr'>visce-</span> 
     </span>
     <span class='ocr_line' id='line_1_105' title="bbox 1162 2219 2104 2276; baseline 0.012 -23"><span class='ocrx_word' id='word_1_739' title='bbox 1162 2219 1478 2276; x_wconf 65' lang='lat' dir='ltr'>ribusChristiJesu.</span> <span class='ocrx_word' id='word_1_740' title='bbox 1508 2224 1615 2261; x_wconf 88' lang='lat' dir='ltr'>Unde</span> <span class='ocrx_word' id='word_1_741' title='bbox 1626 2227 1792 2272; x_wconf 84' lang='lat' dir='ltr'>cognitis,</span> <span class='ocrx_word' id='word_1_742' title='bbox 1816 2240 1888 2273; x_wconf 70' lang='lat' dir='ltr'>quat</span> <span class='ocrx_word' id='word_1_743' title='bbox 1907 2240 2104 2273; x_wconf 85' lang='lat' dir='ltr'>tam-corpo-</span> 
     </span>
     <span class='ocr_line' id='line_1_106' title="bbox 1163 2270 2101 2321; baseline 0.012 -18"><span class='ocrx_word' id='word_1_744' title='bbox 1163 2270 1382 2312; x_wconf 69' lang='grc' dir='ltr'>ῐιςρῐοκιωὲ,</span> <span class='ocrx_word' id='word_1_745' title='bbox 1408 2272 1506 2315; x_wconf 67' lang='lat' dir='ltr'>quam</span> <span class='ocrx_word' id='word_1_746' title='bbox 1538 2276 1653 2310; x_wconf 76' lang='lat' dir='ltr'>anima:</span> <span class='ocrx_word' id='word_1_747' title='bbox 1688 2278 1796 2311; x_wconf 69' lang='lat' dir='ltr'>vestrm</span> <span class='ocrx_word' id='word_1_748' title='bbox 1816 2280 1983 2321; x_wconf 88' lang='lat' dir='ltr'>periculo,</span> <span class='ocrx_word' id='word_1_749' title='bbox 2007 2280 2039 2313; x_wconf 92' lang='lat'>&amp;</span> <span class='ocrx_word' id='word_1_750' title='bbox 2060 2279 2101 2314; x_wconf 85' lang='lat' dir='ltr'>ad</span> 
     </span>
     <span class='ocr_line' id='line_1_107' title="bbox 1164 2320 2100 2373; baseline 0.011 -19"><span class='ocrx_word' id='word_1_751' title='bbox 1164 2320 1257 2365; x_wconf 81' lang='lat' dir='ltr'>ipsius</span> <span class='ocrx_word' id='word_1_752' title='bbox 1266 2321 1399 2363; x_wconf 84' lang='lat' dir='ltr'>quidem</span> <span class='ocrx_word' id='word_1_753' title='bbox 1412 2322 1476 2356; x_wconf 81' lang='lat' dir='ltr'>Dei</span> <span class='ocrx_word' id='word_1_754' title='bbox 1490 2322 1641 2365; x_wconf 86' lang='lat' dir='ltr'>injuriam</span> <span class='ocrx_word' id='word_1_755' title='bbox 1663 2326 1930 2363; x_wconf 83' lang='lat' dir='ltr'>vestrisinaudita</span> <span class='ocrx_word' id='word_1_756' title='bbox 1951 2332 2100 2373; x_wconf 87' lang='lat' dir='ltr'>tempori-</span> 
     </span>
     <span class='ocr_line' id='line_1_108' title="bbox 1164 2369 2098 2419; baseline 0.013 -16"><span class='ocrx_word' id='word_1_757' title='bbox 1164 2371 1223 2405; x_wconf 81' lang='lat' dir='ltr'>bus</span> <span class='ocrx_word' id='word_1_758' title='bbox 1243 2369 1331 2414; x_wconf 86' lang='lat' dir='ltr'>gesta</span> <span class='ocrx_word' id='word_1_759' title='bbox 1365 2371 1461 2411; x_wconf 86' lang='lat' dir='ltr'>sunt,</span> <span class='ocrx_word' id='word_1_760' title='bbox 1490 2383 1558 2406; x_wconf 89' lang='lat' dir='ltr'>non</span> <span class='ocrx_word' id='word_1_761' title='bbox 1585 2375 1755 2409; x_wconf 78' lang='lat' dir='ltr'>modicum</span> <span class='ocrx_word' id='word_1_762' title='bbox 1782 2380 2035 2419; x_wconf 86' lang='lat' dir='ltr'>contristamur,</span> <span class='ocrx_word' id='word_1_763' title='bbox 2062 2382 2098 2415; x_wconf 78' lang='lat' dir='ltr'>&lt;Se</span> 
     </span>
     <span class='ocr_line' id='line_1_109' title="bbox 1164 2419 2099 2468; baseline 0.011 -15"><span class='ocrx_word' id='word_1_764' title='bbox 1164 2419 1398 2454; x_wconf 84' lang='lat' dir='ltr'>confundimur</span> <span class='ocrx_word' id='word_1_765' title='bbox 1417 2431 1547 2465; x_wconf 85' lang='lat' dir='ltr'>propter</span> <span class='ocrx_word' id='word_1_766' title='bbox 1583 2434 1641 2456; x_wconf 84' lang='lat' dir='ltr'>vos</span> <span class='ocrx_word' id='word_1_767' title='bbox 1662 2447 1671 2455; x_wconf 84' lang='lat'><strong>.</strong></span> <span class='ocrx_word' id='word_1_768' title='bbox 1707 2425 1802 2458; x_wconf 84' lang='lat' dir='ltr'>Patet</span> <span class='ocrx_word' id='word_1_769' title='bbox 1821 2426 1976 2468; x_wconf 79' lang='lat' dir='ltr'>siquidem</span> <span class='ocrx_word' id='word_1_770' title='bbox 2010 2427 2099 2463; x_wconf 86' lang='lat' dir='ltr'>fama</span> 
     </span>
    </p>
   </div>
   <div class='ocr_carea' id='block_1_17' title="bbox 1126 2469 2099 2520">
    <p class='ocr_par' dir='ltr' id='par_1_19' title="bbox 1126 2469 2099 2520">
     <span class='ocr_line' id='line_1_110' title="bbox 1126 2469 2099 2520; baseline 0.009 -17"><span class='ocrx_word' id='word_1_771' title='bbox 1126 2504 1132 2510; x_wconf 75' lang='grc'><em>,</em></span> <span class='ocrx_word' id='word_1_772' title='bbox 1166 2469 1339 2515; x_wconf 85' lang='lat' dir='ltr'>vulgante,</span> <span class='ocrx_word' id='word_1_773' title='bbox 1365 2471 1502 2515; x_wconf 86' lang='lat' dir='ltr'>qualiter</span> <span class='ocrx_word' id='word_1_774' title='bbox 1522 2472 1707 2506; x_wconf 88' lang='lat' dir='ltr'>Dominum</span> <span class='ocrx_word' id='word_1_775' title='bbox 1731 2472 1852 2517; x_wconf 88' lang='lat' dir='ltr'>Papam</span> <span class='ocrx_word' id='word_1_776' title='bbox 1874 2499 1884 2514; x_wconf 92' lang='lat'>,</span> <span class='ocrx_word' id='word_1_777' title='bbox 1921 2477 1978 2520; x_wconf 88' lang='lat' dir='ltr'>qui</span> <span class='ocrx_word' id='word_1_778' title='bbox 2001 2479 2099 2520; x_wconf 86' lang='lat' dir='ltr'>ipsius</span> 
     </span>
    </p>
   </div>
   <div class='ocr_carea' id='block_1_18' title="bbox 1161 2519 2099 3365">
    <p class='ocr_par' dir='ltr' id='par_1_20' title="bbox 1161 2519 2099 3365">
     <span class='ocr_line' id='line_1_111' title="bbox 1164 2519 2097 2571; baseline 0.009 -17"><span class='ocrx_word' id='word_1_779' title='bbox 1164 2519 1286 2555; x_wconf 84' lang='lat' dir='ltr'>Christi</span> <span class='ocrx_word' id='word_1_780' title='bbox 1309 2520 1488 2563; x_wconf 86' lang='lat' dir='ltr'>Imaginem</span> <span class='ocrx_word' id='word_1_781' title='bbox 1499 2519 1583 2564; x_wconf 87' lang='lat' dir='ltr'>gerit</span> <span class='ocrx_word' id='word_1_782' title='bbox 1597 2544 1608 2561; x_wconf 92' lang='lat'>‚</span> <span class='ocrx_word' id='word_1_783' title='bbox 1641 2522 1675 2555; x_wconf 76' lang='grc' dir='ltr'>ὅ(</span> <span class='ocrx_word' id='word_1_784' title='bbox 1695 2532 1748 2556; x_wconf 89' lang='lat' dir='ltr'>me</span> <span class='ocrx_word' id='word_1_785' title='bbox 1772 2527 1909 2567; x_wconf 86' lang='lat' dir='ltr'>pariter,</span> <span class='ocrx_word' id='word_1_786' title='bbox 1934 2527 1991 2571; x_wconf 87' lang='lat' dir='ltr'>qui</span> <span class='ocrx_word' id='word_1_787' title='bbox 2020 2528 2097 2563; x_wconf 74' lang='lat' dir='ltr'>licet</span> 
     </span>
     <span class='ocr_line' id='line_1_112' title="bbox 1166 2569 2098 2617; baseline 0.009 -13"><span class='ocrx_word' id='word_1_788' title='bbox 1166 2569 1322 2615; x_wconf 86' lang='lat' dir='ltr'>indignus</span> <span class='ocrx_word' id='word_1_789' title='bbox 1336 2594 1347 2611; x_wconf 96' lang='lat'>‚</span> <span class='ocrx_word' id='word_1_790' title='bbox 1373 2569 1467 2603; x_wconf 88' lang='lat' dir='ltr'>Pater</span> <span class='ocrx_word' id='word_1_791' title='bbox 1476 2579 1586 2603; x_wconf 88' lang='lat' dir='ltr'>tamen</span> <span class='ocrx_word' id='word_1_792' title='bbox 1608 2571 1643 2604; x_wconf 91' lang='lat'>&amp;</span> <span class='ocrx_word' id='word_1_793' title='bbox 1662 2571 1840 2617; x_wconf 81' lang='lat' dir='ltr'>Episcopus</span> <span class='ocrx_word' id='word_1_794' title='bbox 1851 2577 2032 2611; x_wconf 85' lang='lat' dir='ltr'>animarum</span> <span class='ocrx_word' id='word_1_795' title='bbox 2045 2590 2098 2612; x_wconf 88' lang='lat' dir='ltr'>ve-</span> 
     </span>
     <span class='ocr_line' id='line_1_113' title="bbox 1166 2619 2097 2665; baseline 0.009 -11"><span class='ocrx_word' id='word_1_796' title='bbox 1166 2619 1298 2654; x_wconf 82' lang='lat' dir='ltr'>strarum</span> <span class='ocrx_word' id='word_1_797' title='bbox 1335 2621 1405 2652; x_wconf 91' lang='lat' dir='ltr'>sum</span> <span class='ocrx_word' id='word_1_798' title='bbox 1427 2619 1625 2654; x_wconf 85' lang='lat' dir='ltr'>constitutus</span> <span class='ocrx_word' id='word_1_799' title='bbox 1644 2646 1654 2661; x_wconf 97' lang='lat'>‚</span> <span class='ocrx_word' id='word_1_800' title='bbox 1681 2622 1925 2665; x_wconf 86' lang='lat' dir='ltr'>abjuraveritis.</span> <span class='ocrx_word' id='word_1_801' title='bbox 1961 2626 2039 2661; x_wconf 79' lang='lat' dir='ltr'>Hoc</span> <span class='ocrx_word' id='word_1_802' title='bbox 2062 2629 2097 2662; x_wconf 79' lang='grc' dir='ltr'>δε</span> 
     </span>
     <span class='ocr_line' id='line_1_114' title="bbox 1167 2669 2097 2720; baseline 0.006 -15"><span class='ocrx_word' id='word_1_803' title='bbox 1167 2683 1228 2715; x_wconf 83' lang='lat' dir='ltr'>prae</span> <span class='ocrx_word' id='word_1_804' title='bbox 1238 2669 1373 2709; x_wconf 81' lang='lat' dir='ltr'>caeteris,</span> <span class='ocrx_word' id='word_1_805' title='bbox 1402 2669 1502 2713; x_wconf 88' lang='lat' dir='ltr'>quiin</span> <span class='ocrx_word' id='word_1_806' title='bbox 1514 2671 1699 2714; x_wconf 83' lang='lat' dir='ltr'>exemplum</span> <span class='ocrx_word' id='word_1_807' title='bbox 1722 2671 1794 2714; x_wconf 76' lang='lat' dir='ltr'>justi</span> <span class='ocrx_word' id='word_1_808' title='bbox 1813 2674 1927 2717; x_wconf 84' lang='lat' dir='ltr'>judicii</span> <span class='ocrx_word' id='word_1_809' title='bbox 1949 2677 2012 2710; x_wconf 90' lang='lat' dir='ltr'>Dei</span> <span class='ocrx_word' id='word_1_810' title='bbox 2033 2677 2097 2720; x_wconf 84' lang='lat' dir='ltr'>jam</span> 
     </span>
     <span class='ocr_line' id='line_1_115' title="bbox 1167 2719 2098 2765; baseline 0.008 -11"><span class='ocrx_word' id='word_1_811' title='bbox 1167 2719 1310 2765; x_wconf 85' lang='lat' dir='ltr'>pluribus</span> <span class='ocrx_word' id='word_1_812' title='bbox 1329 2719 1424 2752; x_wconf 85' lang='lat' dir='ltr'>annis</span> <span class='ocrx_word' id='word_1_813' title='bbox 1446 2719 1658 2754; x_wconf 84' lang='lat' dir='ltr'>sustinuimus</span> <span class='ocrx_word' id='word_1_814' title='bbox 1678 2745 1689 2762; x_wconf 87' lang='lat'><em>‚</em></span> <span class='ocrx_word' id='word_1_815' title='bbox 1732 2723 1829 2758; x_wconf 90' lang='lat' dir='ltr'>nobis</span> <span class='ocrx_word' id='word_1_816' title='bbox 1848 2724 1888 2759; x_wconf 85' lang='lat' dir='ltr'>ad</span> <span class='ocrx_word' id='word_1_817' title='bbox 1906 2726 2098 2761; x_wconf 87' lang='lat' dir='ltr'>incredibile</span> 
     </span>
     <span class='ocr_line' id='line_1_116' title="bbox 1167 2768 2098 2820; baseline 0.008 -16"><span class='ocrx_word' id='word_1_818' title='bbox 1167 2771 1305 2814; x_wconf 73' lang='lat' dir='ltr'>presiurae</span> <span class='ocrx_word' id='word_1_819' title='bbox 1324 2768 1439 2802; x_wconf 80' lang='lat' dir='ltr'>nostrae</span> <span class='ocrx_word' id='word_1_820' title='bbox 1460 2780 1675 2815; x_wconf 77' lang='lat' dir='ltr'>augmentum</span> <span class='ocrx_word' id='word_1_821' title='bbox 1697 2773 1839 2808; x_wconf 80' lang='lat' dir='ltr'>acceffit.</span> <span class='ocrx_word' id='word_1_822' title='bbox 1871 2774 1954 2809; x_wconf 89' lang='lat' dir='ltr'>lllud</span> <span class='ocrx_word' id='word_1_823' title='bbox 1977 2776 2098 2820; x_wconf 68' lang='lat' dir='ltr'>quippe</span> 
     </span>
     <span class='ocr_line' id='line_1_117' title="bbox 1167 2818 2096 2867; baseline 0.006 -13"><span class='ocrx_word' id='word_1_824' title='bbox 1167 2831 1233 2855; x_wconf 91' lang='lat' dir='ltr'>tam</span> <span class='ocrx_word' id='word_1_825' title='bbox 1252 2818 1443 2855; x_wconf 78' lang='lat' dir='ltr'>detestabile</span> <span class='ocrx_word' id='word_1_826' title='bbox 1460 2844 1471 2860; x_wconf 93' lang='lat'>‚</span> <span class='ocrx_word' id='word_1_827' title='bbox 1509 2831 1576 2855; x_wconf 87' lang='lat' dir='ltr'>tam</span> <span class='ocrx_word' id='word_1_828' title='bbox 1606 2821 1803 2866; x_wconf 86' lang='lat' dir='ltr'>flagitiosum</span> <span class='ocrx_word' id='word_1_829' title='bbox 1838 2824 2057 2867; x_wconf 82' lang='lat' dir='ltr'>juramentum</span> <span class='ocrx_word' id='word_1_830' title='bbox 2085 2851 2096 2867; x_wconf 89' lang='lat'>,</span> 
     </span>
     <span class='ocr_line' id='line_1_118' title="bbox 1167 2870 2096 2918; baseline 0.009 -15"><span class='ocrx_word' id='word_1_831' title='bbox 1167 2880 1325 2914; x_wconf 84' lang='lat' dir='ltr'>quantum</span> <span class='ocrx_word' id='word_1_832' title='bbox 1336 2879 1468 2913; x_wconf 87' lang='lat' dir='ltr'>generat</span> <span class='ocrx_word' id='word_1_833' title='bbox 1482 2870 1663 2905; x_wconf 86' lang='lat' dir='ltr'>scandalum</span> <span class='ocrx_word' id='word_1_834' title='bbox 1675 2873 1800 2907; x_wconf 84' lang='lat' dir='ltr'>mundo</span> <span class='ocrx_word' id='word_1_835' title='bbox 1812 2898 1823 2914; x_wconf 90' lang='lat'>,</span> <span class='ocrx_word' id='word_1_836' title='bbox 1843 2875 1998 2910; x_wconf 87' lang='lat' dir='ltr'>offensam</span> <span class='ocrx_word' id='word_1_837' title='bbox 2010 2878 2096 2918; x_wconf 89' lang='lat' dir='ltr'>Deo,</span> 
     </span>
     <span class='ocr_line' id='line_1_119' title="bbox 1168 2919 2099 2969; baseline 0.005 -15"><span class='ocrx_word' id='word_1_838' title='bbox 1168 2920 1257 2954; x_wconf 90' lang='lat' dir='ltr'>vobis</span> <span class='ocrx_word' id='word_1_839' title='bbox 1276 2919 1406 2962; x_wconf 88' lang='lat' dir='ltr'>culpam</span> <span class='ocrx_word' id='word_1_840' title='bbox 1419 2944 1430 2960; x_wconf 92' lang='lat'><em>‚</em></span> <span class='ocrx_word' id='word_1_841' title='bbox 1458 2919 1554 2955; x_wconf 88' lang='lat' dir='ltr'>nobis</span> <span class='ocrx_word' id='word_1_842' title='bbox 1573 2921 1785 2957; x_wconf 63' lang='lat' dir='ltr'>afflictionem</span> <span class='ocrx_word' id='word_1_843' title='bbox 1806 2926 1819 2958; x_wconf 85' lang='lat'>?</span> <span class='ocrx_word' id='word_1_844' title='bbox 1847 2926 2033 2969; x_wconf 83' lang='lat' dir='ltr'>Praepositos</span> <span class='ocrx_word' id='word_1_845' title='bbox 2056 2927 2099 2959; x_wconf 94' lang='lat' dir='ltr'>si-</span> 
     </span>
     <span class='ocr_line' id='line_1_120' title="bbox 1165 2968 2094 3017; baseline 0.002 -12"><span class='ocrx_word' id='word_1_846' title='bbox 1165 2968 1295 3014; x_wconf 89' lang='lat' dir='ltr'>quidem</span> <span class='ocrx_word' id='word_1_847' title='bbox 1307 2970 1324 3002; x_wconf 70' lang='lat' dir='ltr'>a</span> <span class='ocrx_word' id='word_1_848' title='bbox 1336 2969 1412 3003; x_wconf 91' lang='lat' dir='ltr'>Deo</span> <span class='ocrx_word' id='word_1_849' title='bbox 1432 2969 1593 3014; x_wconf 84' lang='lat' dir='ltr'>abjurare,</span> <span class='ocrx_word' id='word_1_850' title='bbox 1622 2973 1717 3016; x_wconf 71' lang='lat' dir='ltr'>ipsius</span> <span class='ocrx_word' id='word_1_851' title='bbox 1741 2974 1796 3016; x_wconf 88' lang='lat' dir='ltr'>qui</span> <span class='ocrx_word' id='word_1_852' title='bbox 1815 2974 1999 3017; x_wconf 77' lang='lat' dir='ltr'>Praepofitos</span> <span class='ocrx_word' id='word_1_853' title='bbox 2018 2986 2094 3009; x_wconf 91' lang='lat' dir='ltr'>con-</span> 
     </span>
     <span class='ocr_line' id='line_1_121' title="bbox 1166 3019 2093 3066; baseline 0.004 -12"><span class='ocrx_word' id='word_1_854' title='bbox 1166 3020 1266 3054; x_wconf 84' lang='lat' dir='ltr'>stituit</span> <span class='ocrx_word' id='word_1_855' title='bbox 1277 3019 1394 3062; x_wconf 85' lang='lat' dir='ltr'>injuria</span> <span class='ocrx_word' id='word_1_856' title='bbox 1411 3019 1480 3062; x_wconf 82' lang='lat' dir='ltr'>est,</span> <span class='ocrx_word' id='word_1_857' title='bbox 1506 3021 1540 3055; x_wconf 73' lang='grc' dir='ltr'>δε</span> <span class='ocrx_word' id='word_1_858' title='bbox 1565 3022 1692 3062; x_wconf 89' lang='lat' dir='ltr'>nostra,</span> <span class='ocrx_word' id='word_1_859' title='bbox 1720 3026 1775 3064; x_wconf 88' lang='lat' dir='ltr'>qui</span> <span class='ocrx_word' id='word_1_860' title='bbox 1805 3025 2011 3066; x_wconf 59' lang='lat' dir='ltr'>praeficimur,</span> <span class='ocrx_word' id='word_1_861' title='bbox 2039 3024 2093 3058; x_wconf 90' lang='lat' dir='ltr'>sed</span> 
     </span>
     <span class='ocr_line' id='line_1_122' title="bbox 1168 3068 2094 3117; baseline 0.008 -15"><span class='ocrx_word' id='word_1_862' title='bbox 1168 3069 1273 3113; x_wconf 74' lang='lat' dir='ltr'>potius</span> <span class='ocrx_word' id='word_1_863' title='bbox 1282 3068 1372 3113; x_wconf 83' lang='lat' dir='ltr'>ejus,</span> <span class='ocrx_word' id='word_1_864' title='bbox 1399 3070 1455 3113; x_wconf 88' lang='lat' dir='ltr'>qui</span> <span class='ocrx_word' id='word_1_865' title='bbox 1467 3072 1604 3114; x_wconf 80' lang='lat' dir='ltr'>praefecit</span> <span class='ocrx_word' id='word_1_866' title='bbox 1619 3095 1630 3110; x_wconf 92' lang='lat'><em>‚</em></span> <span class='ocrx_word' id='word_1_867' title='bbox 1656 3070 1871 3107; x_wconf 86' lang='lat' dir='ltr'>inhonoratur</span> <span class='ocrx_word' id='word_1_868' title='bbox 1884 3075 2019 3117; x_wconf 83' lang='lat' dir='ltr'>potestas</span> <span class='ocrx_word' id='word_1_869' title='bbox 2031 3099 2039 3114; x_wconf 90' lang='lat'>,</span> <span class='ocrx_word' id='word_1_870' title='bbox 2061 3075 2094 3108; x_wconf 78' lang='lat' dir='ltr'>&lt;Sc</span> 
     </span>
     <span class='ocr_line' id='line_1_123' title="bbox 1165 3119 2089 3166; baseline 0.003 -12"><span class='ocrx_word' id='word_1_871' title='bbox 1165 3128 1336 3154; x_wconf 83' lang='lat' dir='ltr'>evacuatur</span> <span class='ocrx_word' id='word_1_872' title='bbox 1345 3119 1529 3154; x_wconf 88' lang='lat' dir='ltr'>obedientia</span> <span class='ocrx_word' id='word_1_873' title='bbox 1543 3145 1549 3151; x_wconf 95' lang='lat'>.</span> <span class='ocrx_word' id='word_1_874' title='bbox 1579 3121 1680 3166; x_wconf 79' lang='lat' dir='ltr'>Quod</span> <span class='ocrx_word' id='word_1_875' title='bbox 1694 3124 1836 3164; x_wconf 68' lang='lat' dir='ltr'>profesto</span> <span class='ocrx_word' id='word_1_876' title='bbox 1848 3126 1962 3157; x_wconf 88' lang='lat' dir='ltr'>vitium</span> <span class='ocrx_word' id='word_1_877' title='bbox 1976 3148 1986 3162; x_wconf 86' lang='lat'>‚</span> <span class='ocrx_word' id='word_1_878' title='bbox 1999 3123 2089 3157; x_wconf 85' lang='lat' dir='ltr'>vobis</span> 
     </span>
     <span class='ocr_line' id='line_1_124' title="bbox 1165 3169 2093 3215; baseline 0.003 -12"><span class='ocrx_word' id='word_1_879' title='bbox 1165 3169 1362 3204; x_wconf 84' lang='lat' dir='ltr'>confidenter</span> <span class='ocrx_word' id='word_1_880' title='bbox 1381 3170 1458 3204; x_wconf 90' lang='lat' dir='ltr'>dico</span> <span class='ocrx_word' id='word_1_881' title='bbox 1470 3194 1480 3209; x_wconf 90' lang='lat'>‚</span> <span class='ocrx_word' id='word_1_882' title='bbox 1507 3169 1558 3203; x_wconf 91' lang='lat' dir='ltr'>sed</span> <span class='ocrx_word' id='word_1_883' title='bbox 1582 3170 1855 3214; x_wconf 75' lang='lat' dir='ltr'>lachrymabiliter</span> <span class='ocrx_word' id='word_1_884' title='bbox 1877 3184 2000 3215; x_wconf 81' lang='lat' dir='ltr'>propter</span> <span class='ocrx_word' id='word_1_885' title='bbox 2014 3183 2069 3206; x_wconf 88' lang='lat' dir='ltr'>vos</span> <span class='ocrx_word' id='word_1_886' title='bbox 2081 3197 2093 3212; x_wconf 85' lang='lat'>‚</span> 
     </span>
     <span class='ocr_line' id='line_1_125' title="bbox 1167 3218 2096 3265; baseline -0.002 -11"><span class='ocrx_word' id='word_1_887' title='bbox 1167 3218 1354 3254; x_wconf 70' lang='lat' dir='ltr'>idololatriae</span> <span class='ocrx_word' id='word_1_888' title='bbox 1366 3231 1421 3263; x_wconf 88' lang='lat' dir='ltr'>par</span> <span class='ocrx_word' id='word_1_889' title='bbox 1432 3220 1466 3252; x_wconf 90' lang='lat'>&amp;</span> <span class='ocrx_word' id='word_1_890' title='bbox 1477 3219 1577 3253; x_wconf 87' lang='lat' dir='ltr'>simile</span> <span class='ocrx_word' id='word_1_891' title='bbox 1586 3220 1631 3254; x_wconf 88' lang='lat' dir='ltr'>est</span> <span class='ocrx_word' id='word_1_892' title='bbox 1643 3245 1654 3261; x_wconf 90' lang='lat'>,</span> <span class='ocrx_word' id='word_1_893' title='bbox 1680 3231 1716 3256; x_wconf 95' lang='lat' dir='ltr'>ut</span> <span class='ocrx_word' id='word_1_894' title='bbox 1727 3223 1772 3257; x_wconf 79' lang='lat' dir='ltr'>ait</span> <span class='ocrx_word' id='word_1_895' title='bbox 1793 3222 1949 3263; x_wconf 74' lang='lat' dir='ltr'>Propheta</span> <span class='ocrx_word' id='word_1_896' title='bbox 1965 3234 1971 3252; x_wconf 69' lang='grc' dir='ltr'><em>τ</em></span> <span class='ocrx_word' id='word_1_897' title='bbox 2000 3221 2096 3265; x_wconf 75' lang='lat' dir='ltr'>‚Quafi</span> 
     </span>
     <span class='ocr_line' id='line_1_126' title="bbox 1161 3268 2091 3314; baseline 0 -10"><span class='ocrx_word' id='word_1_898' title='bbox 1161 3279 1315 3313; x_wconf 83' lang='lat' dir='ltr'>peccatum</span> <span class='ocrx_word' id='word_1_899' title='bbox 1325 3269 1471 3302; x_wconf 72' lang='lat' dir='ltr'>ariolandi</span> <span class='ocrx_word' id='word_1_900' title='bbox 1481 3268 1518 3308; x_wconf 82' lang='lat' dir='ltr'>est</span> <span class='ocrx_word' id='word_1_901' title='bbox 1526 3271 1815 3314; x_wconf 73' lang='lat' dir='ltr'>repugnare‚&amp;quafi</span> <span class='ocrx_word' id='word_1_902' title='bbox 1816 3270 1840 3313; x_wconf 94' lang='lat' dir='ltr'>s</span> <span class='ocrx_word' id='word_1_903' title='bbox 1835 3272 1908 3303; x_wconf 81' lang='lat' dir='ltr'>celus</span> <span class='ocrx_word' id='word_1_904' title='bbox 1920 3272 2091 3304; x_wconf 83' lang='lat' dir='ltr'>idololatriae</span> 
     </span>
     <span class='ocr_line' id='line_1_127' title="bbox 1167 3316 2095 3365; baseline 0 -11"><span class='ocrx_word' id='word_1_905' title='bbox 1167 3321 1239 3354; x_wconf 85' lang='lat' dir='ltr'>nolle</span> <span class='ocrx_word' id='word_1_906' title='bbox 1251 3316 1436 3360; x_wconf 80' lang='lat' dir='ltr'>adquiescere</span> <span class='ocrx_word' id='word_1_907' title='bbox 1453 3342 1459 3350; x_wconf 91' lang='lat'>.</span> <span class='ocrx_word' id='word_1_908' title='bbox 1488 3319 1595 3354; x_wconf 86' lang='lat' dir='ltr'>Unde</span> <span class='ocrx_word' id='word_1_909' title='bbox 1605 3322 1638 3354; x_wconf 75' lang='grc' dir='ltr'>ὅ(</span> <span class='ocrx_word' id='word_1_910' title='bbox 1651 3324 1779 3354; x_wconf 85' lang='lat' dir='ltr'>Statuto</span> <span class='ocrx_word' id='word_1_911' title='bbox 1791 3321 1904 3353; x_wconf 83' lang='lat' dir='ltr'>veteris</span> <span class='ocrx_word' id='word_1_912' title='bbox 1916 3321 1996 3365; x_wconf 89' lang='lat' dir='ltr'>legis</span> <span class='ocrx_word' id='word_1_913' title='bbox 2016 3322 2095 3355; x_wconf 87' lang='lat' dir='ltr'>tales</span> 
     </span>
    </p>
   </div>
   <div class='ocr_carea' id='block_1_19' title="bbox 1167 3367 2097 3476">
    <p class='ocr_par' dir='ltr' id='par_1_21' title="bbox 1167 3367 2097 3476">
     <span class='ocr_line' id='line_1_128' title="bbox 1167 3367 2097 3413; baseline -0.001 -8"><span class='ocrx_word' id='word_1_914' title='bbox 1167 3371 1320 3413; x_wconf 70' lang='lat' dir='ltr'>tanquam</span> <span class='ocrx_word' id='word_1_915' title='bbox 1342 3368 1404 3402; x_wconf 83' lang='lat' dir='ltr'>veri</span> <span class='ocrx_word' id='word_1_916' title='bbox 1419 3367 1597 3404; x_wconf 82' lang='lat' dir='ltr'>idololatrae</span> <span class='ocrx_word' id='word_1_917' title='bbox 1609 3370 1783 3411; x_wconf 83' lang='lat' dir='ltr'>corporalis</span> <span class='ocrx_word' id='word_1_918' title='bbox 1813 3371 1926 3405; x_wconf 87' lang='lat' dir='ltr'>mortis</span> <span class='ocrx_word' id='word_1_919' title='bbox 1960 3381 2097 3413; x_wconf 88' lang='lat' dir='ltr'>reporta-</span> 
     </span>
     <span class='ocr_line' id='line_1_129' title="bbox 1632 3417 2045 3476; baseline 0.002 -24"><span class='ocrx_word' id='word_1_920' title='bbox 1632 3417 1696 3452; x_wconf 87' lang='lat' dir='ltr'>Dd</span> <span class='ocrx_word' id='word_1_921' title='bbox 1748 3429 1767 3464; x_wconf 80' lang='lat'><em>3</em></span> <span class='ocrx_word' id='word_1_922' title='bbox 1944 3464 1951 3476; x_wconf 34' lang='grc' dir='ltr'><em>Γ</em></span> <span class='ocrx_word' id='word_1_923' title='bbox 1968 3420 2045 3454; x_wconf 91' lang='lat' dir='ltr'>bant</span> 
     </span>
    </p>
   </div>
  </div>
 </body>
</html>
