2358 3776
540 164 580 210 S.
628 156 926 208 THOMAE
970 151 1367 202 CANTUAR.
1414 154 1552 200 LIB.
1600 159 1658 202 V.

160 257 283 281 annum
296 245 378 282 &ed
389 245 576 290 ampliusin
598 255 724 281 carcere
743 244 866 289 positus
883 265 895 283 ,
921 238 988 284 qud
1007 251 1092 275 men·

1925 174 2019 224 367

1157 236 1313 274 Domini.
1341 236 1443 271 Tunc
1455 237 1490 272 in
1501 237 1629 281 publica
1641 240 1802 280 audientia
1813 246 1888 282 Rex
1902 258 2002 283 manu
2024 250 2078 284 sua

153 295 219 331 dax
233 308 285 332 me
295 297 424 333 detrudi
435 299 556 332 fecerat
567 295 756 337 invidia‚in
770 291 909 329 tenebris
921 290 1090 324 straveram
1156 287 1246 322 tastis
1255 286 1467 323 Sacrosanctis
1489 288 1679 333 Evangeliis
1701 291 1832 337 iuravit,
1862 298 1951 341 quod
1976 308 2080 343 neque

153 346 310 382 lessulum
323 358 434 383 meum
445 372 456 389 ‚
467 347 501 382 δε
514 347 673 391 panemin
686 344 826 389 suspiriis
839 340 1088 382 manducabam,

123 423 126 425 -
154 398 508 442 potumtemperansin
520 396 699 441 lachrymis
713 419 725 436 ,
750 394 855 429 donec
878 401 991 426 manus
1011 403 1086 425 con·

152 447 323 483 solationis
336 448 443 482 vestrae
452 448 602 482 edustum
612 447 653 482 de
665 446 736 480 lacu
758 442 892 479 miseriae
901 442 933 475 δε
958 442 1086 475 inferno

153 497 320 539 inferiori,
347 498 472 543 regioni
495 509 548 532 me
563 496 701 532 restituit
723 492 927 535 viventium,
951 492 984 526 &
1006 503 1086 526 aurae

152 547 309 590 superiori
324 572 333 580 .
360 549 429 591 Jam
440 557 629 592 purpuratos
641 571 652 587 ,
677 554 712 580 ut
724 543 827 589 prins,
841 554 907 576 non
919 541 1083 583 erubesco,

157 607 219 631 nec
235 606 403 639 potentum
414 598 609 642 praesentiatn
620 596 768 632 declino.
790 593 850 628 Sed
862 593 917 637 qui
929 591 1084 627 hadenus

154 646 196 680 ad
208 647 394 682 Dominum
406 659 515 682 meum
535 648 651 682 oculos
671 646 774 680 levare
792 654 861 677 non
886 641 1044 677 audebam
1069 667 1081 684 ,

153 695 295 739 pristinae
319 697 461 732 redditus
488 697 628 733 libertati
653 695 738 730 labia
762 693 907 727 audacter
919 692 1029 736 aperio
1039 692 1079 727 ad

153 746 357 782 exorandum
371 759 438 782 non
451 748 556 783 solum
576 758 635 791 pro
645 756 720 785 me,
746 742 856 778 verum
879 744 912 778 δι
924 754 982 787 pro
995 741 1044 777 his
1070 764 1081 781 7

153 806 237 838 quos
248 797 377 842 diligo,
403 797 546 833 maxime
564 796 639 830 cum
662 794 740 829 tales
763 794 846 836 sint,
872 794 929 838 qui
956 794 1023 827 vita
1047 793 1081 827 &

151 845 336 882 eruditione
346 849 430 882 inter
438 848 612 891 precipuos
621 854 831 879 numerantur
843 869 851 877 .
879 843 941 881 Vir
952 842 1080 878 clarissi-

152 904 227 928 mus
238 896 404 930 Dominus
425 896 689 936 Londonienfis,
714 895 771 939 qui
791 894 832 928 ab
853 891 989 928 exordio
1010 904 1081 936 pro-

149 945 311 979 motionis
322 947 382 980 suae
391 970 401 987 ‚
412 946 512 980 etiam
522 946 607 990 apud
617 956 675 980 eos
684 970 695 986 ,
720 945 778 988 qui
789 944 868 978 foris
879 944 952 977 sunt
965 967 978 985 ,
1002 944 1080 977 sem-

151 1003 206 1036 per
218 992 420 1030 honorabilis
432 995 562 1030 habitus
572 996 617 1031 est
628 1019 640 1036 ,
664 996 698 1030 &
711 994 804 1029 suave
813 994 934 1030 olentis
943 992 1079 1037 opinio-

149 1043 223 1083 nis,
251 1045 299 1078 vir
311 1045 424 1088 utique
435 1046 469 1081 ἃ.
481 1055 601 1081 naturae
612 1045 707 1080 bonis
725 1044 916 1085 abundans,
942 1043 974 1078 &
993 1044 1081 1088 inge-

150 1093 199 1127 fiii
211 1093 418 1129 facultatibus
428 1108 440 1129 .·
466 1106 606 1140 quorum
615 1095 735 1130 finibus
749 1094 884 1130 minime
894 1102 1081 1134 contentus,

149 1152 187 1175 ea
202 1142 372 1187 religionis
394 1146 599 1181 diuturno&
627 1145 771 1181 distristo
791 1145 882 1179 cultu
900 1143 1044 1178 excoluit
1072 1168 1079 1175 .

150 1189 253 1226 Hunc
265 1193 418 1229 laceffivit
430 1196 554 1230 invidia
567 1221 579 1237 ,
603 1196 638 1230 ἀ
648 1197 868 1242 integritatem
878 1194 946 1237 ejus
963 1194 1079 1228 lacera-

149 1250 184 1275 re
195 1251 343 1284 tentans,
368 1256 440 1288 quae
452 1247 544 1289 supra
562 1248 688 1280 firmam
713 1256 837 1289 petram
858 1243 993 1278 fundata
1012 1253 1079 1275 non

149 1292 271 1335 poterit
283 1294 400 1329 sentire
409 1295 570 1329 defectum
583 1320 591 1327 .
619 1294 673 1329 Ut
683 1295 772 1328 enim
782 1294 825 1326 de
837 1291 888 1325 his
897 1292 1003 1334 aliqua
1014 1300 1079 1324 tan-

149 1351 284 1385 gamus,
310 1354 381 1386 quae
397 1344 452 1386 ipsi
464 1344 506 1377 ab
517 1343 641 1376 aemulis
650 1342 801 1386 imposita
812 1341 887 1374 sunt
900 1363 912 1380 ‚
936 1350 996 1383 pro
1014 1352 1079 1374 cer·

148 1398 186 1422 to
196 1389 344 1424 Domine
357 1393 461 1427 sciatis
470 1417 482 1433 ,
510 1393 598 1435 quod
608 1392 687 1426 dum
698 1389 804 1426 adhuc
815 1390 936 1424 viveret
957 1390 1076 1424 Domi-

147 1449 211 1473 nus
234 1439 498 1481 Cantuarienfis,
522 1442 556 1474 in
575 1441 701 1486 Anglia
722 1451 775 1474 me
798 1440 949 1483 praeseute
966 1440 1080 1474 Domi·

148 1498 230 1522 num
244 1488 370 1534 Regem
383 1491 459 1534 [πρὸ
475 1491 625 1535 rogavit,
652 1501 688 1524 ut
708 1490 799 1534 juxta
823 1488 969 1523 mandati
987 1489 1080 1522 vestri

153 1535 295 1572 formam
304 1540 346 1574 ad
357 1551 468 1584 pacem
477 1543 625 1576 animum
646 1542 739 1575 suum
763 1539 951 1573 inclinaret.
981 1538 1080 1582 Apud

149 1585 337 1623 Cadomum
353 1590 448 1632 vero,
475 1592 552 1626 cum
577 1603 618 1626 ex
640 1589 690 1628 his
712 1600 781 1634 quae
804 1588 1082 1623 DominusRexa

147 1636 261 1672 multis
270 1639 415 1675 audierat
424 1664 435 1680 ,
447 1641 634 1686 indignatio
642 1641 711 1685 ejus
720 1640 760 1674 ad
766 1639 871 1674 versus
882 1639 947 1683 jam
960 1639 1081 1672 dietum

148 1685 467 1735 Archi-Episcopum
477 1690 651 1735 plurimum
673 1690 875 1725 recruduiffet
889 1714 899 1730 ,
923 1688 1082 1732 quantum

150 1738 262 1785 potuit
283 1739 324 1773 ad
341 1740 530 1776 leniendum
552 1751 679 1775 motum
705 1739 797 1774 illum
822 1739 1047 1774 vehementem
1074 1762 1085 1777 ,

146 1787 248 1822 etiam
258 1798 334 1822 cum
346 1788 544 1833 lachrymis,
566 1790 716 1825 adhibuit
728 1789 934 1832 diligentiam
948 1813 955 1820 .
981 1787 1084 1829 Cujus

148 1835 320 1878 Domine,
346 1839 367 1872 si
389 1840 514 1882 placet,
541 1850 646 1873 annos
656 1839 744 1872 senio
754 1847 867 1882 graves
888 1837 1047 1871 attendite
1075 1861 1085 1876 ,

148 1887 294 1929 corporis
306 1886 507 1924 debilitatem
520 1890 668 1934 respicite
681 1913 692 1930 ‚
705 1899 804 1931 quam
816 1899 883 1921 non
899 1885 1003 1920 solum
1014 1896 1086 1920 aetas

149 1934 281 1972 induxit
291 1962 303 1979 ‚
330 1939 382 1973 sed
396 1940 428 1974 δε
439 1939 566 1974 affiduae
578 1939 697 1983 vigiliae
708 1938 741 1971 ἀ
752 1937 860 1971 crebra
870 1936 991 1979 jejunia
1003 1960 1010 1967 .
1030 1937 1086 1970 So-

149 1985 291 2032 lucisque
319 1988 460 2023 vinculis
471 2013 482 2029 ‚
508 1987 627 2032 quibus
662 1995 788 2022 tenetur
810 2010 821 2026 ‚
845 1995 921 2020 eum
949 1985 1087 2019 liberum

251 2185 282 2219 E
307 2184 335 2219 Ρ
361 2187 377 2220 1
401 2189 424 2223 S
449 2188 487 2221 T
511 2189 546 2222 0
571 2187 601 2222 L
627 2185 661 2220 A
738 2183 983 2220 Lxxxvm.

227 2383 351 2422 RlMo
378 2386 547 2420 Dominus
571 2385 645 2419 Rex
669 2387 703 2421 ἀ
724 2383 842 2430 Legati
863 2393 1088 2420 convenerunt

153 2543 272 2566 nerunt
287 2533 506 2567 Salviniacum
520 2558 532 2574 ,
556 2535 613 2568 ubi
641 2534 939 2578 Archi-Episcopus
963 2531 1086 2567 Rotho-

154 2681 312 2725 quoniam
326 2682 400 2716 Rex
411 2681 601 2716 mandatum
616 2692 730 2715 eorum
751 2681 899 2715 absolute
919 2682 1021 2723 jurare
1043 2694 1084 2716 re-

155 2732 250 2771 nuit,
275 2731 349 2765 Rex
363 2730 404 2766 ab
414 2732 460 2766 eis
478 2742 555 2766 cum
570 2731 799 2776 indignatione
819 2731 953 2766 disceffit
966 2733 1000 2766 in
1021 2732 1085 2766 haec

156 2831 328 2865 incumbunt
339 2857 346 2864 .
373 2837 430 2866 Vos
443 2841 545 2865 autem
555 2838 586 2864 in
593 2840 666 2873 pace
680 2837 721 2864 ite
731 2840 784 2873 per
796 2840 908 2866 terram
925 2843 1022 2865 meam
1034 2832 1084 2866 ubl

157 2930 236 2963 §lum
245 2931 300 2968 est.
323 2932 374 2965 Sic
385 2931 425 2964 ab
436 2933 482 2965 eis
499 2933 667 2966 disceffum
678 2931 723 2966 est
738 2956 744 2963 .
771 2931 873 2965 Tunc
895 2930 1083 2967 Cardinales

157 2978 274 3014 habito
284 2983 408 3015 arction
419 2982 555 3016 consilio
567 2992 796 3016 revocaverunt
813 2981 1011 3025 Episcopum
1024 2984 1083 3018 Le-

160 3139 231 3164 tum
243 3130 287 3164 est
301 3155 312 3170 ‚
338 3129 424 3174 quod
440 3132 527 3165 sexta
537 3131 614 3165 feria
625 3132 772 3174 sequente
785 3132 857 3166 Rex
882 3133 915 3167 δε
926 3133 1082 3167 Cardina-

159 3239 360 3265 conventum
371 3230 414 3264 est
425 3231 571 3264 intereos
584 3255 595 3270 ,
617 3231 660 3264 ita
673 3233 760 3274 qudd
780 3232 850 3266 Rex
864 3232 1023 3277 quidquid
1038 3244 1078 3267 ex

162 3330 210 3373 pit
222 3331 432 3365 &conceffit.
467 3332 528 3365 Sed
540 3333 613 3375 quia
628 3332 697 3366 Rex
719 3333 838 3366 Filium
862 3334 955 3367 suum
978 3333 1083 3367 voluit

162 3440 283 3464 vetaret
293 3454 304 3471 ,
329 3431 484 3465 terminus
498 3431 541 3465 rei
553 3432 672 3465 dilatus
681 3432 724 3465 est
735 3433 833 3473 usque
845 3432 884 3467 ad
897 3434 1079 3477 sequentem

162 3480 376 3517 Dominicam
388 3482 572 3527 proximam
583 3506 595 3525 ,
609 3480 842 3519 videlicetante
853 3483 1088 3520 Ascensionem

150 2035 298 2078 reddite,
326 2048 363 2072 ut
371 2039 436 2074 una
447 2038 620 2074 nobiscum
633 2046 734 2073 onera
751 2035 846 2081 poffit
870 2035 1019 2070 Ecclefiae
1039 2036 1088 2069 su-

391 2289 439 2322 De
464 2286 711 2321 Reconciliatione
729 2289 819 2331 Regir
831 2309 841 2318 .

249 2436 334 2477 apud
344 2433 493 2469 Gorham
503 2436 558 2469 die
569 2436 680 2469 martis
693 2444 771 2469 ante
784 2435 989 2479 Rogationes
1000 2433 1087 2467 &ibi

152 2582 333 2627 magenfis,
357 2583 390 2617 δι
408 2583 502 2616 multi
525 2583 679 2626 Episcopi
703 2585 737 2617 &
760 2594 907 2626 proceres
927 2594 1084 2616 convene·

156 2780 275 2815 verba.-
301 2783 420 2822 Redeo,
445 2782 576 2825 inquit,
604 2781 793 2822 Hiberniam,
821 2782 872 2814 ubi
898 2783 993 2815 multa
1011 2782 1085 2815 mibi

159 3030 346 3064 xoviensem
358 3032 390 3065 &
404 3031 517 3065 Archi·
528 3030 716 3066 Diaconum
736 3031 967 3067 pictaviensem
978 3058 989 3074 ,
1018 3034 1073 3067 Ar-

150 2085 269 2121 stinere
281 2111 290 2119 .

150 2482 296 2518 invicem
309 2485 430 2527 recepti
445 2485 564 2520 suntin
575 2484 691 2519 osculo
706 2486 793 2528 pacis
805 2509 813 2516 .
839 2485 878 2517 ln
890 2484 1027 2518 crastina
1039 2493 1087 2515 ve-

153 2638 231 2667 runt
244 2655 252 2663 .
281 2631 434 2676 Cumque
444 2632 568 2666 ibidem
580 2632 622 2665 de
632 2642 710 2675 pace
722 2633 779 2665 diu
789 2635 961 2665 traantum
973 2634 1050 2667 esset
1076 2657 1085 2672 ‚

157 2881 243 2914 vobis
251 2883 395 2923 placuerit
406 2907 416 2923 ‚
443 2885 477 2916 (9
490 2888 568 2926 agite
581 2885 765 2926 Legationem
772 2906 782 2922 ‚
805 2879 873 2921 ficut
884 2882 967 2915 vobis
979 2884 1066 2924 injun

159 3079 215 3114 chi
225 3096 237 3104 —
249 3081 436 3115 Diaconum
453 3080 715 3116 saresberiensem
726 3107 736 3123 ,
762 3083 792 3116 ὅ(
807 3093 860 3125 per
871 3094 927 3116 eos
936 3084 1076 3117 elabora-

160 3181 208 3214 les
227 3182 310 3225 apud
334 3181 495 3214 Abrincas
514 3191 755 3216 convenerunt.
784 3179 894 3225 lb'ique
915 3183 1082 3218 communi

162 3290 250 3323 parte
261 3279 486 3315 Cardinalium
497 3281 526 3314 ei
538 3282 734 3324 propofitum
743 3283 787 3316 est
802 3307 812 3322 ,
824 3281 963 3328 benigne
978 3284 1080 3317 susce-

161 3380 287 3418 adeffe‚
312 3391 346 3414 ut
359 3383 447 3424 quod
459 3380 554 3415 Pater
567 3383 767 3425 promitteret
782 3407 793 3423 ‚
820 3383 874 3417 ille
892 3382 990 3417 etiam
1013 3383 1084 3416 affe-

1152 338 1320 372 mandavit
1332 363 1343 380 ,
1369 349 1474 382 neque
1495 338 1600 373 voluit
1613 363 1625 379 ,
1649 338 1736 383 quod
1759 343 1859 380 Archi
1874 364 1885 374 .
1896 349 2078 393 Episcopus

1151 387 1392 423 Cantuarienfis
1412 388 1645 423 interficeretur
1656 414 1666 430 ‚
1692 390 1725 424 ὅ(
1751 391 1860 427 audita
1886 408 1992 433 morte
2014 399 2082 442 ejus

1148 438 1306 482 plusinde
1318 438 1448 479 doluit,
1473 440 1570 481 quam
1585 439 1706 474 laetatus
1719 441 1764 474 est
1777 465 1785 473 .
1815 440 1954 480 Addidit
1980 449 2079 483 etiam

1146 498 1187 522 ex
1199 489 1324 533 propria
1335 489 1506 523 voluntate
1517 487 1605 533 quod
1617 489 1657 524 de
1669 500 1773 526 morte
1784 489 1890 526 Patris
1898 494 1949 526 vel
1961 495 2078 532 Matris

1146 539 1206 573 suae
1218 550 1388 584 nunquam
1401 538 1530 574 tantum
1541 539 1665 574 doluit.
1695 540 1818 584 Iuravit
1837 541 1938 577 etiam
1952 567 1962 583 ,
1991 546 2079 586 quod

1144 599 1384 633 quamcumque
1404 590 1436 623 ei
1456 590 1681 633 poenitentiam
1717 589 1904 625 Cardinales
1930 588 2081 637 injunge-

1143 649 1235 681 rent,
1261 640 1311 674 vel
1323 639 1571 674 satissastionem
1583 663 1594 680 ‚
1620 640 1761 684 plenarie
1770 652 1980 685 exequeretur
1991 667 1998 673 .
2024 642 2083 677 Di·

1141 689 1235 724 cebat
1245 690 1333 723 enim
1344 700 1452 724 coram
1463 689 1615 725 omnibus
1625 690 1657 725 se
1668 690 1850 736 intelligere
1864 715 1877 732 ,
1888 690 1976 736 quod
1987 693 2081 727 causa.

1142 740 1218 774 effet
1231 740 1343 773 mortis
1353 739 1623 784 Archi-Episcopi
1637 764 1649 781 ‚
1673 741 1707 774 &
1718 741 1877 783 quidquid
1889 742 2009 776 fastum
2023 741 2082 783 est,

1143 801 1269 834 propter
1279 801 1354 824 eum
1362 791 1479 825 factum
1492 790 1537 824 est
1550 814 1560 829 ‚
1589 801 1658 824 non
1669 789 1756 834 quod
1770 791 1835 834 ipse
1849 791 2051 827 mandaverit
2070 815 2083 833 ,

1143 840 1195 875 sed
1208 838 1294 884 quod
1307 840 1447 875 amici&
1471 840 1646 875 familiares
1667 841 1734 885 ejus
1756 841 1902 876 videntes
1922 841 2081 877 turbatio-

1144 901 1219 925 nem
1232 890 1338 925 vultus
1358 890 1427 933 ejus
1447 891 1480 925 &
1501 891 1673 925 oculorum
1687 915 1697 932 ,
1723 893 1959 937 cognoscentes
1980 891 2079 927 etiam

1142 939 1290 975 dolorem
1302 941 1410 975 cordis
1422 965 1432 982 ,
1442 939 1476 974 &
1489 939 1564 984 saepe
1575 940 1743 976 audientes
1755 941 1888 986 querula
1901 942 1999 976 verba
2011 942 2081 985 ejus

1142 990 1183 1025 de
1194 989 1477 1034 Archi-Episcopo
1489 1014 1501 1030 ,
1525 991 1677 1034 injuriam
1689 991 1756 1034 ejus
1769 991 1888 1035 absque
1912 991 2083 1027 conscien-

1144 1041 1189 1076 tia
1202 1041 1299 1085 iplius
1310 1041 1420 1075 ulcisci
1432 1039 1586 1085 parabant
1596 1065 1608 1082 ,
1628 1041 1751 1076 &ideo
1762 1052 1837 1077 cum
1857 1042 1951 1076 omni
1974 1040 2082 1076 humi-

1145 1092 1234 1126 litate
1245 1092 1279 1126 <St
1291 1090 1468 1126 devotione
1478 1090 1519 1125 ad
1529 1092 1643 1127 omnia
1654 1103 1723 1137 quar
1735 1091 1851 1138 Legati
1862 1092 2008 1135 juberent
2021 1116 2032 1133 ‚
2048 1092 2081 1127 se

1146 1142 1327 1185 expositum
1342 1141 1494 1176 afferebat
1505 1166 1513 1175 .

1192 1192 1295 1226 Tunc
1307 1192 1487 1235 injunstum
1497 1191 1542 1226 est
1555 1192 1586 1226 ei
1597 1193 1614 1226 a
1638 1193 1771 1238 Legatis
1781 1216 1792 1232 ,
1818 1191 1909 1234 qued
1932 1191 2082 1227 inveniet

1144 1240 1304 1275 ducentos
1315 1243 1436 1276 milites
1447 1253 1501 1284 per
1512 1252 1637 1276 annum
1649 1244 1813 1287 integrum
1825 1242 2006 1287 sumptibus
2017 1242 2082 1275 suis

1144 1289 1294 1323 videlicet
1304 1292 1483 1331 unicuique
1494 1291 1594 1323 militi
1608 1301 1771 1325 trecentos
1783 1303 1900 1334 aureos
1913 1316 1923 1331 ,
1949 1292 1985 1325 in
1998 1302 2080 1325 terra

1145 1338 1451 1381 Hierosolymitana
1463 1348 1577 1372 contra
1589 1337 1740 1382 paganos
1747 1362 1759 1379 ‚
1786 1340 1964 1373 secundum
1977 1341 2083 1383 dispo·

1144 1388 1296 1423 {itionem
1308 1388 1550 1432 templariorum
1562 1411 1570 1420 .

1195 1437 1369 1478 Secundo,
1395 1435 1484 1481 quod
1497 1447 1594 1480 prava
1612 1436 1740 1470 Statuta
1763 1435 1804 1471 de
1824 1434 2035 1473 Clarenduna
2048 1439 2081 1474 δε

1146 1498 1262 1522 omnes
1282 1487 1383 1521 malas
1394 1486 1666 1527 consuetudines,
1694 1497 1764 1530 quae
1775 1486 1809 1520 in
1831 1486 1948 1522 diebus
1968 1488 2031 1522 suis
2044 1490 2080 1523 in

1150 1537 1307 1573 Ecclefias
1317 1536 1380 1570 Dei
1395 1536 1533 1570 indueras
1550 1537 1645 1577 sunt,
1672 1535 1801 1580 penitus
1811 1535 2008 1573 dimitteret.
2044 1538 2079 1572 Si

1148 1599 1216 1631 quae
1228 1583 1348 1621 lautem
1365 1587 1456 1621 malae
1474 1587 1605 1621 fuerunt
1627 1596 1705 1620 ante
1726 1598 1872 1631 tempora
1894 1589 1948 1622 sua
1958 1613 1969 1629 ,
2009 1589 2078 1623 illas

1147 1638 1236 1680 juxta
1249 1636 1438 1671 mandatum
1451 1637 1591 1671 Domini
1613 1636 1708 1681 Papae
1723 1637 1755 1672 δε
1768 1638 1907 1673 consilio
1929 1637 2082 1684 Religio-

1149 1689 1257 1722 sorum
1266 1687 1422 1722 Virorum
1434 1686 1628 1730 temperabit
1642 1712 1650 1718 .

1199 1737 1338 1777 Tertio,
1364 1735 1452 1780 qudd
1464 1735 1609 1769 Ecclefiae
1626 1736 1853 1771 Cantuarienfi
1870 1748 2008 1772 omnem
2031 1738 2080 1772 in·

1150 1787 1335 1831 tegriratem
1347 1787 1435 1819 suam
1445 1786 1478 1819 in
1490 1786 1580 1819 terris
1589 1785 1623 1819 δε
1635 1786 1670 1819 in
1682 1785 1752 1821 aliis
1764 1787 1858 1822 rebus
1874 1787 2059 1822 restitueret
2074 1811 2084 1826 ‚

1150 1836 1229 1870 ficut
1242 1836 1305 1870 suit
1315 1847 1404 1870 anno
1416 1835 1591 1880 antequam
1603 1834 1706 1870 Archi
1718 1854 1726 1861 -
1738 1838 1919 1881 Episcopus
1928 1838 2006 1871 iram
2021 1839 2084 1872 Re-

1150 1887 1201 1930 gis
1215 1887 1408 1919 incurreret.
1439 1886 1482 1919 Et
1493 1885 1582 1930 quod
1602 1885 1755 1921 omnibus
1766 1910 1777 1927 ,
1801 1885 1919 1931 quibus
1940 1888 2084 1922 offensus

1151 1946 1217 1969 erat
1230 1945 1357 1979 propter
1379 1934 1696 1979 Archi-Episcopum
1710 1961 1720 1978 ,
1746 1948 1858 1981 pacem
1876 1938 1911 1973 &
1935 1948 2083 1973 amorem

1152 1984 1297 2019 redderet
1309 2009 1320 2025 ,
1346 1985 1380 2020 &
1392 1985 1617 2028 possessionum
1630 1987 1759 2021 suarum
1770 1987 2013 2032 plenitudinem
2023 2012 2031 2022 .

1203 2034 1330 2081 Qarto
1341 2058 1351 2074 ,
1376 2036 1464 2079 quod
1476 2037 1497 2070 si
1510 2037 1631 2071 necesse
1642 2037 1739 2073 fuerit
1752 2061 1763 2078 ,
1789 2037 2002 2073 &Dominus
2024 2036 2085 2073 ΡΞ-

1154 2087 1233 2128 paci
1245 2086 1449 2119 mandaverit
1461 2111 1473 2128 ‚
1501 2086 1562 2120 ibit
1581 2087 1614 2120 in
1637 2087 1835 2131 Hispaniam
1848 2113 1860 2130 ,
1885 2088 1926 2123 ad
1945 2088 2083 2123 liberan-

1153 2135 1228 2169 dam
1241 2135 1459 2170 terramillam
1469 2137 1487 2171 ὲ
1510 2137 1660 2181 paganis.
1689 2137 1907 2182 Iniunxerunt
1928 2141 1959 2173 ei
1982 2140 2084 2174 etiam

1154 2185 1301 2219 secretius
1310 2186 1430 2229 jejunia
1442 2210 1454 2228 ,
1482 2187 1515 2221 δι
1527 2188 1753 2231 eleemosynas
1764 2213 1776 2230 ‚
1800 2190 1835 2224 δε
1846 2189 1910 2224 alia
1924 2189 2085 2232 quaedam,

1153 2245 1223 2277 quae
1234 2235 1274 2269 ad
1285 2246 1498 2270 communem
1521 2236 1723 2273 audientiam
1747 2251 1816 2273 non
1838 2250 2052 2284 pervenerunt
2076 2265 2085 2273 .

1156 2284 1210 2318 Ad
1224 2284 1291 2317 haec
1300 2285 1412 2318 omnia
1424 2284 1497 2318 Rex
1508 2286 1734 2331 benignissime
1746 2288 1905 2323 assensum
1919 2289 2060 2332 praestitit
2071 2313 2084 2331 ,

1155 2334 1199 2368 ita
1209 2335 1297 2378 quod
1309 2344 1419 2368 coram
1451 2335 1607 2369 omnibus
1617 2335 1702 2369 dixit
1712 2349 1724 2369 .-
1750 2339 1827 2371 Ecce
1836 2339 1961 2381 inquit,
1989 2340 2089 2373 Domi·

1156 2388 1415 2428 niLegatlcorpus
1425 2394 1523 2417 meum
1543 2390 1576 2417 in
1595 2397 1686 2418 manu
1706 2387 1805 2425 vestra
1826 2388 1885 2427 ast,
1907 2386 2011 2430 selme
2028 2398 2085 2431 pro

1152 2444 1228 2468 certo
1238 2459 1248 2475 ,
1273 2435 1354 2477 quod
1360 2434 1510 2476 quidquid
1508 2433 1653 2475 jufferms
1664 2456 1675 2473 ,
1696 2431 1751 2475 seu
1756 2434 1930 2476 proficiendi
1951 2437 2083 2481 Hieroso-

1153 2485 1276 2525 lymam,
1298 2483 1362 2527 fivb
1373 2488 1495 2516 Romam
1505 2504 1516 2520 ,
1535 2481 1601 2524 five*
1614 2483 1659 2515 ad
1668 2483 1808 2517 sanem
1821 2485 1853 2528 J
1855 2486 1993 2528 cacabum,
2033 2488 2086 2523 vel

1153 2535 1300 2577 quidquid
1310 2532 1388 2575 idfit
1397 2557 1406 2572 ,
1415 2539 1545 2574 paratus
1551 2529 1620 2574 sum
1632 2532 1833 2576 obtemperare
1841 2560 1852 2576 ,
1881 2535 1924 2571 ita
1937 2536 2026 2581 quod
2037 2538 2082 2573 fe-

1154 2586 1185 2618 re
1201 2586 1307 2618 cunffl
1318 2583 1373 2627 qui
1385 2582 1519 2616 aderant
1531 2605 1541 2621 ,
1568 2582 1716 2617 videntes
1729 2584 1950 2621 humilitatem
1962 2588 1996 2622 ὃς
2018 2587 2080 2623 de·

1153 2632 1418 2676 votionemejus,
1446 2632 1500 2665 vix
1513 2632 1857 2678 poterantlachrymas
1877 2637 2047 2673 continere
2070 2661 2081 2672 .

1151 2684 1215 2719 His
1224 2683 1361 2727 expletis
1370 2706 1381 2724 ,
1410 2693 1450 2715 ne
1460 2680 1536 2726 quid
1548 2681 1588 2715 ad
1602 2680 1680 2716 boni
1691 2684 2014 2722 consummationem
2026 2688 2081 2723 de-

1150 2737 1225 2769 effet
1237 2758 1249 2774 ,
1273 2732 1478 2768 deduxerunt
1490 2741 1565 2766 eum
1575 2732 1692 2778 Legati
1703 2745 1743 2768 ex
1756 2737 1883 2779 propria
1900 2737 2004 2782 Regis
2026 2748 2082 2772 vo-

1150 2786 1182 2818 lu
1188 2794 1275 2819 ntate
1286 2794 1376 2817 extra
1387 2781 1509 2816 ostium
1523 2781 1669 2817 Ecclefiae
1679 2807 1690 2824 ,
1701 2783 1812 2829 ibique
1823 2786 1915 2820 flexis
1928 2787 2079 2832 genibus,

1151 2847 1218 2869 non
1230 2843 1339 2868 tamen
1352 2833 1458 2867 exutis
1470 2831 1611 2867 vestibus
1622 2856 1633 2873 ,
1658 2845 1762 2878 neque
1782 2835 1964 2871 verberibus
1984 2848 2084 2881 appo·

1149 2885 1213 2918 sitis
1225 2909 1235 2925 ,
1260 2883 1425 2918 absolutus
1436 2882 1480 2916 est
1495 2906 1507 2922 ,
1533 2883 1566 2916 δι
1579 2883 1613 2916 in
1636 2882 1811 2920 Ecclesiam
1839 2886 2042 2922 introductus
2066 2910 2076 2919 .

1153 2935 1192 2968 Er
1206 2944 1242 2968 ut
1254 2934 1355 2976 aliqui
1368 2931 1408 2966 de
1422 2932 1543 2977 Regno
1554 2932 1751 2968 Francorum
1767 2934 1831 2970 haec
1845 2937 1886 2972 ita
1897 2935 2079 2979 proceffifl‘e

1149 2984 1384 3028 cognoscerent
1404 3006 1416 3022 ‚
1442 2982 1621 3017 statuerunt
1645 2984 1734 3026 quod
1762 2985 1863 3020 Archi
1875 3005 1884 3012 -
1896 2985 2079 3028 Episcopus

1149 3033 1349 3068 Turonensis
1358 3032 1391 3066 &
1402 3031 1592 3077 suffraganei
1604 3032 1673 3074 ejus
1690 3045 1800 3069 coram
1815 3034 1908 3080 Rege
1918 3031 1951 3070 ec
1975 3034 2081 3080 Lega-

1149 3086 1191 3118 tis
1202 3083 1397 3127 praesentiam
1408 3082 1496 3116 suam
1512 3082 1703 3117 exhiberent
1714 3085 1796 3128 apud
1810 3085 1996 3120 Cadomum
2008 3095 2080 3127 pro-

1148 3135 1236 3169 xima
1246 3133 1300 3168 die
1311 3132 1428 3167 Martis
1442 3132 1511 3174 post
1536 3130 1768 3168 Ascenssonem
1789 3135 1928 3169 Domini
1944 3132 1951 3166 ζ
1970 3132 2077 3183 Qod

1150 3185 1222 3219 Rex
1237 3183 1378 3228 juravit,
1404 3181 1506 3216 Filius
1517 3182 1590 3216 suus
1601 3183 1675 3218 Rex
1695 3195 1792 3220 manu
1814 3185 1870 3218 sua
1891 3184 2033 3218 firmavit
2044 3183 2080 3217 in

1127 3268 1131 3276 ,
1149 3245 1249 3269 manu
1258 3233 1399 3268 Domini
1413 3231 1539 3265 Alberti
1553 3233 1734 3269 Cardinalis
1746 3259 1757 3277 ‚
1769 3238 1797 3268 se
1808 3245 1847 3269 ex
1859 3242 1944 3277 parte
1955 3235 2010 3268 sua
2020 3232 2080 3268 ob·

1128 3283 1132 3305 ¹
1150 3286 1344 3319 servaturum
1358 3307 1365 3314 .
1396 3282 1436 3314 Et
1459 3280 1480 3313 fi
1506 3281 1579 3316 Rex
1592 3308 1603 3324 ,
1641 3284 1689 3318 vel
1714 3294 1817 3318 morte
1833 3284 1884 3317 vel
1904 3284 1966 3319 alia
1985 3283 2080 3318 causa

1129 3323 1132 3350 ¹
1151 3334 1339 3380 praepeditus
1351 3356 1360 3372 ,
1387 3331 1616 3375 poenitentiam
1629 3334 1722 3370 istam
1732 3332 1895 3379 complere
1905 3345 1975 3370 nou
1986 3343 2083 3379 pote·

1151 3385 1211 3429 rit,
1238 3380 1329 3429 quod
1339 3381 1393 3416 ille
1406 3380 1570 3427 perficiet.

1932 3528 2042 3571 Em.
