2358 3776
391 86 514 151 rui
1033 95 1585 150 EP1sT0LAE

333 189 427 226 vobis
446 197 496 224 tot
518 183 663 223 movebit
677 183 720 222 de
730 193 846 223 cattero
867 185 1080 230 quaestiones,
1107 189 1141 223 &
1164 198 1220 222 vos
1234 186 1267 220 in
1331 196 1384 221 me
1393 187 1567 231 prudentia
1584 185 1725 227 doceat,
1752 186 1787 222 ἀ
1807 185 1931 225 curiosa
1952 189 2138 237 malignitas
2154 184 2267 227 nostra-

330 239 485 275 omnibus
510 248 663 282 poterunt
693 238 911 281 experimenta
942 238 1108 281 praesentia
1138 238 1269 274 reddere
1331 236 1472 272 invicem
1486 237 1589 272 studia
1602 249 1669 273 non
1682 238 1877 282 cognoscat.

329 299 509 324 cautiores.

379 338 442 372 Sed
453 349 559 382 neque
572 338 663 372 vobis
674 338 759 381 apud
771 337 924 371 homines
934 336 1076 382 gloriam
1092 337 1268 373 videamini

328 399 466 432 quaerere
477 389 527 423 vel
547 387 773 432 triumphum,
801 388 853 421 sed
878 386 988 431 Regi,
1015 389 1171 432 tanquam
1194 400 1268 432 prae-

325 438 456 473 cellenti
468 463 480 479 ,
505 439 616 474 omnis
628 439 735 471 honor
747 461 758 477 ,
784 439 894 471 omnis
908 436 1039 471 victoria
1058 439 1245 473 conferatur
1259 450 1265 469 ι

323 488 419 522 Dum
430 500 540 523 tamen
554 489 646 522 vobis
669 487 765 522 liceat
787 487 898 522 coram
920 488 997 522 Deo
1009 487 1050 521 de
1060 489 1267 523 conscientiae

323 538 430 572 vestrae
441 538 633 572 testimonio
643 537 795 583 gloriari.
827 538 901 583 Ego
913 538 990 571 vero
1011 535 1108 572 fidele
1130 539 1199 582 paci
1215 550 1264 572 ve-

325 588 396 621 strae
407 588 624 622 ministerium
646 589 853 628 undevotus,
880 588 925 621 ita
949 597 1119 631 promptus
1145 589 1265 632 impen-

321 636 398 672 dam
410 661 423 679 ,
448 640 606 682 quoniam
617 637 796 673 adversitati
810 637 918 672 vestrae
930 661 941 678 ,
969 637 1044 672 Deo
1055 637 1134 672 teste
1147 661 1158 679 ‚
1179 650 1265 673 com-

323 689 433 733 patior
444 713 455 729 ,
485 689 519 723 &
530 689 701 732 personam
714 689 850 723 vestram
861 688 895 722 &
906 690 1038 723 causam
1062 689 1188 723 sincerae
1198 688 1264 723 bra-

320 737 404 772 chiis
424 737 592 774 charitatis
613 740 809 783 amplector.
843 737 980 772 Certum
1003 737 1157 783 siquidem
1178 739 1223 773 est
1251 762 1263 779 ,

319 788 410 833 quod
421 790 586 825 fortunam
599 790 733 824 vestram
745 789 779 824 ὅ(
791 788 959 831 personam
969 800 1028 833 pro
1046 789 1198 824 fratribus
1214 800 1261 823 ve·

317 839 389 873 stris
401 838 486 877 velut
498 838 662 884 quoddam
677 837 906 881 holocaustum
919 840 953 873 in
965 838 1101 874 odorem
1126 839 1262 874 suavita-

316 888 359 923 tis
367 889 491 924 offertis
500 914 511 930 ,
539 890 679 924 utlabor
691 887 791 922 vester
812 888 910 924 nobis
930 888 1026 925 cedat
1038 889 1079 924 ad
1092 890 1237 934 requiem
1248 913 1259 931 ,

317 938 431 982 inopia
443 940 544 974 vestra
555 940 677 974 nostras
687 938 819 974 dirimat
830 939 999 974 facultates
1010 963 1021 980 ,
1046 939 1080 975 δι
1100 939 1191 984 quod
1214 950 1260 974 re—

314 987 613 1024 fiduumlibertatis
622 990 666 1023 est
680 1013 692 1029 ,
718 989 874 1032 patientia
893 988 992 1024 nobis
1014 989 1116 1025 vestra
1138 990 1256 1025 confir-

312 1048 398 1072 met.
430 1039 623 1074 Proindelic
635 1037 801 1085 agendum
816 1039 879 1075 erit
901 1038 1007 1080 mihi,
1032 1048 1069 1074 ut
1091 1051 1144 1075 me
1166 1039 1258 1075 vobis

300 1106 302 1108 v
312 1088 419 1132 prima
429 1089 512 1127 facie
525 1090 674 1132 profitear
685 1089 874 1125 inimicum:
903 1090 996 1138 Qia
1013 1091 1156 1124 amicum
1179 1101 1256 1134 pro·-

310 1137 419 1172 fitenri
430 1149 535 1182 neque
543 1139 623 1174 fides
637 1140 807 1175 haberetur
821 1165 833 1181 ,
851 1151 912 1174 nec
922 1139 1042 1184 aliquis
1062 1140 1257 1186 praestaretur

311 1188 465 1223 accessus.
494 1188 620 1224 Poterit
631 1190 734 1236 igitur
744 1190 960 1225 conciliando
971 1191 1076 1225 favori
1089 1190 1254 1226 simulatio

309 1237 471 1273 deservire
481 1263 492 1280 ‚
518 1249 553 1272 ut
564 1240 699 1275 utilitati
713 1241 819 1274 vestras
830 1240 959 1275 cautius
982 1241 1083 1274 virtus
1104 1242 1212 1284 operis
1222 1240 1254 1274 ὃ(

308 1288 466 1323 industria
479 1289 634 1324 sermonis
644 1289 828 1324 incumbat.
855 1288 1003 1324 Proinde
1013 1289 1254 1329 consolamini,

307 1338 387 1381 quia
409 1339 450 1372 de
468 1339 610 1373 adventu
633 1338 701 1382 ejus
720 1339 762 1374 ad
785 1350 889 1384 partes
912 1340 986 1374 istas
997 1340 1136 1384 plurima
1158 1340 1254 1375 nobis

307 1388 527 1423 commoditas
548 1389 666 1435 incipit
685 1400 855 1433 apparere.
881 1390 973 1438 Qia
997 1391 1128 1434 prassens
1149 1390 1252 1430 effica‘

305 1438 377 1472 cius
399 1438 440 1472 ab
458 1436 530 1478 his,
556 1438 614 1482 qui
636 1450 695 1473 vos
716 1438 884 1484 diligunt,
909 1440 1029 1482 poterit
1046 1440 1214 1484 implorari
1241 1463 1253 1480 ,

305 1498 368 1521 nec
382 1488 571 1521 indecorum
582 1487 639 1521 fibi
652 1498 798 1532 reputare
807 1488 926 1532 poterit
936 1499 1053 1524 eorum
1074 1488 1253 1524 authorita-

305 1536 331 1571 ti
344 1536 477 1576 cedere,
505 1537 706 1582 acquiescere
717 1538 888 1578 confiliis,
912 1537 1061 1582 precibus
1073 1538 1228 1574 inclinari
1243 1563 1250 1571 .

356 1586 462 1621 Venit
474 1595 583 1621 aurem
594 1586 698 1621 animi
709 1585 811 1621 solito
824 1587 1054 1623 mansuetioris
1063 1612 1074 1629 ,
1101 1597 1139 1622 ut
1147 1588 1251 1631 ajunt.

307 1636 398 1686 Qia
417 1636 567 1672 animum
588 1635 675 1678 ejus,
699 1636 776 1670 licet
789 1637 857 1679 ipse
876 1638 1077 1679 distimulet,
1103 1637 1252 1682 quaedam

300 1687 450 1732 praesagae
458 1687 644 1720 futurorum
656 1686 891 1718 amaritudines
905 1687 1116 1730 interpellant
1133 1711 1145 1728 ‚
1170 1699 1251 1731 quo-

302 1734 609 1779 niamintelligitin
621 1733 781 1778 plerisque
795 1733 877 1768 locis
898 1732 955 1769 fibi
977 1735 1137 1770 scintillas
1162 1738 1252 1779 quas-

303 1786 380 1821 dam
391 1785 431 1820 ad
442 1784 614 1820 excitanda
627 1783 780 1819 incendia
790 1784 961 1819 confoveri
972 1809 980 1815 .
993 1785 1151 1819 Movetur
1161 1785 1251 1819 enim

302 1837 506 1871 Francorum
517 1833 645 1869 invidia
656 1859 667 1875 ,
688 1834 864 1869 calumniis
875 1834 1145 1876 Flandrenfium,
1161 1835 1250 1869 Wal-

301 1886 436 1923 lenfinm
448 1884 659 1929 improbitate
670 1907 682 1925 ,
709 1886 887 1921 Scotorum
899 1884 1023 1920 insidiis
1033 1909 1044 1926 ,
1066 1885 1250 1920 temeritate

300 1937 476 1972 Britonum
486 1957 497 1974 ‚
521 1934 731 1969 pictavorum
746 1934 923 1970 foederibus
936 1959 948 1976 ,
967 1935 1134 1970 interioris
1147 1934 1250 1980 Aqui-

299 1986 396 2024 tanias
407 1984 587 2029 sumptibus
596 2009 607 2026 ,
634 1985 847 2020 Guasconum
861 1984 996 2020 levitate
1008 2008 1020 2026 ,
1030 1985 1066 2020 ἀ
1079 1985 1170 2029 quod
1183 1995 1251 2030 gra·

299 2039 375 2073 vius
386 2037 432 2072 est
446 2061 458 2077 ,
482 2035 646 2070 simultate
666 2033 733 2070 fere
752 2035 905 2070 omnium
918 2059 930 2076 ,
966 2036 1193 2080 quoscumque
1203 2033 1258 2069 di»

298 2086 463 2129 tioniejus
482 2085 612 2121 constat
629 2085 694 2120 effe
729 2083 905 2130 subjestos.
943 2086 1128 2129 Suspectam
1150 2084 1250 2119 etiam

298 2138 398 2174 habet
409 2137 553 2172 Romani
565 2134 760 2177 Pontificis,
786 2135 886 2179 quam
901 2135 967 2179 ipse
994 2145 1089 2170 motu
1112 2135 1249 2179 repenti·

298 2200 344 2224 no
365 2187 553 2226 contraxit,
576 2186 753 2222 offensam.
784 2185 965 2232 Regnique
987 2184 1089 2220 status
1109 2183 1192 2219 adeo
1207 2183 1247 2220 de

297 2238 449 2276 absentias
458 2237 569 2273 vestrae
578 2238 674 2272 causa
687 2236 844 2271 confusus
854 2235 901 2270 est
915 2258 928 2276 ,
952 2244 990 2269 ut
1013 2245 1074 2269 nec
1097 2234 1248 2269 Ecclesia-

297 2290 376 2325 stica
400 2288 461 2323 nec
491 2287 652 2323 saecularia
683 2287 741 2320 suo
763 2284 943 2329 procedant
964 2283 1082 2320 ordine
1097 2298 1109 2319 :
1137 2284 1249 2329 neque

296 2340 469 2386 quisquam
483 2338 564 2373 sciat
574 2336 654 2382 quid
666 2335 729 2379 juri
741 2334 968 2371 Ecclesiastico
981 2356 993 2376 ,
1018 2335 1098 2379 quid
1121 2335 1250 2370 saecula·

296 2393 325 2426 ri
336 2390 452 2433 debeat
463 2387 639 2433 affignare.
667 2386 736 2420 Pro
758 2384 810 2420 his
831 2385 987 2421 omnibus
1007 2385 1175 2430 proposuit
1186 2386 1249 2429 pri·

298 2441 358 2476 mo
370 2450 445 2474 cum
459 2438 551 2484 Rege
561 2438 765 2476 Francorum
776 2435 1040 2480 quibuscumque
1048 2434 1245 2470 conditioni·

300 2489 360 2525 bus
375 2489 556 2524 convenire
567 2512 578 2528 ‚
604 2498 640 2522 ut
651 2488 711 2522 suo
720 2486 861 2530 &ipsius
872 2495 995 2522 terrore
1006 2486 1183 2528 conjunsto
1194 2487 1246 2521 fa-

301 2538 396 2577 cilius
408 2540 502 2583 poffit
513 2550 625 2573 caetcra
637 2537 848 2581 complanare
860 2560 868 2570 .
894 2535 1065 2580 Disposuit
1074 2535 1176 2571 etiam
1188 2560 1200 2577 ,
1213 2537 1247 2570 si-

301 2589 486 2632 cutajunt,
516 2590 550 2623 in
571 2588 730 2632 plerisque
750 2586 865 2622 mitius
875 2597 992 2632 agere,
1018 2597 1055 2621 ut
1077 2584 1117 2620 ad
1131 2598 1243 2630 pacem

303 2639 414 2673 omnia
427 2638 633 2672 diffimulatis
645 2636 997 2680 revocenturinjuriis,
1023 2637 1059 2672 ἀ
1081 2637 1149 2681 ipse
1160 2637 1246 2672 cele-

300 2691 326 2724 ri
342 2688 446 2723 reditu
463 2689 502 2722 ad
515 2687 754 2732 reprimendam
768 2686 984 2722 Wallensium
996 2696 1173 2722 revertatur
1183 2699 1244 2722 au-

303 2739 431 2774 daciam
444 2762 454 2779 ,
481 2732 750 2781 prstxsquamcum
760 2737 808 2770 eis
831 2737 924 2771 Scoti
945 2737 1158 2781 Britonesque
1169 2748 1243 2772 cou-

301 2790 455 2829 veniant,
480 2789 514 2822 &
540 2786 681 2821 Albania
695 2810 707 2827 ‚
730 2787 808 2819 sicut
828 2785 1136 2830 prophetatum'est,
1162 2787 1241 2823 inci-

302 2841 371 2882 piat
394 2837 577 2881 indignari.
599 2835 704 2870 Venit
727 2836 827 2881 igitur
852 2837 1008 2880 imperata
1031 2839 1193 2879 facturus,
1219 2838 1241 2872 fi

302 2889 399 2924 fuerit
421 2888 475 2930 qui
498 2887 576 2920 sciat
600 2886 652 2920 vel
673 2886 790 2920 audeat
813 2887 987 2930 imperare:
1016 2888 1240 2923 Utiliusaesti-

301 2949 396 2973 mans
405 2937 528 2980 aliquid
540 2937 580 2970 ad
592 2946 717 2979 tempus
728 2935 767 2969 de
778 2936 859 2970 fastu
885 2937 999 2971 veteris
1021 2939 1178 2983 supercilii
1200 2938 1241 2973 se·

301 2988 484 3032 questum,
514 2997 611 3030 quam
632 2987 811 3029 exspectare
835 2996 872 3021 ut
892 2987 926 3020 in
950 2988 1206 3032 perniciemejus
1232 3013 1243 3029 ,

301 3050 373 3083 quae
387 3036 533 3081 praedicia
544 3037 617 3070 sunt
628 3060 640 3077 ,
665 3036 778 3071 omnia
790 3036 840 3069 vel
853 3036 1004 3080 pleraque
1015 3049 1212 3074 concurrant
1236 3064 1243 3071 .

297 3088 417 3123 Valere
430 3108 438 3118 .

351 3138 519 3173 Dominus
532 3137 700 3180 personam
712 3137 880 3171 conservet
901 3136 1101 3172 incolumem
1112 3163 1122 3179 ,
1147 3138 1242 3172 &ad-

301 3189 483 3224 versitatem
507 3187 642 3221 vestram
675 3186 829 3221 velociter
854 3186 895 3221 ad
929 3185 1089 3221 secundos
1112 3188 1241 3223 reducat

301 3248 438 3273 eventus
451 3262 458 3269 .
487 3235 613 3272 Verum
626 3238 646 3270 li
660 3236 725 3270 haec
738 3236 837 3270 alicui
849 3235 1010 3270 duxeritis
1022 3236 1237 3279 ostendenda,

299 3300 422 3323 nomen
435 3288 648 3331 supprimatur
671 3287 854 3321 Authoris:
880 3287 970 3334 Qia
993 3287 1156 3331 quantum
1171 3299 1240 3323 mea
1306 3304 1311 3309 ·

303 3339 425 3371 interfit
447 3336 512 3372 haec
535 3338 575 3371 ad
598 3337 699 3382 Regis
723 3337 875 3371 notitiam
898 3348 963 3371 non
980 3348 1113 3377 venire,
1140 3338 1237 3372 vestra

301 3389 498 3430 experientia
513 3388 742 3433 nonignorat.
772 3386 954 3421 Rescribite
965 3386 1202 3422 mihicrebriu's
1229 3414 1239 3430 ‚

304 3437 358 3472 sed
370 3436 486 3472 secrete
500 3461 510 3477 ,
536 3448 573 3473 ut
585 3437 756 3483 quomodo
781 3437 1023 3483 procedendum
1044 3438 1082 3472 fit
1100 3462 1111 3478 ,
1138 3437 1241 3477 vestra

1378 288 1541 324 Salutatio
1553 300 1623 323 mea
1635 299 1734 323 manu
1745 287 1889 321 Milonis
1901 312 1908 319 .

1462 386 1871 424 EPISTOLA
1932 385 2128 426 LXXXVI.

1438 487 1557 523 Tbomae
1582 485 1795 528 cantuariensi
1816 486 2062 532 Archi-Epiftopo,
2082 488 2158 535 suus

1702 538 1901 581 Ernulphus.

1422 635 1602 674 IUTIUS
1627 638 1810 682 exspeaavi
1834 662 1845 678 ,
1881 639 1905 673 fi
1927 638 2007 684 quid
2032 638 2118 675 sorte
2136 639 2269 676 auribus

1445 688 1525 722 meis
1546 689 1760 728 insonuisset,
1796 689 1885 733 quod
1907 690 2013 725 vestre
2037 689 2198 726 sanctitati
2220 691 2270 727 di·

1324 745 1426 780 gnum
1446 737 1596 774 ducerem
1619 740 1795 774 intimare.
1834 737 1959 774 Verum
1979 741 2139 784 quoniam
2165 740 2268 776 video

1324 796 1381 820 vos
1400 787 1435 821 ἀ
1455 788 1575 825 vestros
1594 789 1763 825 oblivioni
1787 788 1883 824 datos
1907 790 2063 835 tanquam
2085 801 2235 826 mortuos
2247 792 2268 826 ὲ

1323 835 1438 877 corde,
1466 849 1528 872 nec
1535 839 1580 873 est
1593 840 1649 883 qui
1662 838 1848 874 consoletur
1861 851 1919 875 vos
1930 853 1970 876 ex
1980 840 2139 876 omnibus
2160 839 2267 876 charis

1322 886 1432 921 vestris
1443 911 1454 928 ‚
1465 889 1593 933 stupens
1602 888 1747 924 admiror
1760 900 1889 924 tantum
1900 890 2071 927 charitatis
2080 891 2241 926 defectum
2251 914 2264 932 ,

1320 945 1397 971 cum
1405 947 1448 972 ex
1459 936 1510 973 his
1523 963 1534 979 ‚
1559 950 1644 983 quos
1656 939 1708 974 vel
1721 940 1920 976 excellentia
1931 941 2052 986 gradus
2061 966 2073 984 ,
2100 941 2152 976 vel
2173 940 2266 976 obse-

1320 986 1437 1027 quium
1455 988 1632 1034 multiplex
1654 991 1852 1032 comparaffe
1874 989 2046 1026 videbatur
2065 1013 2076 1031 ,
2107 990 2262 1026 fidelibus

1321 1036 1354 1070 δε
1364 1037 1479 1073 amicis
1491 1049 1533 1072 ne
1543 1050 1628 1074 unus
1639 1038 1775 1083 quidem
1787 1037 1915 1074 relictus
1924 1038 1963 1076 fit
1976 1065 1989 1081 ,
2013 1042 2071 1085 qui
2096 1041 2218 1077 steterit
2229 1041 2266 1075 ita

1319 1086 1405 1127 fide,
1432 1087 1488 1130 qui
1501 1099 1570 1122 non
1579 1087 1760 1123 curvaverit
1769 1098 1878 1132 genua
1893 1089 1949 1125 sua
1959 1098 2037 1124 ante
2058 1089 2163 1131 Baal,
2189 1101 2266 1127 om·

1319 1136 1414 1170 nibus
1425 1137 1510 1180 quali
1523 1139 1558 1173 in
1577 1149 1754 1173 commune
1775 1138 1967 1175 sententiam
1988 1139 2228 1184 proferentibus
2250 1162 2266 1182 ,

1317 1185 1450 1221 obedire
1469 1188 1575 1234 magis
1595 1187 1726 1223 homini
1748 1189 1845 1233 quam
1864 1190 1939 1224 Deo
1958 1198 2110 1234 oportere
2141 1213 2152 1221 -
2179 1189 2263 1224 Filii

1317 1235 1414 1271 alieni
1426 1239 1556 1272 mentiti
1569 1239 1642 1272 sunt
1651 1239 1745 1273 vobis
1756 1262 1768 1279 ,
1794 1239 1854 1272 filii
1866 1239 1965 1273 alieni
1979 1238 2149 1274 inveterati
2160 1239 2235 1277 sunt
2250 1262 2260 1273 .

1319 1286 1363 1321 Et
1374 1286 1433 1320 nisi
1444 1288 1521 1331 quia
1534 1288 1673 1331 populus
1683 1314 1694 1329 ,
1720 1299 1820 1332 quem
1834 1300 1903 1322 non
1914 1289 2140 1334 cognovistis,
2169 1289 2266 1324 servi·

1318 1337 1364 1370 vit
1377 1336 1492 1378 vobis,
1521 1338 1555 1371 in
1568 1337 1683 1373 auditu
1693 1338 1780 1374 auris
1794 1338 2007 1380 obediturus,
2031 1339 2148 1382 utique
2168 1336 2261 1384 quali

1315 1385 1459 1421 Sodoma
1471 1387 1659 1430 fuissemus,
1685 1389 1720 1423 δι
1731 1389 1817 1430 quali
1840 1387 2028 1424 Gomorrha
2051 1388 2172 1424 similes
2183 1387 2263 1426 effe·

1317 1447 1407 1471 mus.
1436 1437 1496 1471 Me
1507 1448 1663 1482 quoque,
1686 1438 1710 1471 fi
1723 1437 2167 1485 liceatmagniscomponere
2186 1449 2260 1484 par·

1317 1497 1355 1521 va
1379 1510 1392 1526 ‚
1419 1484 1558 1522 fortunae
1575 1487 1687 1522 similis
1710 1489 1825 1533 premit
1849 1489 2039 1535 indignatio
2058 1497 2152 1524 tante
2172 1511 2186 1529 ,
2222 1497 2262 1524 ut

1317 1536 1427 1570 nullus
1437 1547 1571 1576 eorum,
1597 1538 1653 1582 qui
1666 1538 1766 1573 verbo
1777 1539 1891 1575 saltem
1906 1539 2061 1575 haetenus
2083 1537 2168 1573 mihi
2189 1538 2261 1582 fue·

1315 1595 1390 1618 rant
1415 1585 1576 1627 blanditi,
1603 1587 1746 1622 Nunciis
1768 1589 1872 1629 meis,
1897 1601 1954 1634 per
1974 1601 2059 1635 quos
2080 1585 2150 1624 nora
2162 1587 2264 1623 fuel

1314 1646 1371 1669 eos
1381 1633 1557 1669 sollicitavi
1571 1660 1582 1676 ,
1607 1646 1668 1670 nec
1679 1639 1744 1670 Ave
1759 1637 1868 1671 dicere
1885 1661 1897 1678 ,
1922 1649 1983 1673 nec
2003 1639 2122 1678 ullum·

1314 1685 1390 1719 dare
1403 1685 1507 1720 velint
1530 1685 1717 1729 responsum
1729 1709 1739 1718 .
1765 1685 1896 1721 Recens
1915 1687 2024 1722 noster
2044 1683 2265 1730 ¹Archi-81³3

1314 1744 1417 1776 copus
1425 1757 1437 1773 ‚
1463 1734 1558 1776 cujus
1568 1736 1813 1777 promotionem
1826 1737 2004 1778 plurimum
2014 1733 2098 1770 mihi
2109 1736 2260 1781 proflatu·

1313 1791 1381 1815 ram
1394 1782 1581 1825 sperabam,
1606 1783 1647 1817 ad
1662 1783 1801 1827 gratiam
1811 1786 1858 1818 sui
1871 1785 1972 1829 Regis
1995 1796 2166 1829 nunquan
2181 1806 2194 1826 ,
2218 1794 2258 1821 ut

1312 1832 1433 1872 audio,
1460 1832 1561 1866 tantis
1572 1832 1694 1867 viribus
1717 1833 1903 1868 anhelavit:
1931 1834 2012 1878 Ejus
2024 1835 2132 1869 necin
2146 1834 2261 1870 modi·

1312 1893 1354 1916 co
1366 1881 1585 1926 promiffionis
1595 1882 1694 1917 fidem
1705 1881 1813 1918 adhuc
1825 1885 1991 1929 experior.
2017 1885 2173 1928 Superest
2196 1884 2261 1930 igi·

1310 1941 1385 1974 tur,
1412 1940 1448 1966 ut
1461 1932 1521 1966 soli
1536 1931 1611 1966 Deo
1620 1933 1736 1967 omnia
1747 1935 2017 1976 committamus,
2031 1934 2182 1969 dieentes·
2203 1934 2258 1969 eit

1312 1983 1442 2015 Domine
1452 1982 1495 2014 ad
1502 1991 1535 2016 te
1549 1979 1622 2025 fiant
1642 1983 1815 2024 oculi-nostri
1842 2009 1853 2025 ‚
1879 1987 1959 2020 unde*
1979 1990 2082 2019 veniet
2096 1983 2257 2019 ‘auxilinm

1310 2030 1396 2065 nobis
1409 2055 1415 2063 .
1423 2032 1456 2074 J
1455 2033 1543 2066 udica
1552 2029 1675 2076 causam
1691 2034 1818 2072 nostram
1840 2060 1850 2075 ‚
1875 2040 1928 2078 qui
1933 2033 2014 2078 silus
2029 2037 2124 2069 Pater
2135 2033 2258 2078 Orpbe-

1311 2091 1433 2123 norum,
1458 2083 1493 2115 θ
1514 2083 1619 2124 Iudex
1642 2085 1811 2118 Viduarum
1833 2096 1864 2118 es
1877 2109 1889 2126 ,
1915 2083 2257 2127 &judtcimfaechin-

1303 2134 1420 2173 jurium
1426 2132 1618 2174 pauentibus
1633 2158 1640 2165 .
1667 2134 1743 2179 Ego
1755 2134 1888 2178 quidem
1901 2159 1912 2175 ‚
1936 2134 2125 2170 siDomino
2142 2144 2222 2169 meo
2241 2153 2256 2176 ο

1309 2193 1387 2216 cum
1400 2183 1471 2216 sum
1486 2181 1578 2216 labiis
1590 2182 1882 2219 incircumcisus&
1892 2185 2012 2225 corde,
2030 2183 2125 2230 loqui
2136 2182 2257 2226 audeo,

1309 2243 1365 2276 per
1373 2243 1450 2266 eum
1463 2254 1475 2273 ,
1500 2232 1592 2276 cujus
1603 2234 1733 2268 causam
1745 2235 1843 2279 agitis
1856 2246 1930 2274 vos,
1954 2234 2120 2275 obtestor,
2143 2241 2256 2278 nevos

1309 2282 1328 2316 a
1344 2282 1428 2316 solio
1440 2281 1535 2316 bonae
1543 2284 1752 2327 conscientiae
1762 2285 1871 2319 nullus
1893 2283 2040 2328 unquam
2056 2282 2158 2318 turbo
2176 2279 2258 2327 deji-

1307 2332 1392 2367 ciat.
1420 2331 1641 2366 Necmoleste
1652 2334 1762 2368 feratis
1776 2357 1788 2374 ,
1825 2332 1914 2377 quod
1932 2334 2022 2377 quali
2043 2334 2191 2378 privatus
2211 2332 2258 2368 ei-

1308 2392 1375 2417 tam
1388 2382 1504 2427 agitis,
1530 2382 1614 2416 olim
1627 2382 1808 2425 stequentia
1825 2384 1987 2417 clientelae
1996 2383 2255 2428 circumstant.

1307 2432 1531 2480 Qaecumque
1542 2432 1684 2466 mundus
1699 2434 1819 2477 irrogat
1830 2456 1842 2472 ,
1871 2433 1941 2477 ipso
1952 2430 2050 2466 altior
2066 2432 2226 2467 sustinete
2238 2456 2252 2473 ,

1308 2482 1413 2518 immo
1423 2481 1579 2526 despicite
1591 2506 1603 2523 ,
1630 2483 1664 2516 in
1677 2483 1835 2516 omnibus
1846 2483 1966 2527 gratias
1977 2482 2067 2527 agite
2078 2482 2156 2516 Deo
2164 2504 2178 2522 ,
2198 2490 2255 2515 cu·

1305 2533 1353 2578 jus
1362 2532 1590 2567 misericordia
1612 2543 1672 2566 vos
1696 2532 1736 2566 ad
1748 2533 1882 2576 praesens
1904 2534 1922 2566 a
1944 2532 2089 2566 tumultu
2109 2529 2254 2567 malari

1309 2582 1512 2630 segregavit,
1535 2592 1574 2617 ut
1596 2582 1650 2616 -vel
1663 2583 1832 2617 modicum
1857 2590 1982 2625 tempus
1992 2581 2027 2615 in
2048 2578 2254 2624 contempla-

1305 2634 1398 2669 tione
1414 2633 1541 2668 ducatis
1561 2633 1595 2667 ὅ(
1617 2632 1748 2676 quiete,
1771 2631 1806 2666 &
1830 2642 1905 2665 cum
1928 2631 2056 2671 Maria,
2079 2629 2252 2674 qunopti‘-

1306 2695 1394 2719 mam
1413 2693 1540 2727 partem
1561 2682 1681 2727 elegit,
1709 2682 1750 2717 ad
1772 2681 1867 2725 pedes
1888 2680 1958 2722 ejus
1976 2679 2089 2714 sedens
2111 2678 2251 2717 verbu‘n

1306 2734 1374 2778 ejus
1384 2732 1525 2769 audiatis
1537 2757 1545 2765 .
1575 2733 1732 2776 Supplico
1748 2730 1889 2766 Pater&
1901 2731 2070 2771 Domine,
2091 2739 2130 2765 ut
2148 2727 2250 2765 dese-

1304 2786 1374 2820 lute
1385 2785 1486 2818 vestra
1499 2807 1512 2824 ,
1535 2783 1602 2818 fine
1613 2794 1676 2827 qua
1685 2782 1768 2817 nihil
1784 2781 1867 2815 mihi
1890 2780 2072 2825 jucundum
2088 2781 2122 2814 in
2142 2779 2210 2815 vite
2235 2800 2250 2820 ,

1305 2836 1340 2869 δε
1363 2835 1405 2869 de
1422 2836 1507 2869 statu
1532 2834 1637 2868 vestro
1652 2857 1667 2874 ,
1703 2832 1797 2875 cujus
1822 2831 2034 2865 incolumitas
2063 2828 2183 2864 sufficit
2203 2827 2248 2865 ad

1305 2895 1433 2924 meam,
1461 2885 1590 2919 servum
1600 2883 1739 2918 vestrum
1750 2882 1960 2922 certificetis,
1984 2881 2019 2915 δε
2039 2881 2150 2914 vestra
2169 2878 2246 2914 serit

1305 2944 1361 2981 pto
1371 2933 1591 2969 Beatitudinis
1601 2931 1759 2967 consolari
1777 2931 1963 2976 dignemini
1987 2955 1999 2972 ,
2034 2936 2072 2964 ut
2095 2928 2249 2964 consola-

1304 2986 1397 3021 tione
1410 2985 1512 3019 vestra
1527 2992 1746 3028 paupertatem
1769 2992 1875 3015 meam
1898 2981 2056 3016 aestimem
2078 2979 2213 3016 divitias
2228 2998 2246 3013 ,-

1306 3034 1499 3073 Chariffime
1509 3033 1648 3080 Pater&
1662 3032 1814 3068 Domine
1823 3031 1946 3101 ,Rhene
1958 3030 2066 3067 valete
2077 3055 2089 3065 .

1962 3209 1978 3228 l

2120 3454 2241 3512 21³1-¹
