2358 3776
311 102 364 150 ms.
435 95 819 145 THOMAE
888 86 1796 147 CANTUARIENSIS.

121 196 161 232 de
182 193 287 232 Broc,
312 189 371 233 qui
389 187 478 223 bona
503 185 650 221 Ecclesia:
670 180 932 220 Cantuarienfis,
957 178 1064 214 homi·
1095 174 1102 186 ’“

122 245 241 287 nesque
268 248 336 274 tam
369 238 515 274 Clericos
537 247 636 282 quam
673 232 793 268 Laicos
815 233 899 276 cepit
917 255 929 272 ,
967 231 1002 264 &
1031 231 1064 263 in

121 292 273 337 captione
295 288 438 325 detinuit
461 313 468 320 .
505 288 687 331 Hugonem
716 292 849 326 quoque
885 281 926 316 de
945 281 1067 337 §aneto

123 337 246 382 Claro,
270 341 304 375 δε
326 338 497 373 Thomam
522 336 643 371 Filium
669 331 822 366 Bernardi
844 356 855 373 ,
897 341 955 375 qur
978 330 1066 364 bona

124 392 265 436 ejusdem
286 391 320 425 &
339 389 542 433 potresfiones
561 381 681 425 absque
706 382 919 416 conniventia
945 381 1000 415 sua
1013 391 1066 414 oc-

125 451 278 486 cupantes
297 439 521 474 detinuerunt.
546 434 736 478 Omnesque
753 431 873 477 quide
900 441 1012 465 caetero
1033 430 1066 463 in

125 491 332 537 poffeffiones
365 489 400 523 δε
429 477 513 521 &ina
546 483 697 518 Ecclessae
731 488 846 516 contra
864 481 1068 516 voluntatem

128 538 458 580 suam&consensum
470 544 585 578 manus
602 533 764 568 violentas
774 531 997 569 extenderent.
1022 531 1067 564 Et

127 591 162 626 hi
175 590 307 636 quidem
317 580 579 623 aristaei-cratian
590 594 632 617 ex
645 583 775 618 Aulicis
798 581 840 616 de
860 582 963 627 magis
976 581 1068 615 fami-

128 642 260 675 liaribus
279 640 314 672 &
334 635 537 670 Confiliariis
558 632 660 678 Regis
680 642 790 668 erant.
822 632 928 667 Unde
949 631 983 665 &
1005 629 1071 666 fere

128 692 193 736 jar'n
204 692 362 734 quotquot
376 686 410 719 in
425 685 513 720 Aula
523 687 616 720 erant
631 709 641 724 ‚
663 695 720 718 aut
734 681 931 718 nominatim
942 690 1071 716 excom·

129 737 408 777 municarierant,
433 746 490 770 aut
511 732 808 770 excommunicatis
821 730 1071 776 participando,

130 800 210 835 quos
222 787 341 821 evitare
353 797 411 820 nec
425 795 574 829 poterant
584 795 644 818 nec
660 783 776 819 licebat
787 807 799 824 ‚
825 782 908 816 adeo
922 792 957 816 ut
966 783 1022 815 vix
1037 780 1070 815 in

130 838 261 881 Capella
279 837 381 882 Regis
401 835 476 870 e‘ffet
493 859 505 875 ,
531 836 587 879 qui
612 834 646 867 in
659 834 757 868 Miffa
786 832 873 875 pacis
885 831 967 865 illud
983 832 1075 865 oscu-

128 891 195 924 lum
206 886 446 922 Sacramentale
457 886 543 929 Regi
553 884 685 918 offerret
694 908 705 925 ,
733 883 791 917 nifi
804 881 1070 917 excommunica-

128 940 228 974 tusex
239 936 398 978 nornine,
425 935 524 970 velex
537 934 807 979 participatione.
1072 948 1074 952 ·

289 1037 322 1073 C
371 1034 403 1071 A
453 1033 483 1068 P
535 1034 576 1071 U
625 1033 664 1070 T
762 1034 795 1068 X
810 1032 922 1067 XIV.

133 1140 274 1184 ,Qualiter
283 1136 458 1172 arctabatur
478 1137 564 1177 Papa
573 1142 628 1176 pro
643 1138 771 1167 NunciIs
784 1131 876 1178 Regis
889 1134 922 1167 (a
935 1129 1079 1175 Praesults

369 1185 424 1228 fibi
433 1190 562 1220 invicem
576 1183 808 1227 adversantibus
819 1208 826 1216 .

314 1282 885 1320 HssRIBER’rUs.

225 1334 410 1372 UDIENS
422 1343 531 1369 autem
546 1335 621 1368 Rex
634 1342 743 1368 motus
757 1333 790 1367 ὃς
800 1331 948 1367 turbatus
958 1329 1003 1364 est
1014 1352 1025 1368 ,
1046 1330 1081 1364 &

252 1398 321 1431 pars
330 1386 439 1420 omnis
451 1385 578 1419 adversa
591 1395 599 1416 :
627 1382 792 1418 Videlicet
804 1381 894 1427 quod
917 1392 977 1415 nec
990 1379 1080 1413 Auli-

131 1439 180 1483 cis
190 1437 364 1471 deferretur
375 1442 502 1480 propter
516 1435 645 1479 Regem
660 1458 672 1474 ‚
701 1444 761 1467 nec
785 1430 997 1477 appellationi
1010 1440 1081 1474 pro-

133 1498 205 1533 pter
214 1487 332 1523 Sedem
348 1486 585 1529 Apostolicam.
600 1484 643 1518 Et
654 1494 731 1518 cum
750 1483 843 1517 omni
867 1481 1081 1516 festinatione

107 1544 118 1570 s
133 1538 270 1572 mittunt
280 1538 315 1571 &
333 1536 503 1581 remittunt
515 1559 526 1575 ,
551 1535 608 1579 qui
622 1533 689 1567 haec
703 1534 776 1567 viro
790 1533 988 1576 Apostolico
1002 1541 1082 1564 nun·

131 1588 239 1623 cient.
265 1586 357 1621 Mifit
380 1587 413 1620 &
436 1585 505 1629 pius
533 1584 608 1619 Rex
629 1584 829 1618 Francorum
850 1591 978 1625 propter
991 1581 1083 1614 Can-

134 1632 327 1672 tua'ri'ensem
342 1635 381 1669 ad
403 1637 508 1668 virum
530 1633 763 1674 Apostolicum
774 1655 784 1671 ,
810 1633 843 1664 ἃ
856 1630 896 1663 ad
911 1629 1084 1662 familiares

135 1690 210 1722 suos
222 1683 413 1720 Cardinales
425 1707 435 1724 ‚
462 1682 530 1726 pias
543 1691 649 1723 preces
660 1681 817 1715 mandans
827 1680 860 1712 &
872 1677 1083 1716 remandans,

136 1735 226 1781 quod
237 1738 292 1778 qui
306 1731 623 1773 Archi—Episcopum
649 1730 698 1760 vel
721 1730 795 1760 suos
813 1732 981 1768 tangeret,
1012 1733 1082 1756 tan-

134 1786 224 1830 geret
235 1780 393 1825 pupillam
408 1778 456 1811 sui
481 1776 587 1810 oculi.
607 1775 706 1818 Super
717 1773 922 1808 omnia'vero
932 1772 1081 1817 rogabat,

135 1844 178 1868 ne
194 1830 366 1866 Dominus
388 1827 475 1870 Papa
498 1826 658 1865 solveret,
683 1829 767 1868 quos
785 1829 853 1858 tam
864 1822 1082 1863 venerabilis,

134 1892 202 1919 tam
223 1881 356 1916 Sanetus
391 1875 629 1911 Archi-Praesul
654 1879 724 1909 ta'm'
744 1873 825 1918 juste
845 1872 992 1918 ligaret,
1020 1884 1081 1907 nec

135 1941 301 1969 evacuaret
315 1939 385 1974 quae
394 1927 450 1963 fibi
462 1926 584 1961 feciffet
595 1925 661 1969 ipse
672 1928 787 1959 contra
797 1924 949 1958 inimicos
973 1923 1084 1957 Eccle-

135 1985 205 2023 fiae,
231 1979 364 2026 Iustitiae
378 1981 475 2022 opera
498 1979 506 2009 ’.
544 1976 581 2010 ld
602 1975 706 2019 ipsum
728 1975 826 2009 etiam
846 1974 1026 2008 Pontifices
1049 1974 1083 2007 &

134 2032 304 2076 Principes
322 2028 466 2064 Franciae
487 2027 644 2061 Romano
668 2024 825 2060 Pontifici
847 2024 882 2058 &
902 2023 1082 2058 Cardinali-

136 2084 217 2125 bus,
242 2092 319 2116 cum
337 2078 433 2120 omni
454 2076 642 2114 devotionis
664 2076 779 2110 affectu
789 2083 984 2114 monentes,
1012 2074 1082 2116 sup·

160 2135 314 2169 licarunt.

136 2146 158 2179 P
188 2181 380 2218 Arstabatur
401 2179 512 2223 itaque
534 2178 705 2212 Romanus
731 2173 890 2210 Pontifex
912 2198 919 2206 .
945 2173 1080 2220 Qippe

139 2246 180 2269 ne
191 2245 260 2278 quae
272 2230 570 2272 Archi-Episcopus
583 2227 803 2266 fecerat‚itrita
813 2225 944 2263 faceret,
957 2224 1008 2257 sed
1026 2235 1080 2266 po-

139 2284 204 2319 tius
222 2293 260 2316 ut
280 2281 346 2324 ipse
355 2276 572 2323 apprehensus
593 2276 788 2319 Apostolico
801 2275 874 2308 zelo
889 2285 962 2308 cum
976 2284 1016 2307 eo
1028 2272 1081 2306 ad-

141 2332 249 2368 versus
268 2331 485 2374 malignantes
505 2327 713 2370 consurgeret
735 2350 746 2366 ,
784 2324 917 2368 urgebat
939 2335 1013 2357 eum
1036 2324 1082 2366 ju-

141 2383 232 2419 stitia
254 2379 369 2419 causa,
395 2386 493 2421 quam
516 2375 649 2410 fovebat
674 2400 684 2415 ,
704 2386 780 2408 cum
797 2374 918 2407 Mundi
938 2375 1028 2407 favor
1047 2375 1081 2406 in

140 2429 480 2473 Archi-Episcopum,
505 2424 582 2460 cum
604 2425 649 2469 pii
674 2425 776 2470 Regis
789 2424 953 2458 Ludovici
967 2424 1080 2458 &suo-

140 2494 212 2517 rum
224 2477 373 2515 desideria
383 2502 394 2519 ,
421 2478 455 2511 &
466 2473 702 2519 postulationes
714 2475 882 2508 contrariae
895 2499 901 2505 .
929 2474 1082 2508 Confide-

141 2532 231 2567 rabat
243 2532 352 2574 itaque
362 2528 410 2562 vir
422 2525 632 2569 Apostolicus
664 2523 933 2568 Archi-Episcopi
957 2525 1081 2565 emula·-

142 2584 268 2619 tionem
291 2588 358 2614 tam
379 2577 567 2615 accensam,
596 2576 629 2610 δε
652 2573 920 2609 Adversariorum
935 2574 1079 2608 obstina-

140 2633 267 2668 tionem
280 2639 347 2664 tam
359 2627 491 2662 duram.
521 2625 773 2668 Undeturpe&
785 2624 1002 2667 irreligiosum
1018 2649 1027 2665 ‚
1048 2624 1081 2658 &

142 2682 226 2717 forte
238 2678 425 2715 damnabile
437 2676 494 2710 fibi
506 2676 677 2716 credebat,
702 2676 724 2708 ss
738 2672 1026 2708 Archi-Praesulem
1041 2686 1080 2708 ex

142 2742 210 2768 tam
228 2731 309 2773 justa
332 2728 426 2763 causa
438 2725 718 2761 sacerdotalizelo
729 2722 901 2758 accensum
923 2724 963 2758 ab
972 2724 1082 2758 officio

143 2785 202 2818 suo
212 2779 435 2825 suspenderet,
461 2778 512 2810 seu
535 2776 576 2811 ab
596 2777 665 2818 ipso
686 2776 765 2809 fasta
787 2774 923 2807 irritaret
955 2796 965 2812 ,
994 2773 1085 2816 &ju-

143 2833 239 2867 stitiae
259 2841 378 2874 opera,
404 2838 445 2860 ex
467 2838 536 2870 quo
557 2827 711 2859 universae
736 2825 883 2858 Ecclefiae
911 2825 1034 2868 grande
1051 2825 1100 2864 δε,

146 2893 241 2926 grave
251 2879 438 2915 scandalum
451 2887 638 2923 generaret,
667 2877 700 2909 ὅ(
715 2875 816 2919 Regis
838 2874 1038 2908 Francorum
1051 2876 1083 2908 ὅ(

146 2931 255 2977 Regni
267 2930 440 2964 incurreret
453 2926 717 2972 indignationem
732 2937 797 2958 non
812 2924 976 2958 modicam
990 2950 996 2956 .
1022 2913 1100 2969 1gi-?

147 2982 282 3024 turquia
293 2981 324 3014 se
334 2978 439 3013 solum
460 2977 593 3011 videbat
617 2976 769 3017 supereffe
791 2975 963 3009 Romanus
974 2975 1099 3018 Ponti-l

146 3034 202 3067 fex
215 3054 227 3070 ‚
252 3031 335 3063 inter
346 3029 472 3073 Regem
485 3028 518 3062 &
530 3025 813 3061 Archi-Praesulem
826 3049 836 3065 ,
865 3026 934 3068 paci
959 3026 1084 3059 amica-

147 3078 471 3117 biliterreformandae
484 3078 610 3111 studere
624 3077 833 3111 necessarium
844 3074 938 3108 duxit
949 3099 956 3106 .
971 3075 1099 3117 Sacros}

149 3132 259 3175 itaque
280 3127 385 3170 apices
414 3129 485 3161 suos
507 3127 593 3171 Regi
625 3127 822 3160 Francorum
848 3125 953 3168 saepius
976 3127 1060 3160 mitit
1074 3120 1099 3166 ,'

149 3180 306 3216 mandans
319 3178 351 3211 &
361 3187 478 3220 rogans
490 3187 524 3210 ut
536 3178 622 3221 pacis
633 3176 845 3211 mediatorem
857 3176 887 3210 se
902 3176 1100 3221 interpone-¹

151 3241 198 3265 ret
210 3255 217 3262 .
243 3229 335 3262 Misit
345 3227 444 3261 etiam
456 3237 542 3260 nunc
553 3228 592 3261 ad
608 3227 667 3259 hos
678 3251 690 3266 ‚
717 3237 804 3260 nunc
817 3226 856 3260 ad
871 3224 945 3260 illos
955 3251 965 3267 ,
977 3227 1015 3260 ad
1029 3234 1100 3274 eos}

149 3278 311 3318 maxime,
331 3277 388 3322 qui
409 3274 645 3311 credebantura
666 3276 759 3321 Rege
772 3276 961 3320 Anglorum
984 3277 1100 3311 liben-L

151 3331 215 3364 tius
225 3327 329 3363 audiri
349 3327 384 3361 δε
411 3325 582 3371 benignius
595 3350 606 3366 ‚
631 3327 813 3369 &quorum
832 3327 971 3370 opere&
984 3326 1082 3360 indu—

151 3380 225 3414 stria
255 3376 388 3433 verbum
409 3376 496 3422 pacis
532 3375 713 3420 sperabatur
733 3377 851 3412 melius
872 3378 905 3412 &
925 3377 1084 3413 efficacius

152 3437 334 3476 promoveri
346 3452 353 3459 .

1946 98 2023 161 33'

2077 178 2087 195 λ

1304 229 1337 264 C
1386 230 1419 266 A
1471 227 1504 266 Ρ
1550 232 1591 268 U
1640 232 1680 267 T
1776 235 1850 273 XX
1864 238 1907 274 V.

1133 331 1176 362 De
1195 331 1325 372 quodam
1349 335 1464 376 Regum
1477 331 1611 376 colloquio
1628 357 1640 375 ‚
1666 332 1810 376 ubtpacis
1833 341 2075 378 impedimentum

1206 379 1272 421 fuit
1283 380 1335 414 bac
1345 382 1468 416 verbum
1481 382 1610 440 ,scilicet
1620 408 1633 426 ‚
1654 384 1753 419 Salvo
1766 383 1893 421 honore
1906 388 1969 423 Dei
1983 415 1991 423 .
2037 420 2043 427 „

1326 481 1364 514 H
1391 482 1420 515 Ε
1448 483 1477 517 R
1503 483 1520 516 1
1546 482 1575 517 B
1601 483 1631 518 E.
1657 484 1691 518 R
1716 483 1755 519 T
1780 484 1821 520 U
1848 485 1888 520 S.

1227 530 1424 579 OMINUS
1448 542 1560 568 autem
1581 534 1656 568 Rex
1667 535 1870 570 Francorum
1890 534 2003 571 videns
2014 537 2082 571 Do·

1254 581 1381 616 minum
1395 582 1518 628 Papam
1531 583 1573 618 de
1595 595 1676 627 pace
1699 585 1897 628 sollicitum,
1924 586 2082 631 tanquam

1134 629 1238 663 Filius
1251 629 1366 673 Pacis,
1393 632 1428 666 δε
1440 633 1596 668 obediens
1607 635 1678 669 viro
1699 636 1895 679 Apostolico
1909 661 1921 677 ,
1946 635 2084 681 operose

1134 680 1303 714 &attente
1311 691 1415 724 partes
1425 684 1494 718 suas
1512 684 1724 728 interposuit.
1754 685 1861 720 Unde
1883 686 1966 721 &ad
1980 683 2085 729 plera·

1136 740 1199 774 que
1220 730 1386 776 colloquia
1401 757 1412 773 ‚
1434 745 1503 775 quae
1526 734 1724 778 interipsum
1744 736 1778 771 ἀ
1799 735 1927 780 Regem
1958 736 2087 781 Anglo-

1131 789 1336 828 rometam,
1363 783 1680 829 Archi-Episcopum
1703 787 1834 820 vocavit
1847 811 1858 827 ,
1896 789 1984 830 pacis
2002 787 2087 821 inter

1130 841 1194 871 2eos
1219 831 1250 865 se
1276 831 1489 868 mediatorem
1514 835 1726 879 interponens
1750 858 1757 866 .
1782 835 1873 870 Inter
1891 847 1962 880 quae
1983 847 2087 871 unum

1130 880 1342 928 gcolloquium
1354 883 1418 916 fuit
1428 908 1439 924 ,
1462 885 1495 917 in
1507 896 1576 929 quo
1585 885 1771 932 suggestum
1780 886 1831 927 ‚est'
1845 885 1931 931 Regi
1944 886 2095 932 Angliae3

1130 929 1431 967 IArchi·Praesulem
1455 935 1514 969 suo
1536 936 1567 969 se
1588 935 1725 970 arbitrio
1742 934 1882 970 omnino
1905 937 1987 972 velle
1999 947 2089 972 com-

1131 981 1293 1031 mittere,
1320 982 1461 1032 ideoque
1482 985 1608 1029 gratius
1630 986 1699 1031 ejus
1722 988 1922 1029 praesentiam
1945 996 2090 1031 accepta-

1132 1032 1218 1066 bat.
1244 1031 1366 1067 Multis
1390 1029 1492 1078 igitur
1517 1036 1683 1079 utrimque
1693 1036 1779 1071 adid
1791 1035 2097 1083 convenientil'ms,¹

1143 1081 1184 1116 ad
1206 1082 1300 1125 pedes
1326 1080 1430 1129 Regis
1453 1085 1584 1130 A'ngliae·
1608 1085 1917 1131 Archi-Episcopus
1938 1082 2058 1122 dicens
2082 1086 2100 1135 .'‚

1144 1136 1271 1167 Domine
1296 1137 1362 1167 Rex
1375 1158 1386 1173 ,
1411 1142 1507 1167 totam
1530 1134 1673 1178 causam,
1701 1138 1779 1170 unde
1801 1142 1879 1170 inter
1898 1148 1951 1170 nos
1973 1147 2042 1179 orta
2052 1135 2100 1182 effi

1144 1180 1270 1224 diffenfio
1281 1207 1293 1222 ‚
1318 1192 1367 1217 tuo
1378 1189 1522 1217 committo
1532 1185 1656 1218 arbitrio
1668 1208 1679 1224 ,
1704 1187 1794 1220 Salvo
1807 1186 1914 1219 bonore
1925 1188 1988 1219 Dei.
2002 1180 2100 1222 Tali,

1145 1233 1327 1275 adjectione
1337 1233 1447 1267 audita
1462 1235 1535 1267 Rex
1549 1234 1757 1269 vehementer
1778 1235 2014 1275 scandalizatus
2024 1233 2068 1270 est
2081 1258 2096 1275 ,

1146 1280 1256 1316 multis
1269 1282 1377 1325 ipsum
1387 1283 1599 1318 contumeliis
1609 1284 1753 1318 afficiens
1766 1308 1777 1324 ,
1792 1281 1906 1319 'multa
1926 1282 2101 1329 impropeff

1145 1344 1236 1371 rans,
1265 1333 1403 1376 plurima
1422 1333 1621 1378 exprobrans
1635 1357 1643 1366 .
1665 1333 1828 1380 Arguensv
1841 1346 1918 1369 eum
1939 1335 2095 1379 tanquam

1148 1381 1318 1426 superbum
1339 1383 1373 1418 &
1394 1384 1538 1424 elatum,
1563 1384 1596 1418 ἃς
1620 1384 1736 1429 Regia:
1762 1385 1996 1420 munificentia:
2007 1385 2094 1420 circa

1135 1446 1137 1457 2
1147 1433 1250 1478 ipsum
1261 1433 1414 1478 impenfae
1425 1434 1651 1469 immemorem
1663 1436 1700 1469 δε
1708 1436 1894 1480 ingratum.

1385 1485 1417 1519 A
1468 1484 1499 1519 L
1550 1484 1583 1519 A
1635 1485 1671 1519 N
1725 1485 1763 1520 U
1816 1486 1838 1520 S
1851 1511 1858 1518 .

1198 1533 1266 1567 ET
1276 1534 1323 1568 ait
1347 1535 1432 1579 Regi
1457 1531 1618 1568 Franciae:
1648 1537 1773 1579 Domine
1798 1541 1861 1574 mi,
1898 1537 2018 1569 attende
2042 1559 2052 1575 ,
2072 1534 2104 1575 fi,

1144 1585 1245 1625 placet
1257 1607 1264 1614 .
1292 1585 1457 1626 ,Quidquid
1466 1583 1513 1622 isti
1523 1579 1704 1625 displicuerit
1717 1607 1728 1622 ,
1755 1584 1831 1617 dicet
1845 1582 1947 1617 bonon·
1975 1586 2035 1618 Dei
2046 1584 2103 1627 effe⁴

1148 1637 1329 1667 contrarium
1347 1656 1358 1671 ,
1384 1634 1419 1666 (9
1430 1631 1470 1673 fic
1483 1625 1543 1673 sua
1558 1632 1593 1664 ὁ·
1613 1643 1678 1663 mea
1695 1638 1794 1664 omnia
1810 1632 1866 1673 sibi
1889 1635 2063 1669 vendicabit
2089 1658 2099 1674 .,

1149 1681 1209 1714 sed
1217 1690 1253 1713 ne
1261 1682 1372 1722 videa?
1381 1680 1482 1710 honeri
1494 1677 1551 1710 Dei
1564 1701 1575 1718 ‚
1601 1677 1710 1719 velfibi
1722 1683 1755 1710 in
1766 1682 1865 1722 aliquo
1873 1684 1951 1724 velle
1961 1679 2103 1725 resistere,²

1147 1723 1211 1761 baec
1226 1726 1328 1768 offero.
1356 1727 1448 1760 Multi
1450 1725 1580 1769 fuerunt
1601 1729 1696 1772 Reges
1714 1733 1747 1761 in
1762 1728 1870 1773 Anglia
1880 1741 1952 1765 ante
1975 1744 2021 1767 me
2033 1746 2104 1767 ma·

1141 1776 1220 1819 jutis
1243 1777 1295 1811 vel
1314 1781 1438 1811 minoris
1453 1775 1675 1818 authoritatis,
1703 1779 1876 1822 qua'msum⁴
1897 1793 1962 1826 ego.
2007 1776 2103 1818 Multi

1139 1826 1266 1869 fuerunt
1278 1830 1424 1861 ante'eum
1445 1826 1687 1871 Archi-Episcopi
1707 1833 1906 1872 Cantauriae,
1935 1840 2038 1877 magni
2060 1835 2103 1878 Θ,

1147 1877 1249 1911 Santit
1263 1883 1327 1913 virt
1345 1901 1354 1910 .
1380 1879 1476 1922 ‚Quod
1485 1884 1576 1922 igitur
1588 1879 1797 1922 Antecefforum
1816 1878 1934 1922 suorum
1953 1885 2048 1925 major
2061 1885 2096 1926 ψ’

1142 1925 1274 1970 sant‘lior
1279 1928 1358 1971 fecit
1368 1929 1577 1971 Antea-esserum
1588 1940 1716 1974 meorum
1729 1933 1850 1963 minimo
1864 1955 1874 1972 ,
1898 1929 1951 1965 boc
1960 1921 2095 1980 1))ἰόῌᾷ-

1146 1984 1225 2018 ciat,
1254 1977 1410 2022 &quiesco
1429 2003 1436 2010 .
1462 1977 1720 2012 Acclamabatur
1741 1979 1889 2024 undique
1902 1996 1914 2016 .·
1933 1983 2016 2020 sans
2028 1979 2105 2023 Rex,

1144 2026 1176 2070 st
1188 2027 1334 2062 humiliat.
1363 2027 1520 2074 Dumque
1532 2027 1832 2073 Archi-Episcopus
1853 2026 2104 2075 aliquantulum'

1148 2077 1368 2112 subticuisset:
1397 2077 1472 2124 Rex
1495 2078 1639 2121 Franciae
1662 2077 1802 2121 adjecit:
1844 2083 1970 2115 Domine
1992 2075 2107 2116 Archi-¹

1147 2126 1286 2171 Epifivpe
1300 2152 1310 2167 ,
1335 2133 1387 2160 vis
1403 2122 1454 2173 effe
1478 2130 1573 2168 major
1578 2126 1694 2171 fandis
1718 2131 1817 2163 viris?
1846 2135 1892 2164 An
1920 2134 2096 2176 majorpru·

1146 2178 1274 2211 denna?
1299 2177 1389 2221 ‚Qua'd
1411 2177 1560 2211 dubitas?
1587 2181 1667 2211 Etce
1679 2187 1746 2220 pax
1763 2189 1832 2221 prae
1848 2180 1972 2224 faribus
1988 2208 1995 2215 .
2033 2183 2091 2220 Ad

1148 2226 1214 2261 haec
1226 2226 1590 2271 Archi-Episcopusait:
1618 2229 1792 2271 Verumest,
1819 2231 2012 2276 Anteceffores
2038 2245 2089 2267 no-

1140 2276 1195 2318 stri
1205 2279 1294 2311 multa
1306 2288 1351 2310 me
1361 2278 1492 2311 meliores
1497 2277 1648 2319 fuerunt,
1675 2278 1865 2321 &major-es.
1893 2284 2007 2326 singuli
2036 2296 2090 2317 au-

1145 2336 1203 2360 tem
1208 2327 1271 2371 suis
1283 2328 1460 2369 temporibus
1474 2351 1484 2368 ‚
1511 2329 1546 2362 ὁ·
1552 2326 1583 2369 fi
1603 2339 1660 2361 non
1686 2336 1785 2363 omnia
1791 2329 1825 2373 se
1836 2332 1981 2375 adverfits
1993 2337 2089 2367 Deum

1110 2419 1112 2423 Ι
1144 2379 1336 2419 extollentia,
1361 2378 1502 2420 quaedam
1513 2386 1614 2412 tamen
1637 2377 1823 2422 resecarunt.
1852 2386 1938 2414 Nam
1953 2381 1985 2424 fi
1989 2390 2089 2417 omnia

1144 2429 1286 2463 radicitus
1307 2435 1377 2461 tunc
1400 2428 1591 2472 extirpaffent
1613 2453 1624 2470 ,
1660 2435 1729 2471 quis
1752 2442 1830 2463 nunc
1851 2431 2013 2474 adversum
2038 2430 2106 2467 nos'

1143 2484 1240 2522 ignem
1249 2483 1424 2512 tentationis
1435 2477 1507 2521 huju
1506 2476 1603 2522 smodi
1613 2484 1758 2512 excitaret
1773 2481 1785 2512 ?
1800 2483 1868 2524 ,Quo
1879 2492 1941 2514 cum
1952 2485 2012 2515 illis
2019 2492 2088 2524 pro·

1143 2529 1229 2575 bati?
1254 2530 1342 2573 digni
1349 2534 1543 2563 inveniamur
1550 2534 1639 2561 etiam
1649 2529 1784 2561 cumillis
1793 2554 1803 2569 ‚
1833 2533 1924 2564 laude
1938 2533 1972 2566 &
1978 2534 2086 2576 gloria.

1143 2580 1241 2613 Multa
1253 2580 1355 2612 melias
1367 2579 1449 2612 nobis
1463 2582 1524 2613 Deo
1535 2577 1697 2621 consulente
1707 2578 1805 2612 ac't'um
1830 2580 1868 2620 est
1880 2605 1891 2620 ‚
1917 2591 1951 2614 ut
1967 2580 2037 2620 licut
2055 2589 2088 2617 in

1142 2640 1240 2663 eorum
1250 2627 1330 2671 sorte
1341 2630 1375 2662 (5
1385 2640 1503 2662 numero
1512 2627 1719 2662 laboravimus
1730 2652 1741 2668 ‚
1767 2634 1812 2662 ita
1835 2631 1869 2664 (9·
1885 2629 2000 2664 illorum
2012 2632 2090 2666 labo-

1142 2684 1185 2712 ris
1196 2682 1230 2713 (π
1237 2684 1357 2720 praemti
1363 2676 1453 2721 fimus
1473 2682 1656 2720 participes.
1686 2681 1753 2712 Nec
1769 2677 1916 2723 siciliquis
1930 2693 2029 2715 eorum
2041 2692 2089 2717 te-

1140 2736 1208 2772 puit
1228 2730 1280 2762 vel
1299 2728 1407 2767 exceffit
1419 2732 1455 2760 in
1477 2729 1577 2770 aliquo
1591 2752 1601 2767 ‚
1628 2730 1692 2768 eJ‘us
1716 2733 1748 2760 in
1756 2728 1805 2761 boc
1819 2737 1959 2772 temporis
1973 2733 2023 2765 vel
2033 2745 2086 2766 ex-

1142 2780 1228 2822 ceffus
1241 2773 1498 2820 exemplumseffi
1509 2788 1640 2810 tenemur
1654 2803 1660 2809 .
1678 2781 1797 2811 Petrum
1808 2786 1916 2813 etenim
1932 2781 2085 2819 Christum

1145 2839 1301 2873 negantem
1326 2832 1497 2871 arguimus,
1517 2825 1575 2870 sed
1599 2831 1723 2861 Petrum
1741 2827 1830 2871 usque
1850 2836 1884 2863 in
1918 2837 2024 2874 capitis
2038 2832 2088 2875 sut

1140 2879 1302 2921 periculum
1322 2882 1455 2911 Neronis
1480 2883 1621 2919 impetum
1643 2889 1813 2922 arguentem
1834 2882 1968 2915 omnibus
1990 2884 2085 2916 modis

1144 2929 1378 2962 commendamus
1391 2953 1397 2959 .
1423 2930 1442 2960 5
1444 2930 1500 2961 ane
1510 2935 1580 2969 quia
1604 2931 1711 2960 Petrus
1738 2935 1764 2961 ei
1774 2929 1938 2974 consentire
1951 2934 2044 2966 noluit
2054 2938 2086 2966 in

1145 2991 1175 3012 eo
1188 3002 1197 3017 ‚
1225 2978 1305 3021 quod
1311 2979 1344 3012 <St
1358 2978 1531 3018 diffimulare
1547 2977 1609 3019 fine
1619 2985 1728 3011 animae
1747 2977 1772 3022 s
1767 2992 1813 3013 uae
1819 2984 1950 3022 periculo
1970 2991 2087 3024 nonpo-

1143 3035 1201 3061 tuit
1214 3053 1224 3068 ,
1251 3029 1354 3061 idcirco
1363 3034 1544 3060 inimicorum
1556 3027 1652 3061 vilior
1664 3035 1696 3060 in
1707 3040 1794 3062 carne
1803 3032 1949 3064 occubuit.
1980 3035 2025 3065 Et
2040 3043 2088 3066 ta-

1143 3079 1220 3112 libus
1229 3079 1368 3121 pressuris
1380 3077 1534 3111 Catholica
1542 3077 1672 3120 surrexit
1684 3081 1716 3111 (5
1730 3087 1825 3113 crevit
1838 3081 1964 3123 Ecclesia
1976 3108 1982 3114 .
2026 3085 2085 3115 Pa-

1143 3137 1202 3162 tres
1215 3126 1457 3170 nostripaffisunt
1470 3153 1479 3167 ‚
1506 3140 1577 3170 qma
1598 3130 1749 3161 noluerunt
1772 3142 1876 3164 nomen
1899 3131 2084 3173 Christisub-

1137 3181 1251 3220 jicere,
1279 3180 1392 3222 (tngo,
1418 3188 1450 3210 ut
1473 3177 1599 3210 hominis
1617 3185 1723 3222 gratta
1745 3179 1917 3220 restituatur
1937 3206 1947 3222 ‚
1974 3180 2083 3220 Christi

1144 3229 1278 3262 honorem
1299 3229 1433 3262 deberem
1446 3226 1630 3270 supprimere
1653 3229 1669 3260 ,2
1708 3229 1784 3270 Absst
1806 3255 1811 3261 .
1840 3230 2085 3264 Insurrexerunt

1146 3279 1254 3322 itaque
1276 3278 1450 3322 Magnates
1471 3280 1636 3321 utrit1ss1ue
1657 3278 1767 3323 Regni
1789 3280 1822 3313 in
1846 3290 1919 3313 eum
1934 3303 1944 3318 ,
1979 3280 2084 3323 impu-

1145 3338 1282 3373 gnantes
1293 3327 1516 3370 arrogantiam
1541 3326 1809 3372 Archi-Episcopi
1834 3352 1845 3367 ,
1877 3328 2086 3372 impedimen·

1146 3390 1216 3412 turn
1230 3379 1334 3421 pacis.
1354 3376 1440 3410 Uno
1456 3379 1539 3411 inter
1554 3379 1636 3411 alios
1651 3379 1783 3412 Comite
1797 3377 1901 3420 palam
1913 3380 2086 3422 protestan-

1146 3440 1178 3463 te
1194 3453 1199 3461 .
1237 3430 1321 3472 ‚Quia
1335 3426 1602 3471 Arcbi‘Episcopus
1616 3425 1760 3470 utriusque
1771 3431 1867 3472 Regni
1878 3429 1987 3471 confilto
1998 3432 2029 3462 (5
2042 3441 2079 3463 vo

1142 3499 1144 3502 -
1922 3480 2032 3514 luntati
