2358 3776
327 126 1786 189 s.THoMAECANTUAR1ENsts.

119 227 254 277 quidem
276 224 385 259 salutis
403 226 557 269 ingerunt
580 248 590 264 ,
616 225 648 257 δε
668 222 755 257 nulla
776 221 902 256 ratione
925 220 1053 264 poss'unt

115 280 182 317 ,effi
192 276 301 311 utilia.
331 275 421 322 Qid
436 275 523 309 enim
537 273 676 318 proderit
690 272 819 306 homini
831 296 843 311 ,
861 271 882 304 si
893 270 1053 305 mundum

123 325 478 364 lucreturuniversum,
502 326 538 359 ὃς
558 324 675 358 animae
695 323 757 355 suae
766 321 963 356 detrimenta
976 331 1055 355 con-

119 377 250 422 quirat?
276 377 336 410 Sed
345 376 384 408 ad
400 386 514 410 vocem
529 373 613 408 hanc
624 371 768 415 vulgares
779 371 879 405 amici
900 370 1057 405 obsurde-

121 428 237 465 scunt,
264 426 447 470 quivolunt
473 423 638 458 beneficiis
659 421 823 465 obligari,
850 431 919 454 non
933 420 1057 466 obliga-

120 489 175 511 re.
202 478 271 524 Qi
297 477 395 510 fidem
420 474 648 512 umbratilem,
675 482 784 506 veram
801 471 891 505 enim
914 482 983 504 non
1004 471 1058 505 ha-

122 527 222 566 bent,
249 538 376 571 ponunt
393 527 426 559 ὅτ.
440 526 609 567 deponunt
638 521 679 556 ad
704 521 871 555 arbitrium
885 520 1021 554 fortunae
1051 547 1058 554 .

123 578 195 625 Qi
217 590 253 612 ut
267 577 545 621 qualitercumque
569 574 702 611 vivant,
730 571 862 605 vivendi
881 595 891 609 ‚
918 581 986 615 quae
1009 582 1059 614 pe-

124 639 180 661 nes
195 629 295 661 solam
308 627 459 660 virtutem
475 625 548 657 sunt
559 646 569 662 ‚
595 622 755 665 abjiciunt
766 622 876 655 causas
888 645 895 652 .

175 677 334 722 Expertus
344 674 410 708 haec
422 675 558 717 loquor,
584 672 617 706 δι
632 672 740 715 paucis
759 671 924 705 obnoxius
942 694 953 710 ,
989 671 1061 714 qui-

126 726 184 761 bus
203 731 314 771 utique
336 725 432 759 tanto
455 723 582 757 arstiori
603 721 747 756 vinculo*
766 721 930 765 obligatus
951 722 1019 755 sum
1048 746 1059 762 ,

122 778 249 823 quanto
261 775 423 810 sinceritas
434 773 509 807 fidei
520 783 633 806 eorum
646 771 810 813 probatior
831 782 872 805 ex
885 772 1059 815 perspicuis

122 828 255 863 indiciis
266 825 432 859 enitescit.
461 822 522 857 Sed
540 823 573 855 in
586 822 697 864 primis
709 820 828 855 horum
851 820 1059 856 nobismeti-

124 888 157 912 ta
168 876 268 910 vestra
280 874 474 918 praecipuum
485 870 601 906 dedere
611 871 722 905 locum
736 882 747 902 :
775 873 809 905 ὃ(
830 871 853 904 fi
869 871 933 917 *illa
956 870 1060 905 discu-

120 928 245 962 tiantur
254 924 295 958 ad
319 934 457 967 purum,
483 922 551 964 jure
571 921 731 955 &merito
744 920 881 955 dixerim
900 921 1059 964 primum.

119 977 232 1012 Multa
245 972 615 1017 suntenim&magna‚
640 971 674 1005 ἀ
687 971 774 1006 unde
794 971 974 1006 clarescunt
998 983 1061 1005 ma·

116 1027 198 1073 gis,
224 1023 393 1060 necessaria
404 1021 482 1066 saepe
503 1034 510 1054 :
547 1031 585 1055 ut
606 1032 747 1066 quorum
767 1021 840 1055 usus
864 1022 1014 1065 frequens
1051 1045 1062 1062 ,

120 1075 228 1112 immo
240 1074 452 1119 quotidianus
463 1072 507 1105 est
524 1095 535 1112 ,
560 1072 699 1116 gratiam
721 1071 840 1116 jugiter
863 1072 904 1106 ad
924 1072 1064 1117 largien-

112 1136 192 1161 «ειη
214 1135 335 1170 cogant
355 1123 487 1166 augeri,
514 1121 598 1155 nihil
620 1120 742 1156 excidit
763 1121 783 1154 ὲ
806 1121 985 1156 memoria.-
1023 1121 1064 1155 de

120 1176 277 1211 universis
289 1176 322 1209 &
336 1171 470 1217 fingulis
479 1173 600 1215 gratias
610 1182 675 1216 ago
687 1195 697 1211 ‚
724 1181 875 1214 reputans
893 1172 993 1204 etiam
1006 1170 1062 1204 illa

123 1226 210 1260 mihi
223 1227 240 1259 a
253 1225 354 1258 vestra
365 1221 558 1255 liberalitate
578 1221 642 1255 effe
659 1221 825 1260 exhibita,
853 1231 922 1263 quae
933 1231 974 1253 ex
986 1220 1063 1253 rela-

121 1276 218 1310 tione
228 1271 450 1311 Nunciimei‚
479 1271 512 1303 dc
539 1270 711 1304 vestrarum
735 1269 925 1304 testimonio
946 1268 1063 1303 littera·

120 1336 196 1360 rum
218 1322 366 1357 voluistis
389 1321 422 1354 ἀ
443 1319 631 1362 praecepistis
652 1319 734 1352 meis
754 1318 861 1352 usibus
880 1316 1029 1353 exhiberi
1054 1342 1061 1349 .

121 1372 248 1409 Nescio
260 1372 350 1407 enim
369 1381 431 1414 qua
449 1369 558 1403 secreti
578 1367 819 1413 dispensatione
843 1368 969 1403 consilii
987 1369 1063 1402 ami-

118 1422 340 1459 cus&socius
350 1431 441 1454 meus
462 1418 614 1464 magister
635 1418 719 1451 G...
790 1443 798 1450 .
826 1418 991 1453 Mandato
1012 1430 1064 1453 ve-

118 1474 189 1509 stro
199 1485 267 1508 non
280 1471 408 1516 paruit,
434 1467 624 1503 subtrahetis
635 1479 690 1502 aut
701 1467 851 1503 differens
876 1468 1037 1513 auxilium
1053 1492 1064 1508 ,

117 1523 213 1570 quod
223 1522 326 1557 vestra
346 1520 479 1554 dileetio
504 1519 682 1553 necessitati
708 1519 831 1553 meae&
844 1529 992 1552 meorum
1012 1519 1067 1553 de-

116 1583 263 1608 creverat
273 1568 495 1606 exhibendum
508 1593 515 1601 .
542 1568 622 1602 Non
635 1569 726 1603 enim
743 1569 839 1602 facile
851 1568 1044 1602 crediderim
1054 1592 1063 1608 ,

120 1623 212 1669 quod
225 1623 280 1657 ille
293 1631 400 1665 praeter
411 1620 562 1653 metitum
577 1629 686 1652 meum
700 1642 711 1657 ,
737 1619 772 1652 ὅ(
792 1628 907 1651 contra
935 1618 1065 1661 opinio-

116 1682 198 1709 nem
209 1672 360 1706 omnium
373 1668 439 1702 hoc
450 1668 584 1708 fecerit,
611 1678 646 1702 ut
671 1666 755 1701 mihi
768 1677 904 1708 noceat,
933 1668 984 1701 sed
1010 1668 1066 1702 ali-

121 1733 190 1768 qua
201 1719 441 1764 dispensatione
453 1743 462 1758 ,
491 1717 583 1760 cujus
595 1718 754 1751 rationem
767 1719 888 1760 ignoro
900 1740 911 1756 ‚
924 1718 1064 1751 vestrum

121 1771 287 1816 suspendit
299 1768 494 1802 beneficium
507 1788 515 1797 .
541 1766 601 1798 Sed
615 1767 802 1798 devotionis
811 1775 888 1797 meae
903 1765 944 1797 ad
966 1776 1021 1798 vos
1031 1766 1064 1798 δε

112 1823 296 1866 gratiarum
308 1814 444 1850 astionis
466 1824 564 1846 nemo
586 1813 750 1856 suspendit
773 1812 920 1846 affestum
942 1837 949 1843 .
975 1813 1064 1846 Gau-

113 1870 184 1905 deo
196 1865 294 1907 vero,
319 1864 496 1910 quodcum
509 1863 663 1907 Episcopi
684 1862 743 1896 sub
753 1862 986 1906 appellationis
1005 1862 1062 1897 ob-

117 1928 218 1954 tentu
238 1919 432 1962 languorem
458 1912 627 1952 Ecclefiae,
662 1924 733 1957 quae
752 1912 889 1947 authore
910 1913 1062 1947 Domino

119 1968 325 2004 convalescet
345 1966 378 1999 in
401 1963 511 2003 brevi,
535 1962 726 1998 studuerunt
751 1963 928 2006 protelare,
968 1974 1026 1997 vos
1051 1987 1062 2003 ,

122 2029 162 2054 ut
176 2018 275 2053 audio
287 2042 298 2058 ,
325 2014 506 2050 tendiculas
517 2024 630 2047 eorum
640 2013 783 2058 eleganti
802 2013 948 2047 veritatis
969 2014 1002 2047 ἀ
1017 2013 1064 2055 ju·

123 2068 216 2104 ssitiae
227 2066 426 2111 compendio
448 2063 652 2102 declinastis,
677 2074 713 2097 ut
735 2073 793 2097 nec
811 2063 975 2106 poneretis
987 2074 1061 2096 cum

121 2117 247 2163 iniquis
257 2117 444 2162 portionem
455 2114 587 2148 malitiae
598 2137 609 2153 ,
620 2125 680 2148 nec
688 2114 726 2147 sit
737 2114 827 2157 quod
840 2123 917 2147 ante
932 2112 1062 2146 Provin-

122 2168 182 2203 ciae
206 2167 353 2203 Praesides
365 2164 585 2208 vobisdejure
596 2164 714 2198 debeat
727 2165 899 2207 imputari.
925 2162 1059 2197 Illiscri-

126 2218 258 2262 pserunt
280 2218 314 2252 δε
336 2215 508 2261 praedicant
525 2239 536 2255 ,
564 2213 653 2258 quod
674 2218 743 2247 Rex
761 2215 844 2247 dulce
865 2221 958 2256 putat
980 2211 1064 2256 obse-

128 2274 232 2311 quium
245 2291 255 2307 ,
280 2278 344 2300 cum
356 2272 490 2297 monetur
501 2272 535 2297 ut
544 2270 696 2308 corrigat,
715 2263 745 2306 fi
766 2266 842 2306 quid
862 2264 1018 2305 delinquis
1031 2269 1064 2296 in

125 2322 241 2350 Deum.
268 2313 443 2357 Numquid
459 2314 543 2349 adeo
563 2315 719 2348 excoecati
733 2315 826 2355 sunt,
854 2324 890 2347 ut
913 2318 986 2347 'eum
1008 2313 1064 2347 du·

127 2368 235 2402 bitent
247 2365 307 2399 hac
320 2361 466 2398 Ecclesia:
491 2365 664 2398 vexatione
676 2387 686 2403 ,
709 2364 745 2398 ὅ(
759 2364 977 2397 innocentum
994 2388 1004 2404 ‚
1028 2372 1064 2396 ut

124 2416 166 2450 de
190 2416 260 2449 aliis
271 2424 392 2448 taceam
408 2436 418 2452 ‚
444 2412 706 2455 parvulorum&
727 2413 901 2447 mulierum
924 2414 1064 2456 proscri—

122 2459 240 2511 ptione
260 2463 472 2507 delinquere,
500 2463 551 2496 vel
572 2464 616 2497 ita
639 2461 789 2506 reprobi,
816 2473 851 2497 ut
874 2464 1063 2498 Dominum

119 2517 322 2560 patientem,
348 2512 451 2546 immo
465 2511 607 2558 benigne
617 2513 823 2554 audientem,
850 2513 884 2547 ὃς
905 2522 1066 2556 correpto·

121 2565 211 2601 ribus
228 2563 404 2597 habentem
427 2562 567 2606 gratias,
595 2563 726 2603 nolint,
762 2563 852 2606 quod
873 2562 1027 2597 desiderat
1054 2588 1065 2604 ,

123 2624 335 2650 commonere
356 2622 394 2646 ut
414 2611 587 2646 satisfaciat
608 2613 709 2646 Deo?
736 2613 773 2645 ln
791 2614 963 2647 consilium
993 2613 1064 2647 illo-

122 2676 196 2700 rum
212 2675 278 2698 non
291 2663 400 2696 veniat
422 2661 634 2705 animajusti,
658 2671 797 2704 quorum
819 2663 909 2698 furor
932 2663 1065 2697 maledi-

122 2716 193 2749 etus
203 2714 248 2749 est
263 2738 273 2754 ,
299 2715 375 2757 quia
386 2712 533 2755 pertinax
548 2736 558 2751 ‚
584 2712 813 2755 &indignatio
829 2736 840 2751 ‚
863 2713 938 2755 quia
961 2714 1038 2746 dura
1055 2726 1065 2746 .-

122 2764 335 2809 quaerentium
349 2763 518 2797 dumtaxat
530 2785 541 2801 ‚
558 2772 593 2795 ut
604 2762 679 2805 quia
691 2761 776 2795 male
787 2762 845 2795 diu
858 2762 957 2795 libuit
969 2786 979 2802 ,
1007 2764 1063 2796 im·

123 2812 210 2859 pune
230 2813 352 2848 diutius
376 2813 485 2845 liceat.
517 2812 577 2846 Sed
604 2813 659 2855 qui
683 2813 783 2855 sperat
816 2813 848 2844 in
874 2813 1026 2845 Domino
1054 2837 1065 2853 ,

126 2877 195 2899 non
220 2861 457 2899 confundetur:
484 2862 517 2896 &
537 2862 592 2904 qui
613 2872 690 2895 eum
708 2872 770 2904 prae
790 2861 904 2895 mundi
930 2865 1064 2906 potesta-

123 2913 209 2948 tibus
219 2914 410 2960 timuerint,
436 2923 505 2947 non
518 2912 671 2946 deficient
681 2912 774 2946 omni
792 2911 897 2946 bono.

224 3010 635 3048 EPISTOLA
737 3011 985 3048 CXXXIV.

174 3110 296 3146 Thomae
329 3110 537 3154 cantuariensi
570 3111 833 3156 ArcblssEpiJicpo
867 3115 991 3157 quedam

494 3163 672 3196 Cardinalts
687 3187 694 3195 .
976 3164 979 3169 ’

125 3260 430 3347 REDDITAE
453 3262 526 3296 sunt
544 3262 639 3299 nobis
657 3263 862 3310 dignationis
877 3264 983 3300 vestrae
995 3266 1043 3300 lit-

249 3320 322 3344 terae
341 3313 434 3345 variae
470 3311 489 3344 ἐι
525 3311 650 3347 diversis
670 3315 758 3349 exilii
781 3314 874 3349 vestri
898 3316 931 3349 ὅ(
952 3316 1057 3350 vestrae

120 3360 343 3396 fluctuationis
365 3361 565 3405 temporibus
589 3385 602 3401 ,
634 3373 676 3396 ex
698 3364 832 3407 quarum
856 3366 1058 3410 complexio·

123 3418 166 3446 n'e
189 3409 412 3445 intelleximus
424 3412 570 3445 animum
593 3413 754 3455 vestrum,
782 3416 943 3457 pulsatum
966 3418 1056 3450 fimu-

123 3461 303 3497 lotionibus
324 3460 571 3495 AEmulantium
588 3486 598 3501 ,
626 3463 752 3501 secreta,
763 3467 870 3500 cordis
882 3467 997 3508 vestri,
1024 3465 1058 3500 &

222 3509 329 3551 christ.
343 3514 419 3553 Lupi
432 3516 530 3555 Opera
541 3512 617 3545 Tom¹
629 3514 668 3545 Χ.

1901 155 1990 203 145

1114 224 1312 262 sacramenta
1336 220 1495 255 sermonis
1516 221 1646 264 penitus
1669 223 1916 267 ignorantium,
1943 225 2055 262 adven

1114 274 1184 307 sum
1215 282 1276 305 nos
1304 268 1512 306 vehementer
1531 272 1594 306 effe
1614 282 1819 309 commotum
1845 301 1852 310 .
1889 277 1933 312 Et
1953 278 2054 322 usque

1113 321 1195 357 adeo
1217 321 1357 356 invaluit
1381 321 1570 367 sugillatio,
1597 330 1634 355 ut
1659 333 1728 356 non
1751 323 1855 358 solum
1875 338 1936 362 nos
1958 329 1993 362 in
2005 329 2054 362 su·

1115 373 1292 416 spicionem
1317 373 1455 406 vestram
1479 382 1643 406 moveret.
1674 371 1756 406 Non
1769 372 1941 417 miramur,
1969 379 1990 411 fi
2006 388 2057 412 ve-

1115 423 1176 456 ster
1194 422 1321 455 animus
1343 420 1596 456 detractionibus
1619 423 1653 457 &
1671 422 1757 456 falsis
1786 425 1966 459 rumoribus
1985 439 2056 462 mo-

1117 473 1182 507 veri
1208 473 1337 516 potuit,
1364 473 1418 507 sed
1441 473 1597 506 miramur
1613 497 1624 512 ,
1660 473 1681 505 si
1702 471 1781 506 fides
1804 471 1902 505 vestra
1924 496 1935 512 ,
1962 475 2058 510 innu-

1116 523 1212 556 meris
1232 521 1399 557 charitatis
1423 523 1538 557 nostrat
1560 524 1763 567 argumentis
1783 521 1943 556 &officiis
1955 522 2058 558 firma-

1118 582 1204 607 mata
1227 597 1238 612 ‚
1277 573 1328 606 vel
1351 573 1391 606 ad
1413 572 1582 606 modicum
1606 573 1758 607 vacillare
1782 571 1895 607 debuit
1922 598 1928 605 .
1966 572 2061 607 Non·

1117 623 1197 657 dum
1220 623 1315 656 enim
1330 622 1425 657 nobis
1454 622 1633 656 firmatoin
1660 623 1799 657 Ecclesia
1822 623 1999 663 Romana,
2025 623 2060 657 ὅ(

1118 672 1226 708 adhuc
1247 683 1340 706 cereo
1366 673 1514 716 impressa
1535 672 1602 711 est,
1631 671 1664 704 &
1686 674 1773 713 quafi
1797 673 1920 716 sculpta
1948 674 2061 717 imago

1119 722 1362 757 Cantuarienfis
1375 722 1544 763 Ecclefiae,
1572 733 1669 764 quam
1691 722 1913 757 indelebiliter
1926 723 2062 756 servavi-

1120 783 1215 812 mus,
1242 773 1276 806 &
1300 773 1421 806 servare
1444 784 1520 807 cum
1546 773 1611 807 vita
1635 774 1980 816 proposuimuscontra
1993 784 2065 806 om·

1122 833 1177 857 nes
1199 823 1339 865 impetus
1358 824 1532 857 fortuitos.
1561 822 1645 856 Sane
1667 823 1688 857 fi
1711 823 1837 866 aliquid
1859 823 1893 856 in
1929 824 2022 857 causa
2051 847 2063 862 ,

1121 883 1217 917 quarn
1239 883 1354 907 contra
1380 873 1509 917 Regem
1534 871 1667 918 A'ngliae
1688 871 1813 907 habetis
1835 896 1847 914 ,
1873 872 2063 916 dispensati·

1122 923 1161 956 ve
1182 922 1325 957 diximus
1342 948 1352 963 ,
1386 925 1422 957 &
1439 924 1630 958 sermonem
1660 923 1807 959 nostrum
1840 923 2063 966 temporaliter

1121 974 1369 1016 temperavimus
1391 996 1402 1012 ,
1428 974 1515 1007 testis
1539 974 1576 1008 fit
1597 974 1689 1008 Deus
1708 996 1721 1013 ,
1743 984 1793 1008 zut
1815 973 1888 1008 irati
1914 973 2063 1007 animum

1123 1024 1350 1068 mitigaremus
1371 1047 1382 1064 ,
1408 1024 1512 1067 sicque
1535 1024 1623 1066 quasi
1659 1024 1785 1068 placida
1802 1035 1902 1058 manu
1925 1034 2001 1057 eum
2023 1020 2065 1057 ad

1124 1084 1236 1117 pacem
1245 1075 1445 1108 traheremus
1454 1097 1465 1113 ,
1480 1073 1512 1117 id
1524 1074 1662 1109 fecimus
1673 1099 1680 1106 .
1708 1074 1775 1108 Pro
1786 1093 1797 1100 -
1808 1074 1898 1108 certo
1912 1074 1945 1108 id
1958 1075 2063 1117 ipsum

1125 1125 1212 1166 pacis
1234 1125 1268 1158 ὅ(
1289 1124 1397 1169 gratiae
1415 1149 1425 1164 ‚
1453 1124 1545 1165 quod
1565 1124 1659 1159 offert
1674 1141 1702 1164 ‚‹
1725 1135 1793 1158 non
1818 1124 1980 1158 severitati
2007 1124 2065 1156 Ec·

1123 1174 1321 1215 clefiasticae,
1349 1174 1404 1208 sed
1426 1175 1601 1208 mansuetis
1634 1175 1776 1209 consiliis
1800 1173 1916 1209 nostris
1949 1172 2068 1207 adscri-

1124 1224 1188 1256 bit.
1217 1225 1321 1258 Decet
1345 1225 1491 1267 praeterea
1528 1224 1768 1258 Sacerdotalem
1799 1225 1993 1268 gravitatem
2028 1223 2063 1255 δε

1125 1272 1352 1312 honestatem,
1380 1284 1415 1306 ut
1437 1273 1576 1315 passibus
1598 1271 1796 1306 humilitatis
1819 1297 1830 1312 ‚
1858 1272 2024 1315 patientiae
2054 1296 2064 1311 ‚

1122 1323 1154 1356 δε
1177 1321 1411 1356 moderationis
1446 1322 1653 1364 prosequatur
1682 1332 1795 1363 pacem
1827 1322 1911 1355 tanti
1943 1321 2069 1355 Princi-

1124 1374 1195 1416 pis,
1222 1382 1343 1414 quam,
1369 1372 1424 1406 etfi
1446 1382 1513 1405 non
1532 1371 1623 1414 juxta
1647 1370 1839 1404 desiderium
1871 1370 2011 1404 vestrum
2033 1371 2067 1404 ὃ(

1124 1422 1269 1456 nostrum
1290 1422 1432 1466 plenarie
1456 1420 1602 1455 oblata‘m
1615 1446 1626 1462 ,
1653 1422 1851 1465 rogamus&
1864 1421 2067 1455 consulimus

1124 1473 1156 1506 in
1183 1473 1336 1506 Domino
1353 1472 1556 1506 conscientia
1579 1481 1656 1513 pura
1671 1495 1681 1511 ,
1706 1481 1866 1513 quatenus
1880 1471 2065 1504 nullatenus

1124 1522 1362 1564 adspernemini
1385 1545 1396 1560 ,
1429 1521 1483 1555 sed
1506 1533 1543 1554 ea
1569 1520 1821 1553 mansuetudine
1840 1521 1874 1553 &
1895 1520 2068 1553 affestione

1125 1572 1302 1614 suscipiatis
1322 1595 1332 1610 ‚
1370 1581 1406 1604 ut
1438 1569 1616 1603 dulcedine
1646 1569 1745 1603 vestra
1780 1580 1857 1603 eum
1878 1567 1918 1603 ad
1942 1570 2067 1612 reliqua

1123 1621 1253 1655 mollire
1284 1621 1431 1655 debeatis
1450 1645 1458 1652 .
1496 1619 1586 1654 Solet
1606 1619 1695 1653 enim
1728 1618 1838 1653 debile
1867 1619 2067 1663 principium

1125 1671 1240 1704 melior
1262 1672 1414 1705 comitari
1434 1671 1567 1704 fortuna
1582 1693 1590 1700 .
1619 1669 1662 1700 Et
1674 1669 1843 1712 Principes
1855 1693 1867 1709 ,
1893 1669 2067 1712 praesertim

1125 1719 1189 1753 hoc
1208 1731 1356 1761 tempore
1378 1744 1389 1759 ,
1427 1717 1574 1752 leniendi
1593 1715 1701 1759 potius
1725 1717 1799 1750 sunt
1817 1741 1829 1758 ,
1862 1719 1964 1762 quam
1985 1731 2068 1753 exa.-

1123 1768 1298 1802 cerbandi.

1225 1865 1638 1903 EPISTOLA
1740 1866 1959 1903 CXXXV.

1171 1967 1300 2001 Thomas
1313 1967 1534 2009 cantuarienfis
1550 1966 1634 2000 Archi
1647 1986 1659 1992 -
1671 1965 1836 2011 Episcopus
1861 1967 2022 2007 Hyacinthe

1423 2024 1556 2053 Diacono
1584 2018 1747 2051 Cardtnalt
1760 2041 1768 2050 .

1129 2115 1444 2200 ECCLESIAM
1476 2118 1665 2163 Anglorum
1696 2119 1730 2152 δι’,
1761 2129 1821 2152 nos
1844 2118 2011 2163 posuimus
2036 2119 2068 2152 in

1229 2169 1380 2202 manibus
1404 2168 1536 2207 vestris,
1563 2180 1598 2202 ut
1621 2169 1780 2212 profectus
1801 2169 1842 2202 fic
1856 2167 1896 2202 ad
1920 2169 2071 2209 vestram,

1124 2217 1164 2251 de
1182 2218 1271 2260 cujus
1290 2229 1354 2261 ope
1377 2218 1512 2252 nitimur
1537 2243 1547 2258 ,
1584 2219 1724 2263 gloriam
1760 2217 1925 2253 restiffime
1959 2219 2069 2253 refera-

1125 2279 1175 2302 tur
1190 2293 1200 2308 ,
1224 2269 1256 2301 ὅ(
1274 2267 1437 2302 desolatio
1463 2267 1573 2301 nostra
1593 2267 1633 2301 ad
1647 2269 1788 2303 vestrum
1813 2270 1932 2312 spetiei
1943 2268 2071 2312 dispen-

1124 2318 1236 2357 dium,
1264 2319 1320 2361 qui
1347 2329 1406 2352 nos
1425 2317 1458 2351 ὃ(
1493 2317 1599 2351 nostra
1624 2318 1732 2352 vestrae
1757 2319 1929 2353 affestione
1963 2329 2071 2362 prom-

1126 2369 1264 2411 ptissima
1286 2367 1477 2402 devovimus
1497 2368 1681 2402 voluntati.
1710 2367 1931 2403 Persecutores
1957 2369 2071 2404 Eccle-

1125 2419 1171 2451 siae
1185 2427 1321 2452 eatenus
1338 2418 1372 2451 in
1393 2419 1522 2455 malitia
1544 2419 1762 2460 processerunt
1786 2443 1796 2458 ,
1834 2430 1869 2454 ut
1894 2420 1977 2452 ultra
2000 2429 2071 2461 pro·

1124 2466 1212 2512 gredi
1228 2477 1410 2511 nequeant,
1438 2466 1489 2501 sed
1504 2469 1603 2501 velint
1617 2468 1725 2501 nolint
1736 2467 1891 2501 deficient
1908 2469 1939 2499 in
1954 2468 2069 2510 seipsis

1127 2518 1182 2551 nisi
1193 2518 1240 2551 eis
1264 2519 1403 2552 Ecclesia
1429 2518 1580 2551 Romana
1606 2519 1638 2550 in
1666 2516 1840 2559 perniciem
1863 2519 1952 2551 suam
1975 2517 2068 2551 dede-

1125 2568 1166 2601 rit
1186 2568 1269 2602 vires
1284 2593 1291 2600 .
1331 2569 1484 2601 Flumina
1504 2577 1619 2600 eorum
1644 2568 1676 2599 in
1696 2565 1841 2600 tonitrua
1874 2577 2067 2602 converten-

1125 2626 1192 2660 tur,
1220 2618 1254 2651 &
1274 2618 1371 2652 turbo
1389 2617 1587 2651 ventositatis
1613 2613 1705 2658 hujus
1727 2616 1822 2650 facile
1845 2617 2065 2651 solveturim-

1125 2667 1197 2703 bre.
1225 2667 1262 2700 In
1284 2668 1373 2701 brevi
1397 2668 1542 2700 futurum
1566 2666 1610 2698 est
1632 2666 1770 2699 authore
1793 2666 1893 2705 Deo,
1919 2679 1955 2701 ut
1979 2667 2064 2702 vice-

1125 2718 1215 2758 ritis,
1241 2717 1426 2751 dummodo
1449 2727 1546 2749 citam
1565 2717 1736 2750 &certam
1758 2716 1882 2759 possitis
1906 2719 2064 2760 exspes&-

1125 2779 1156 2802 το
1174 2768 1339 2801 νίἂοτὶαιπ
1409 2766 1620 2800 Mementote
1640 2765 1778 2809 Pompei
1803 2766 1894 2799 vestri
1917 2793 1928 2806 ‚
1966 2779 2064 2811 quem

1125 2818 1230 2853 Caesar
1250 2816 1371 2851 itidem¹
1388 2815 1501 2850 -vester
1527 2816 1776 2858 insuperabilem
1799 2818 1860 2851 effe
1895 2818 2025 2852 dicebat
2051 2843 2062 2859 ,

1124 2869 1146 2902 (i
1169 2878 1236 2903 tam
1257 2867 1338 2905 bene.)-
1358 2867 1451 2901 sciret
1477 2866 1607 2900 vincere
1629 2891 1639 2907 ‚
1676 2867 1775 2911 quam
1809 2867 1891 2901 bene
1927 2878 2063 2902 noverat

1126 2929 1291 2963 pugnare„
1313 2917 1435 2961 Egerat
1455 2915 1560 2960 primo
1581 2916 1654 2950 Rex
1679 2917 1810 2961 Angliae
1834 2941 1844 2957 ‚
1884 2928 1919 2951 ut
1940 2918 1978 2952 ad
2011 2920 2067 2954 Se·

1125 2969 1202 3002 dem
1245 2966 1471 3010 Apostolicam
1497 2966 1585 3000 nulla
1610 2967 1700 3001 fieret
1730 2967 1905 3010 appellatio
1927 2992 1937 3007 ‚
1974 2970 2062 3003 suam

1125 3016 1302 3052 schismatis
1325 3018 1400 3052 cum
1420 3016 1635 3051 schismaticis
1651 3017 1761 3060 posuit
1782 3019 1969 3061 'portionem
2003 3018 2063 3052 mi-

1125 3067 1280 3109 nisterio,
1305 3067 1410 3102 immo
1427 3067 1567 3112 perjurio
1588 3068 1729 3110 Joann'is,
1751 3068 1796 3104 de
1810 3083 1814 3100 z
1829 3067 2020 3102 oxeneford
2049 3086 2061 3109 3

1124 3118 1180 3161 qui
1203 3129 1293 3152 nunc
1316 3118 1425 3152 vestris
1446 3118 1545 3152 audet
1565 3129 1715 3161 apparere
1735 3118 1979 3161 conspectibus;
2007 3117 2061 3151 fed

1125 3179 1211 3202 nunc
1233 3167 1401 3212 perdudtus
1424 3168 1469 3201 est
1494 3192 1505 3208 ,
1546 3177 1582 3200 ut
1602 3169 1731 3201 coactus
1758 3169 1797 3201 fit
1819 3170 1996 3211 confugere
2017 3166 2058 3200 ad

1122 3218 1238 3253 Sedem
1260 3218 1371 3258 Petri,
1396 3218 1431 3251 δε
1454 3216 1594 3253 Domini
1620 3218 1714 3261 Papae
1736 3218 1888 3252 invocare
1910 3227 2034 3250 nomen
2049 3241 2060 3257 ,

1121 3269 1207 3312 quod
1226 3279 1303 3303 ante
1328 3267 1512 3302 inhibuerat
1533 3268 1696 3301 invocari.
1726 3269 1767 3301 Et
1787 3267 1918 3308 quidem
1935 3265 1974 3298 ad
1993 3265 2058 3302 Ec-

1120 3318 1246 3353 elefiam
1268 3319 1455 3352 Romanam
1477 3316 1560 3350 reste
1581 3319 1773 3362 confugeret
1797 3340 1808 3355 ,
1834 3317 1855 3348 si
1879 3314 2058 3350 declinaret

1122 3369 1292 3411 injuriam,
1321 3379 1388 3400 non
1412 3366 1565 3408 inferret;
1602 3368 1622 3400 si
1646 3367 1858 3401 devotionem
1895 3365 2059 3407 praesenta·

1120 3428 1165 3453 ret
1192 3418 1364 3456 Ecclesiae,
1402 3417 1435 3449 δι
1464 3429 1531 3450 non
1565 3418 1660 3459 ipsius
1694 3424 1845 3457 quaereret
1881 3415 2059 3449 subversio-

1120 3480 1218 3511 nem,
1244 3468 1266 3501 si
1291 3478 1359 3502 non
1382 3466 1452 3510 plus
1472 3477 1599 3502 noceret
1626 3465 1714 3498 fietis
1726 3464 1925 3502 amicitias&
1939 3465 2052 3498 falsum
2104 3504 2106 3506 ¹

1163 3519 1167 3524 “
1687 3514 1722 3548 N
1923 3516 2017 3558 spon-
