2358 3776
405 128 501 177 344

331 199 378 241 cit
389 196 550 243 impunita
563 220 571 228 .
597 190 680 234 Haee
689 193 833 230 diceutes
844 192 960 230 scimus
971 190 1066 227 nobis
1075 191 1112 226 in
1123 188 1175 226 his
1185 200 1258 225 exe-

332 247 495 296 quendis,
522 244 711 292 fiplacuerit
732 244 845 286 vobis,
873 253 1009 288 magnos
1022 265 1034 282 ,
1057 241 1137 276 Deo
1148 250 1254 276 tamen

332 298 479 347 propitio
499 296 689 339 vincibiles,
715 295 886 330 imminere
904 292 1051 327 labores.
1075 290 1138 328 Sed
1158 302 1255 337 prze-

332 349 476 395 1egimus
487 349 603 383 aretam
613 347 649 383 r&
658 345 830 391 angustam
847 342 933 377 viam
946 341 1035 386 sequi
1045 364 1057 382 ,
1083 352 1155 387 quae
1165 341 1254 376 ducit

330 398 376 435 ad
386 400 499 440 vitam,
508 398 604 441 quam
617 397 715 432 latam
724 394 759 427 ἀ
778 390 948 436 spatiosam
962 415 974 432 ‚
997 401 1065 435 quae
1077 403 1132 437 per
1151 392 1253 427 illece-

329 449 406 487 bras
422 448 530 485 saculi
551 445 651 482 trahit
668 442 711 477 ad
730 442 868 477 inferos.
895 440 951 477 De
971 439 1135 478 Mandato
1147 442 1250 477 vestro

316 499 523 537 >damnorum
545 494 730 530 nostrorum
750 492 792 526 ad
804 492 938 537 praesens
951 491 1050 526 tacita
1071 491 1117 527 est
1139 493 1251 537 repeti-

324 549 379 587 tio
388 573 397 581 .
424 548 552 581 Placeat
563 544 732 581 Serenitati
744 541 849 579 vestra’.
858 567 870 584 ,
890 541 1030 587 qualiter
1043 551 1102 576 vos
1113 539 1167 576 hic
1181 554 1250 586 pro-

322 598 440 635 cedere
450 605 599 639 oporteat
610 594 741 630 alatore
757 592 957 637 praesentium
979 591 1134 627 exaudire
1152 592 1187 627 ἀ
1204 593 1251 627 in·

318 648 443 695 juriam
451 645 615 690 corrigere
625 669 636 686 ,
662 654 732 687 quae
742 643 836 679 nobis
847 642 881 678 δι
893 641 1043 678 Ecclefiae
1052 641 1167 677 nostrae
1177 641 1250 676 illa-

323 696 414 734 taest
428 697 463 731 in
474 694 704 730 Coronatione
725 693 785 729 filii
810 691 935 737 Regis,
958 693 1026 727 alio
1046 703 1162 728 contra
1183 704 1253 727 mo·

322 759 394 785 rem
406 747 574 791 antiquum
585 746 619 783 δε
629 744 828 781 Mandatum
848 743 988 781 ‚vestrum
1011 743 1187 778 invadente
1201 743 1249 787 jus

322 796 472 833 nostrum
494 796 537 840 &y
551 795 756 831 Provinciam
778 791 919 828 nostram
940 818 950 830 .
990 793 1170 830 Neceffitas
1191 804 1250 827 nos

321 846 438 892 coegit
458 846 613 884 excedere
633 845 768 881 modum
789 842 970 885 scribendi,
995 844 1096 879 timor
1119 844 1152 879 ὅ(
1165 853 1247 878 reve·

324 897 432 933 tentia
446 895 489 931 de
509 895 658 931 dicendis
679 895 768 939 plura
791 893 964 938 reprimere
983 893 1212 938 compulerunt
1240 917 1250 933 ‚

319 947 375 984 sed
388 946 580 992 Apostolica
592 946 743 991 dignatio
752 945 786 981 &
796 943 969 980 clementia
992 943 1141 980 Paterna:
1163 954 1249 977 man-

321 996 501 1034 suetudinis
510 995 776 1031 immoderationi
788 1017 800 1037 ‚
826 994 848 1029 fi
863 994 966 1039 placet
977 1018 989 1035 ,
1002 996 1132 1030 veniam
1145 992 1247 1033 dabit,

320 1048 356 1082 r&
369 1058 439 1090 quae
449 1047 587 1083 dicenda
597 1049 723 1081 fuerant
738 1069 750 1087 ‚
774 1045 793 1079 ὲ
817 1044 918 1080 latore
938 1045 1139 1092 presentium
1153 1044 1248 1078 solita

314 1097 436 1141 pietate
445 1097 619 1143 exaudiat,
645 1098 678 1131 &
691 1094 867 1140 petitiones
884 1119 895 1136 ,
921 1105 999 1137 quas
1024 1106 1078 1140 per
1087 1104 1164 1131 eum
1179 1105 1247 1140 pot-

313 1146 455 1195 tigimus
471 1171 484 1191 ‚
508 1147 647 1185 celerius
657 1146 770 1190 jubeat
783 1145 975 1190 adimpleri.

450 1244 861 1285 EPISTOLA
962 1244 1119 1282 XLvl.

429 1351 559 1392 Joannl
583 1344 801 1389 saresberiensi
821 1346 947 1388 quidam
975 1348 1094 1378 Amicus
1111 1367 1119 1372 -

379 1445 561 1480 EGNIUS
586 1450 712 1478 irritant
728 1448 864 1476 animum
887 1444 1009 1484 demissa
1024 1451 1079 1483 per
1105 1452 1208 1475 aurem
1235 1464 1245 1481 ,

400 1498 492 1536 qucim
505 1492 654 1537 quaesunt
666 1491 1048 1535 ocullssubjet‘i'afidelibus
1061 1514 1069 1524 .
1096 1491 1129 1526 Si
1143 1489 1184 1525 de
1194 1488 1245 1523 his

310 1544 415 1591 igitur
428 1568 438 1584 ,
465 1555 534 1588 quae
555 1543 669 1579 auditu
683 1543 754 1576 solo
765 1541 867 1576 didici
883 1565 894 1581 ‚
919 1540 1030 1576 minus
1042 1539 1244 1576 luculentam

310 1596 422 1635 fecero
434 1594 653 1629 narrationem
665 1618 676 1633 ‚
687 1592 816 1627 veniam
829 1601 907 1635 peto
919 1615 926 1623 .
947 1589 1141 1626 Constantia
1154 1589 1243 1624 enim

310 1645 458 1681 veritatis
468 1645 501 1680 ὃ(
511 1644 716 1679 manifestior
727 1642 933 1686 quaefirorum
946 1641 964 1675 a
977 1640 1070 1675 vobis
1082 1640 1244 1684 expolitio

310 1697 356 1732 est
371 1707 469 1740 penes
480 1696 573 1735 illos,
599 1695 655 1738 qui
668 1704 734 1726 rem
746 1692 868 1736 gestam
881 1693 1123 1735 conspexerunt
1138 1715 1145 1724 .
1173 1689 1246 1724 No·

311 1748 481 1780 vitantem
505 1743 637 1778 dileetio
661 1742 761 1776 vestra
785 1742 972 1776 Dominum
997 1739 1245 1784 Rothornagen-

310 1797 380 1833 sem
390 1795 424 1828 ὅ(
438 1794 678 1828 Nivernensem
693 1791 890 1835 Episcopum
909 1791 926 1823 a
939 1790 1090 1825 Domino
1103 1789 1189 1831 Papa
1203 1788 1243 1822 ad

311 1844 441 1890 Regem
455 1843 644 1888 Anglorum
657 1852 715 1885 pro
732 1840 944 1875 transaeiione
955 1841 1041 1876 inter
1059 1839 1242 1885 praedissum

310 1893 440 1940 Regem
474 1894 509 1926 ὃ(
537 1893 725 1927 Dominum
758 1890 1032 1930 Cautuariensem
1068 1887 1241 1926 formanda

311 1944 514 1982 transmissos
537 1943 632 1982 fuisse
653 1943 796 1986 Legatos
817 1965 826 1973 .
862 1939 1034 1984 Arripiens
1058 1937 1160 1984 igitur
1184 1938 1244 1970 iter

312 1993 526 2036 Nivernenfis
536 1992 575 2028 ad
587 1992 787 2030 Mandatum
799 1988 941 2025 Domini
963 1988 1057 2032 Papae
1068 2010 1079 2029 ,
1099 1986 1245 2021 deferens

310 2046 420 2086 secum
433 2044 658 2079 transactionis
669 2044 807 2078 formam
824 2041 842 2076 a
866 2039 1018 2076 Domino
1039 2037 1130 2086 l’apa
1149 2035 1246 2070 dista·

313 2106 383 2134 tam
395 2106 469 2129 cum
482 2093 758 2129 Comminatoriis
771 2091 811 2126 ad
825 2089 964 2129 eundem
977 2114 986 2132 ,
1008 2089 1042 2122 in
1057 2086 1244 2124 Neussriam

313 2148 416 2190 usque
436 2145 599 2190 pervenit.
628 2143 842 2179 Conveniens
864 2140 975 2183 itaque
998 2136 1246 2181 Rothomagen·

314 2197 381 2233 sem
393 2206 520 2240 paratus
540 2204 608 2230 erat
635 2191 864 2229 transfretandi
878 2191 960 2227 inire
973 2188 1117 2223 laborem
1130 2213 1138 2220 .
1167 2187 1245 2221 Erat

314 2248 404 2280 enim
420 2245 635 2290 RexAngliae
649 2269 660 2286 ,
685 2254 722 2279 ut
732 2244 831 2279 etiam
846 2241 947 2277 vestra
961 2239 1055 2271 novit
1079 2236 1244 2291 dilectiq,

314 2306 395 2331 tunc
416 2296 572 2337 temporis
594 2296 627 2329 in
649 2293 773 2337 Anglia
795 2316 802 2325 .
832 2291 905 2324 Rex
926 2288 1025 2330 igitur
1047 2285 1169 2324 auditis
1194 2282 1245 2318 his

314 2344 508 2385 Nivernensi
519 2343 651 2379 obviarn
665 2342 748 2377 milit
760 2363 769 2379 ‚
799 2336 957 2376 mandans
969 2336 1003 2371 δε
1015 2345 1178 2374 monens,
1204 2344 1245 2374 ne

315 2399 404 2433 casus
415 2393 535 2432 subiret
545 2392 690 2426 marinos
702 2414 713 2429 ,
740 2386 792 2423 sed
814 2387 908 2432 ipsius
921 2386 959 2419 ad
966 2393 1095 2419 ventum
1110 2385 1143 2421 in
1158 2383 1241 2418 Nor·

316 2445 452 2496 mannia
473 2441 632 2489 patienter
653 2438 899 2482 prestolaretur·
928 2436 1006 2473 Erat
1025 2434 1113 2469 enim
1126 2434 1159 2467 in
1171 2444 1244 2476 prae-

316 2495 496 2541 sentiarum
524 2491 559 2527 in
581 2491 663 2526 fines
685 2487 760 2522 illos
783 2495 985 2521 remeaturus
1007 2507 1015 2518 .
1051 2483 1242 2528 Regreffum

315 2558 395 2593 ergo
407 2539 686 2586 Rothomagenlis
696 2539 729 2574 ἀ
743 2538 777 2573 N
781 2535 949 2571 ivernenfis
961 2534 1133 2580 diligentes
1147 2543 1244 2574 ,con-

314 2599 483 2638 venientes
494 2588 766 2629 commonitorias
785 2585 927 2622 Domini
950 2584 1065 2627 Papae,
1090 2583 1178 2629 pacis
1190 2584 1240 2617 fa-

319 2646 443 2685 ciendae
460 2645 601 2678 formam
621 2638 833 2677 continentes,
849 2636 899 2671 illi
920 2633 1135 2675 obtulerunt,
1157 2643 1243 2678 quo-

321 2708 393 2736 rum
415 2696 520 2728 sermo
543 2687 609 2726 hoc
631 2687 762 2725 demum
787 2687 852 2722 fine
874 2684 990 2720 resedit
1016 2709 1023 2718 .
1060 2682 1242 2727 Spopondit

321 2749 395 2783 Rex
413 2741 591 2789 praetaxatis
615 2737 730 2783 legatis
741 2737 770 2770 se
791 2736 832 2771 ad
855 2745 972 2771 nutum
991 2734 1025 2770 &
1040 2734 1244 2768 voluntatem

321 2793 464 2835 Domini
485 2792 579 2836 Papae
599 2787 664 2825 fine
676 2789 753 2822 fuco
764 2785 930 2821 sunultatis
943 2784 1165 2820 restituturum
1175 2783 1245 2818 Do·

322 2848 418 2882 mino
429 2838 655 2879 Cantuarieufi
667 2847 779 2883 pacem
799 2837 909 2876 suam,
934 2834 1110 2869 Eccleliam
1126 2834 1214 2869 suam
1234 2857 1245 2873 ,

324 2893 531 2941 possessiones
564 2887 709 2933 Ecclefiae4
731 2886 792 2921 suae
813 2887 846 2921 in
869 2886 1032 2930 integrum
1060 2908 1072 2926 ,
1108 2884 1245 2930 gratiam

322 2947 423 2981 etiam
434 2944 521 2978 suam
535 2965 547 2981 ,
572 2938 649 2974 licet
668 2937 709 2973 de
720 2935 884 2979 Praecepto
907 2934 1104 2979 Apostolico
1125 2933 1166 2969 ad
1178 2944 1246 2979 gra-

326 2998 378 3031 tiae
390 2992 626 3029 restitutionem
649 2998 718 3023 non
743 2995 930 3031 cogeretur,
955 2994 1059 3019 unum
1079 2982 1245 3019 vehemen-

327 3057 376 3082 ter
390 3044 538 3080 laborans
551 3063 563 3081 ,
594 3038 741 3083 excipere
761 3035 803 3070 de
822 3033 873 3070 his
897 3045 965 3078 quae
985 3033 1149 3070 Dominus
1161 3032 1247 3075 Papa

329 3095 536 3131 mandaverat
549 3114 560 3131 ,
586 3089 734 3125 osculum
745 3084 897 3122 videlicet
908 3097 919 3119 .·
940 3085 1094 3127 quoniam
1106 3083 1182 3119 huic
1195 3094 1246 3127 pu-

331 3145 417 3182 blice
427 3144 461 3177 in
482 3141 652 3184 conspectu
675 3139 879 3175 Francorum
900 3133 985 3179 apud
996 3133 1151 3168 Mentem
1163 3134 1249 3168 Mar·

331 3205 441 3239 tyrum
455 3191 652 3236 abjuraverat
665 3212 671 3220 .
687 3186 813 3223 Reverli
826 3186 901 3220 sunt
911 3194 995 3229 ergo
1002 3182 1250 3228 Rothomagen·

332 3239 629 3281 fis&Nivernenfis
641 3236 681 3272 ad
702 3236 886 3272 Dominum
909 3233 1174 3269 Cantuatiensem
1200 3234 1251 3267 Se-

333 3291 555 3335 nonis,.feria
567 3288 702 3335 quinta,
729 3297 765 3320 ut
789 3286 918 3322 recolo,
945 3281 1154 3319 hebdomadae
1180 3293 1252 3325 prae-

334 3345 475 3379 cedentis
496 3335 593 3380 Festo
616 3336 821 3382 Magdalenae
842 3358 853 3373 ‚
892 3333 1094 3368 Nunciantes
1115 3331 1162 3366 illi
1185 3343 1253 3375 quae

337 3405 432 3439 penes
450 3394 577 3437 Regem
589 3389 781 3422 invenerant
792 3409 803 3425 ,
813 3384 846 3419 &
860 3394 894 3417 ut
906 3383 951 3416 ibi
965 3384 1079 3426 pariter
1090 3382 1175 3416 diem
1189 3382 1252 3415 Re-

338 3441 580 3480 conciliationis
591 3437 746 3478 faciendae
755 3435 964 3484 affignarent·
995 3433 1254 3480 Interagendum

949 101 1561 156 ,EPISTOLAE

1321 199 1429 227 autem
1443 190 1508 227 haec
1522 192 1596 227 Rex
1609 191 1755 228 Franciae
1765 216 1777 234 ,
1801 192 1837 228 δε
1854 190 1927 228 Rex
1939 191 2068 240 Angliae
2080 197 2166 232 diem
2177 197 2242 233 col·

1326 240 1642 285 loquiivstatuerant,
1669 242 1782 278 feriam
1803 243 1955 279 videlicet
1972 245 2140 281 secundam
2165 257 2242 284 ante

1323 291 1451 328 Festum
1463 293 1667 337 Magdalenae
1680 316 1692 333 ,
1718 294 1752 328 in
1777 293 1938 329 limitibus
1959 295 2022 328 suis
2033 294 2116 329 inter
2127 298 2242 334 Firmi·

1322 350 1440 384 tatem,
1465 344 1636 387 Oppidum
1657 343 1778 378 scilicet
1806 344 1839 377 in
1863 344 1956 388 Pago
1967 344 2178 388 Carnotenli,
2203 349 2238 385 δε

1322 392 1490 428 Fretivalle
1501 418 1512 434 ,
1541 393 1692 428 Castrum
1706 393 1857 428 videlicet
1870 395 1904 428 in
1918 394 2106 428 Territorio
2127 394 2240 433 Tuto-

1320 443 1406 477 uenfi
1416 468 1425 477 .
1445 444 1613 478 Dominus
1623 445 1700 477 vero
1712 444 1905 478 Senonenfis
1915 445 2046 479 interim
2058 445 2235 490 confilium
2286 464 2291 473 ι

1321 492 1455 530 dederat
1476 492 1701 529 Cantuarienfi
1723 517 1735 535 ,
1762 494 1918 538 quatenus
1940 495 2004 529 una
2028 495 2135 529 secum
2158 519 2170 536 ,
2206 496 2242 532 a:

1318 553 1393 575 cum
1404 542 1658 590 Rothomagenfi
1679 544 1711 577 ἀ
1732 543 1948 586 Niverneusi,
1979 545 2110 589 Regum
2133 545 2239 581 adiret

1318 592 1518 637 colloquium
1532 620 1543 636 ‚
1562 594 1717 639 adjiciens
1728 595 1811 629 inter
1824 595 1927 638 ipsum
1938 596 1971 629 ὅ(
1984 595 2108 639 Regem
2127 595 2255 642 suum3'

1319 642 1397 676 dum
1408 652 1498 678 tanta
1521 646 1669 680 locorum
1691 644 1933 689 intercapedine
1954 645 2243 690 disjungerentur,

1320 695 1520 737 nequaquam
1534 698 1620 739 polle
1630 696 1785 738 componi
1797 720 1804 728 .
1832 695 1997 729 Dominus
2017 705 2125 729 autem
2151 694 2243 729 Can-

1319 743 1507 784 tuarienlis‚
1533 745 1607 780 licet
1632 747 1666 779 in
1694 746 1856 790 principio
1879 746 2021 780 renitens
2044 744 2176 787 injussus
2197 741 2241 780 ad

1317 793 1521 839 colloquium
1533 795 1705 837 accedere,
1729 796 1867 830 consilio
1889 796 2081 830 Senonenfis
2101 794 2240 831 demum

1319 845 1501 887 acquievit,
1528 847 1723 889 profectique
1737 846 1810 880 sunt
1823 847 1938 889 pariter
1950 845 1992 880 ad.
2011 845 2215 890 colloquium
2227 868 2243 887 ,

1312 893 1569 936 cantuariensis,
1597 896 1787 929 Senonenlis
1811 920 1823 936 ‚
1849 895 2150 940 Rothomagensis,
2176 894 2240 929 Ni-

1317 945 1475 978 vernenlis
1489 969 1497 978 .
1521 945 1758 989 Convenerunt
1779 945 1877 989 igitur
1890 945 1999 991 Reges
2023 948 2056 980 in
2081 956 2184 979 unum
2196 943 2241 981 ad

1317 1005 1443 1038 tempus
1452 995 1622 1036 colloquio
1635 994 1800 1038 praefixum
1813 1018 1825 1035 ‚
1854 994 2007 1038 rebusque
2026 995 2088 1029 suis
2099 992 2240 1031 secunda

1317 1045 1350 1078 ὅ(
1371 1044 1465 1079 tertia
1485 1045 1564 1078 feria
1584 1055 1660 1079 ante
1681 1044 1811 1079 Festum
1835 1043 2042 1088 Magdalenae
2062 1044 2203 1080 tractatis
2225 1067 2241 1086 ,

1320 1094 1440 1128 nullam
1465 1094 1506 1128 de
1527 1094 1750 1129 Cantuarienli
1773 1094 1918 1128 fecerunt
1942 1094 2167 1133 mentionem,
2194 1092 2242 1130 in

1318 1145 1415 1178 etiam
1435 1153 1471 1178 ut
1493 1143 1615 1179 Clerici
1636 1144 1731 1188 ipsius
1753 1142 1772 1177 a
1792 1144 1965 1187 colloquio
1985 1142 2121 1177 secunda
2133 1140 2242 1179 dicad

1320 1196 1504 1229 Dominum
1517 1196 1610 1229 suum
1622 1203 1815 1229 revertentes
1825 1193 2020 1228 nunciarent
2032 1194 2062 1227 ei
2082 1193 2193 1238 Reges
2203 1190 2245 1226 fi-

1319 1245 1389 1279 nito
1411 1246 1547 1290 negotio
1567 1246 1625 1279 suo
1642 1244 1788 1279 recedere
1806 1268 1818 1284 ,
1844 1242 2117 1285 vehementerque
2138 1251 2244 1286 expa-

1319 1304 1452 1335 verunt,
1478 1307 1519 1328 ne
1529 1295 1608 1338 quid
1620 1294 1660 1327 ad
1682 1294 1884 1335 colloquium
1909 1304 1975 1327 non
1991 1292 2246 1330 invitatiaeeesss

1319 1346 1421 1379 serant
1433 1367 1444 1384 ,
1454 1352 1683 1377 reverterentur
1698 1342 1824 1377 confufi
1836 1366 1844 1374 .
1870 1343 2116 1377 Intercefferant
2126 1352 2240 1378 tamen

1317 1392 1446 1427 interim
1458 1393 1551 1427 solita
1561 1391 1731 1437 diligentia
1742 1403 1801 1434 pro
1813 1392 2036 1426 Cantuarienfi
2060 1392 2100 1426 ad
2113 1392 2243 1438 Regem

1319 1443 1447 1486 Angliae
1469 1441 1686 1481 Senonenfis,
1716 1438 1995 1483 Rotbornagenfis
2011 1464 2024 1480 ,
2047 1436 2247 1479 Niveruenss-

1315 1493 1370 1532 fis,
1395 1491 1614 1534 concessitque
1625 1489 1690 1523 illis
1701 1488 1833 1523 tandem
1848 1489 1921 1522 Rex
1934 1488 2011 1522 sein
2037 1487 2134 1523 Festo
2145 1488 2246 1534 Mag-

1314 1541 1436 1575 dalenae
1458 1539 1683 1575 Cantuariensr
1707 1539 1948 1573 collocuturum
1967 1561 1978 1579 ,
2014 1538 2049 1574 δε
2069 1539 2182 1574 omnia
2200 1537 2245 1576 ad

1315 1600 1506 1634 praeceptum
1531 1590 1673 1624 Domini
1685 1588 1780 1632 Papae
1790 1588 1896 1622 eidem
1908 1586 2205 1633 redintegraturum
2228 1611 2245 1630 2

1314 1641 1387 1675 solo
1407 1641 1522 1674 osculo
1544 1649 1708 1683 excepto,
1735 1638 1776 1673 ad
1798 1638 1887 1682 cujus
1905 1640 2144 1674 eonceffionem
2154 1637 2244 1683 apud

1314 1692 1466 1726 Montem
1480 1689 1669 1733 Martyrum
1680 1714 1690 1731 ‚
1719 1700 1780 1723 nec
1791 1690 1889 1723 etiam
1905 1688 2008 1732 Regis
2017 1688 2161 1724 Francia
2170 1698 2248 1732 prq-

1311 1741 1409 1775 cibus
1422 1741 1530 1784 potuit
1551 1739 1723 1774 inclinari.
1752 1738 1883 1783 Adjecit
1892 1739 2036 1773 etiam&
2058 1738 2246 1778 juramento

1311 1791 1447 1824 sancivit
1469 1791 1500 1823 se
1523 1789 1557 1822 in
1582 1788 1677 1831 hujus
1701 1788 1879 1833 negatione
1890 1788 1996 1823 nullas
2016 1783 2242 1838 (lantweri-013⁶

1312 1838 1502 1884 pra-*tendere
1523 1837 1673 1878 infidias,
1700 1837 1734 1871 δε
1756 1838 1866 1872 Deum
1888 1835 1998 1880 saepius
2020 1836 2239 1878 testando&-

1310 1889 1487 1923 nonensem
1509 1889 1602 1932 super
1622 1887 1749 1922 ordinis
1767 1887 1816 1920 sui
1839 1887 2018 1931 periculum
2041 1887 2242 1931 interposuit

1310 1939 1374 1972 fide
1389 1938 1541 1981 iussorem
1554 1961 1562 1971 .
1591 1936 1723 1970 Dicitur
1731 1936 1832 1973 etiam
1850 1936 2073 1972 recedentibus
2083 1936 2239 1977 secretius

1311 1987 1498 2025 instillasse,
1523 1987 1576 2026 se,
1603 1987 1657 2019 etsi
1672 1984 1957 2025 invite,osculum
1972 1986 2238 2035 priusdatqrurm

1310 2038 1408 2081 quam
1432 2047 1509 2079 pace
1533 2036 1650 2070 infeAEia
1673 2035 1783 2078 ipse&
1796 2035 2034 2073 Cantuarienfis
2053 2034 2241 2075 recederet&

1310 2086 1472 2122 discordes
1485 2111 1493 2118 .
1518 2081 1676 2120 Reversus
1698 2085 1807 2128 itaque
1817 2085 2011 2120 Senonenfis
2030 2087 2070 2123 ad
2082 2085 2234 2125 Centum

1311 2138 1468 2174 riensem‚
1494 2136 1650 2170 indicavit
1671 2135 1701 2170 ei
1722 2135 2003 2178 quam&qua1em
2023 2135 2237 2175 dulcedinem

1310 2188 1383 2221 cum
1398 2188 1431 2220 in
1446 2186 1540 2220 vultu
1553 2209 1564 2226 ,
1590 2196 1659 2220 tum
1672 2184 1705 2217 in
1723 2183 1828 2217 verbis
1841 2184 1942 2229 Regis
1964 2185 2130 2220 invenerat
2143 2207 2153 2224 ‚
2166 2182 2238 2225 ‚ro-3

1310 2248 1390 2280 gans
1409 2236 1443 2270 ὅς
1460 2246 1598 2270 monens
1612 2247 1652 2269 ne
1666 2235 1697 2269 in
1710 2234 1813 2269 osculi
1826 2235 1995 2269 exaffione
2006 2241 2148 2278 paratam
2163 2234 2238 2273 Do·

1312 2288 1393 2319 mini
1406 2289 1451 2320 sui
1465 2286 1625 2321 amitteret
1648 2285 1856 2322 dilessionem
1871 2307 1882 2324 ‚
1907 2284 2083 2326 multisque
2094 2285 2239 2329 interpo-

1311 2337 1376 2368 liris
1387 2336 1504 2377 adjecit
1518 2336 1615 2370 etiarn
1628 2358 1638 2374 ,
1661 2335 1748 2378 quod
1774 2334 1807 2369 &
1820 2334 1893 2369 Rex
1907 2334 1972 2377 ipse
1986 2334 2071 2370 idem
2084 2334 2170 2377 prius
2183 2344 2239 2378 pur

1310 2384 1391 2418 blice
1405 2385 1591 2428 promiserat
1604 2408 1615 2424 ,
1641 2384 1768 2427 Regem
1781 2406 1791 2421 ‚
1807 2384 1882 2419 cum
1899 2385 1933 2417 in
1949 2385 2017 2417 suas
2033 2384 2236 2426 poffeffionec

1310 2435 1450 2474 veniret,
1478 2434 1572 2469 illum
1584 2444 1659 2467 cum
1672 2434 1759 2475 pacis
1770 2432 1883 2466 osculo
1903 2433 1937 2467 &
1959 2434 2102 2469 maxima
2114 2434 2236 2476 gratia?

1309 2496 1378 2519 rum
1394 2484 1522 2519 afflone
1533 2492 1736 2526 recepturum
1751 2506 1759 2514 .
1787 2480 1935 2515 Confilio
1956 2481 2056 2526 igitur
2066 2482 2238 2518 Senonen·

1308 2535 1347 2569 fis
1368 2533 1537 2569 Dominus
1557 2531 1799 2568 Cantuarienlis
1819 2540 1975 2573 tanquam
1988 2539 2118 2573 paratus
2131 2531 2235 2576 etiam

1308 2586 1451 2618 animam
1473 2595 1531 2627 pro
1553 2581 1669 2617 ovibus
1690 2580 1754 2614 suis
1779 2590 1898 2622 ponere
1917 2579 2177 2629 condescendit?
2196 2579 2234 2619 dt

1309 2636 1378 2668 sero
1391 2635 1477 2668 facio
1488 2633 1679 2666 nunciatum
1692 2630 1737 2663 est
1759 2629 1845 2673 Regi
1868 2629 2008 2664 Domini
2021 2630 2236 2666 Cantuarien·

1308 2685 1344 2718 sis
1353 2684 1538 2727 responsum
1550 2706 1557 2715 .
1585 2679 1688 2715 Mane
1698 2688 1805 2716 autem
1817 2679 1970 2714 redeunte
1980 2680 2011 2712 in
2024 2678 2119 2713 Festo
2134 2680 2237 2725 Mag.

1309 2735 1433 2768 dalenae
1456 2758 1467 2774 ,
1506 2734 1639 2766 summo
1675 2729 1821 2764 diluculo
1842 2728 1915 2763 Rex
1933 2729 1973 2764 ad
1994 2729 2115 2766 limites
2133 2730 2234 2773 usque

1311 2784 1490 2828 priizsinter
1513 2783 1618 2826 ipsum
1640 2780 1674 2815 ὃς
1697 2780 1822 2824 Regem
1843 2779 2040 2813 Francorum
2060 2778 2233 2822 colloquio

1309 2834 1502 2879 assignatos,
1526 2842 1607 2875 quos
1619 2830 1653 2864 δε
1676 2828 1895 2865 Cantuarienfi
1907 2851 1919 2869 ,
1946 2839 1981 2864 ut
1992 2830 2206 2863 convenirent
2217 2850 2232 2870 ,

1311 2884 1522 2928 affignaverat
1533 2906 1544 2922 ,
1570 2891 1645 2916 cum
1656 2879 1784 2914 infinita
1797 2880 1922 2912 suorum
1935 2877 2146 2917 multitudine
2157 2889 2232 2922 pro·

1310 2934 1397 2970 ceffit
1409 2958 1416 2967 .
1442 2928 1681 2968 Cantuarienfis
1692 2938 1800 2966 autem
1823 2928 1921 2961 serior
1931 2929 2068 2972 egressus
2084 2952 2096 2968 ,
2121 2927 2227 2963 comi-

1312 2994 1400 3019 tante
1411 2983 1505 3017 illurn
1518 2979 1689 3016 Senonenfi
1701 2980 1734 3013 δε
1746 2976 1879 3011 Comite
1901 2976 2102 3012 Theobaldo
2112 3002 2123 3018 ‚
2149 2989 2228 3017 con-

1313 3032 1513 3069 currentibus
1523 3032 1621 3067 etiam
1633 3029 1818 3064 catervatim
1828 3027 1960 3066 Francis
1972 3051 1982 3067 ‚
2007 3029 2148 3071 quicum
2161 3028 2227 3062 Re·

1312 3095 1352 3130 ge
1361 3084 1419 3117 suo
1430 3082 1470 3117 ad
1481 3081 1681 3126 colloquium
1694 3087 1846 3112 venerant
1857 3101 1868 3118 ,
1894 3077 1934 3110 ad
1948 3075 2065 3111 limites
2077 3075 2225 3121 pervenit

1314 3135 1486 3178 affignatos
1498 3158 1505 3165 .
1534 3134 1607 3167 Rex
1617 3138 1724 3162 autem
1738 3152 1749 3168 ,
1774 3138 1809 3161 ut
1820 3126 2086 3161 Cantuariensem
2098 3126 2227 3160 venien·

1316 3195 1379 3219 tem
1390 3183 1550 3227 cognovit
1561 3206 1572 3222 ,
1586 3181 1603 3213 ὲ
1614 3177 1828 3214 multitudine
1837 3176 2111 3211 circumstantium
2122 3185 2228 3210 erum·

1317 3244 1411 3278 pens,
1437 3233 1486 3267 illi
1497 3230 1654 3269 occurrit,
1682 3227 1937 3272 praeveniensque
1957 3226 2226 3267 Cantuariensem

1318 3284 1480 3319 salutavit.
1509 3279 1673 3317 Finitisad
1686 3277 1825 3313 invicem
1837 3275 2083 3311 salutationibus
2106 3300 2116 3316 ,
2141 3276 2225 3313 datis

1318 3334 1437 3369 dextris
1446 3333 1481 3368 δε
1491 3330 1690 3374 amplexibus
1701 3353 1712 3370 ‚
1737 3329 1928 3363 secesserunt
1949 3326 1983 3360 in
1994 3335 2118 3370 partem
2128 3325 2223 3365 Rex.

1318 3380 1554 3419 Cantuarienlis
1563 3403 1574 3421 ,
1599 3381 1631 3415 ὅ(
1641 3378 1834 3415 Senonenfis
1844 3403 1852 3410 .
1863 3376 2106 3422 ,Cantuarienlis
2114 3379 2220 3410 autem

1319 3432 1402 3481 Regi
1414 3432 1472 3471 suo
1481 3429 1729 3475 deinjuriisszbi
1749 3427 1942 3470 &Ecclesiae
1962 3427 2023 3464 suae
2038 3425 2225 3466 illatisconq

2026 3483 2178 3522 querens,
