2358 3776
379 103 476 146 360

305 179 398 216 dorni
419 176 533 215 amicis
555 181 666 211 mente
689 173 882 211 coexulate.
909 171 970 209 Sed
996 185 1057 210 nec
1080 173 1254 209 nullosau-

306 231 471 268 divimus,
499 227 675 264 anima&
699 227 798 261 corde
818 225 911 261 domi
934 225 1046 259 relicto
1068 249 1081 266 ,
1120 235 1254 268 corpore

309 282 480 316 dumtaxat
498 278 679 312 amicorum
705 276 852 319 compati
876 275 999 309 exilio.
1026 274 1254 310 Commenda-

310 331 459 364 biliorem
481 327 614 373 quidem
634 324 855 370 compatiendi
877 324 1018 361 modum
1041 336 1133 359 verus
1161 325 1256 359 Ami·

308 378 540 415 cusillevester
550 377 607 412 fibi
621 376 722 421 elegit
742 374 911 409 Dominus
935 374 1171 419 Vigor-nensis,
1198 374 1255 418 qui

308 431 401 466 exilii
420 429 514 465 vestri
536 429 623 462 viam
642 427 829 470 prosecutus
850 448 862 466 ,
898 425 1008 459 tenere
1040 425 1133 460 vobis
1169 436 1255 460 com·
1311 426 1314 429 ⁴

306 481 432 526 passus,
458 479 499 515 ad
517 477 631 512 sedem
655 477 744 511 suam
778 486 840 509 nec
863 474 980 509 oculos
1002 476 1147 518 corporis
1159 475 1255 510 defle·

304 531 376 572 xit,
404 541 463 565 nec
474 528 514 562 ad
528 525 700 562 Potestatis
721 536 852 561 terrenae
876 523 1102 559 blandimenta
1125 525 1177 559 vel
1197 525 1254 558 mi-

245 594 246 598 *
305 593 362 616 nas
374 577 480 615 cordis
491 576 707 610 constantiam
729 575 921 610 inclinavit.
953 574 1015 609 lste
1038 573 1194 618 fiquidem
1208 575 1256 608 so-

302 632 512 666 lusinventus
522 627 566 661 est
580 650 592 667 ,
618 625 927 670 quissmulcorpore
956 625 990 659 δε
1014 625 1126 668 spiritu
1149 624 1255 664 Patris

303 682 352 721 sui
374 678 536 715 molestias
559 685 776 719 comportaret
792 700 803 716 ,
842 673 1014 709 &Praelati
1038 675 1088 710 sui
1113 686 1255 711 reveren-

304 734 385 766 tiam
397 729 523 765 deliciis
534 728 566 764 δι
578 725 703 760 divitiis
714 724 907 762 anteferret,
934 724 1073 772 Qanto
1092 725 1191 771 igitur
1204 726 1255 760 fir-

310 783 393 815 mius
415 778 511 823 ipfius
529 776 693 811 fidelitatis
718 785 847 821 apparet
871 785 1101 820 argumentum
1120 799 1132 815 ,
1157 774 1254 810 tanto

303 830 400 866 vobis
411 829 513 864 tutius
526 830 600 865 estet
611 828 643 861 δε
654 827 765 861 utilius
778 849 790 866 ‚
818 825 924 869 ipsum
938 825 1081 860 eundern
1097 825 1254 870 tanquam

308 891 423 916 contra
436 879 550 917 m‘undi
562 877 704 922 pericula
716 877 748 910 in
762 876 839 910 loco
850 875 1001 922 graviori,
1014 887 1182 921 opponere
1204 876 1256 909 fir·

306 940 531 970 mamentum‚
557 927 611 963 ubi
628 937 773 971 tempore
783 922 993 971 congruente
1010 950 1022 967 ,
1046 927 1080 961 δε
1103 925 1255 969 Principe

310 982 507 1026 quandoque
535 979 687 1023 mitigato
709 977 987 1022 opportunitatem
1012 975 1218 1015 concedente
1243 999 1255 1016 ,

306 1027 1050 1067 vestrihaberetmemoriam÷aememionem2
1074 1025 1168 1063 Mihi
1191 1027 1256 1061 ita·

306 1081 556 1124 que.videretur
579 1080 760 1115 consultius
781 1102 793 1120 ,
827 1079 862 1113 &
881 1074 977 1120 vobis
996 1075 1222 1121 expedientius
1245 1097 1257 1114 ,

303 1129 392 1174 quod
417 1129 580 1174 praedistus
600 1128 737 1166 Amicus
769 1129 872 1164 vester
894 1124 1182 1167 *aduocationem
1208 1126 1255 1160 sui

302 1179 467 1224 Principis
485 1180 691 1224 repatriaret,
715 1181 749 1215 δε
769 1179 862 1218 illum
884 1177 1052 1213 charitatis
1073 1178 1221 1221 vigorem
1247 1197 1257 1214 ,

303 1243 372 1274 quo
394 1242 451 1264 vos
472 1231 677 1273 amplestitur
696 1254 708 1271 ,
736 1228 860 1263 ibidem
882 1236 1063 1264 exerceret.
1091 1227 1143 1261 lbi
1165 1226 1256 1262 enirn

303 1281 337 1315 id
348 1280 520 1315 exercendi
534 1280 701 1313 materiam
712 1279 880 1322 copiosam
905 1277 1082 1312 inveniret.
1112 1276 1181 1315 Hic
1203 1285 1256 1310 ve·

302 1329 361 1370 ro,
387 1329 505 1374 quoad
518 1329 650 1372 praesens
661 1327 743 1363 mihi
767 1326 909 1362 occurrit
933 1327 967 1361 in
989 1335 1254 1373 mentem,ynon

305 1379 394 1423 aeque
404 1379 497 1414 vobis
508 1379 625 1422 poterit
634 1377 804 1413 subvenire
816 1388 896 1418 ‚nec
909 1376 1113 1412 voluntatem
1127 1399 1138 1416 ‚
1153 1386 1254 1419 quam

302 1441 379 1473 erga
405 1441 462 1464 vos
481 1429 565 1474 gerit
594 1452 607 1470 ‚
641 1427 811 1463 ostendere
830 1452 839 1461 .
880 1425 971 1462 Bene
1003 1425 1108 1461 valeat
1136 1426 1256 1462 Domi-

241 1494 245 1500 *
301 1489 363 1513 nus
375 1502 383 1511 .

476 1570 888 1610 EPISTOLA
947 1571 1071 1611 CLIX.-

399 1731 544 1774 Joannes
566 1722 792 1766 saresberienfis
815 1722 955 1768 Magistro
974 1720 1131 1757 aichardo
1147 1745 1156 1753 .

347 1874 604 1916 NSTANTIA
631 1874 807 1912 Portitoris
819 1873 855 1909 δε
863 1871 1017 1919 temporis
1027 1871 1176 1917 angustia
1186 1869 1255 1906 scri-

373 1930 480 1966 bentis
491 1926 624 1974 quidem
636 1926 730 1961 verba
743 1926 908 1960 coarctant
917 1948 930 1966 ,
957 1923 1011 1958 sed
1033 1921 1200 1958 scribentis
1212 1922 1256 1955 af-

372 1981 547 2016 festionem
568 1976 723 2012 cohibere
741 1985 798 2011 aut
820 1975 979 2009 coarstare
1002 1981 1070 2008 non
1092 1973 1223 2016 poffunt
1248 1995 1256 2002 .

301 2032 416 2067 Effent
426 2039 536 2064 autem
548 2039 636 2062 nunc
648 2026 738 2071 plura
751 2024 918 2061 scribenda
930 2034 989 2068 pro
1001 2032 1149 2067 tempore
1161 2045 1173 2063 ,
1194 2020 1252 2055 fed

302 2082 434 2116 animus
446 2078 598 2121 sapientis
609 2088 650 2111 ex
670 2076 780 2120 paucis
806 2076 898 2120 plura
920 2072 1160 2118 deprehendere
1172 2082 1260 2106 ,con-

307 2129 428 2166 suevit.
457 2127 512 2163 Ut
531 2137 610 2172 ergo
633 2126 727 2161 vobis
748 2125 890 2170 primum
912 2123 1096 2161 innotescat
1122 2121 1228 2161 vestra,
1247 2143 1258 2162 ‚

304 2191 403 2224 quam
414 2177 574 2223 optimam
585 2178 648 2212 effe
659 2177 844 2211 desideratis
857 2198 868 2215 ,
893 2174 1047 2209 conditio
1064 2198 1076 2214 ‚
1102 2171 1258 2207 noveritis

304 2230 494 2266 Dominum
515 2227 786 2264 cantuariensem
808 2226 843 2260 &
865 2222 1078 2260 Co-Exules
1107 2222 1174 2264 ejus
1196 2221 1255 2264 pri·

305 2281 399 2316 mum
422 2279 507 2325 Regi
531 2277 826 2313 Christianiffimo,
850 2270 970 2308 deinde
989 2271 1091 2305 totius
1115 2270 1258 2309 Franciae

304 2330 539 2376 optimatibus,
566 2326 743 2362 secundum
756 2322 844 2368 quod
858 2319 964 2370 operis
989 2319 1154 2356 exhibitio
1176 2319 1256 2354 indi-

307 2391 381 2421 cat,
406 2380 467 2413 effe
478 2387 647 2421 acceptos,
672 2375 831 2418 &pacem
845 2372 991 2407 Ecclesiae
1016 2372 1051 2404 in
1081 2369 1258 2411 brevi‚·ut

307 2433 378 2475 spes
388 2430 433 2463 est
446 2452 460 2468 ‚
484 2428 668 2462 adfuturam
686 2426 703 2458 a
726 2423 879 2458 Domino
900 2422 1098 2466 exspetstare.
1126 2419 1183 2455 Ad
1196 2418 1260 2455 hoc

308 2480 431 2516 etenim
443 2476 594 2512 destinati
609 2474 803 2510 Cardinales
815 2472 964 2509 laborant
977 2472 1121 2507 dicentes
1133 2495 1144 2511 ,
1170 2470 1259 2514 quod

310 2531 332 2565 si
345 2531 407 2565 alia
419 2527 469 2563 via
484 2525 670 2571 vulpeculas
691 2522 953 2566 Allophylorum
981 2522 1184 2566 compescere
1207 2532 1259 2554 ne-

311 2589 436 2623 queunt
448 2604 458 2619 ‚
483 2577 600 2612 caudas
612 2585 725 2610 eorum
737 2572 778 2608 ad
792 2574 858 2607 sata
869 2572 937 2616 jam
957 2572 991 2608 in
1014 2572 1126 2607 messes
1148 2571 1260 2616 germi-

312 2631 426 2664 nantia
441 2628 564 2662 facibus
577 2625 732 2660 succensis
742 2624 774 2658 &
786 2621 1031 2662 succedentibus
1046 2624 1174 2657 inurent
1183 2646 1194 2662 ‚
1223 2622 1256 2654 in

313 2675 794 2720 correptionem&exemplum
816 2673 928 2708 omnis
944 2672 1057 2710 ‘carnis
1077 2673 1110 2707 δε
1130 2682 1259 2716 genera-

313 2730 431 2764 tionis.
460 2725 608 2769 Sedquid
627 2724 721 2760 verba
744 2734 858 2758 eorum
884 2723 1024 2758 recolo?
1052 2721 1084 2756 A
1107 2722 1260 2761 fruffrbus

318 2788 431 2815 eorum
444 2776 678 2821 cognoscemus
690 2784 761 2807 eos.
787 2772 860 2807 Vos
870 2783 979 2807 autem
1000 2798 1011 2814 ‚
1038 2772 1237 2808 dilectissime
1249 2796 1260 2812 ,

316 2842 386 2873 quae
399 2830 482 2863 circa
497 2837 553 2861 vos
567 2826 639 2859 sunt
651 2822 747 2860 nobis
771 2822 939 2857 rescribere
960 2835 1027 2857 non
1049 2824 1227 2869 gravemini
1252 2844 1263 2861 ‚

317 2882 350 2914 &
363 2878 492 2913 interim
505 2878 537 2910 in
550 2874 765 2909 subventione
779 2873 925 2906 Ecclefiae
937 2874 1155 2918 naufragantis
1168 2898 1179 2913 ‚
1203 2874 1260 2906 im·

319 2930 376 2965 mo
398 2929 459 2971 jam
481 2925 660 2959 auxiliante
682 2925 757 2958 Deo
777 2924 1032 2958 convalescentis
1053 2949 1064 2966 ‚
1105 2924 1262 2958 talentum

323 2979 417 3013 vobis
433 2975 597 3012 creditum.
615 2979 747 3019 erogare
773 2975 789 3006 .'
816 2973 905 3010 Nam
931 2974 1058 3008 fortasse
1084 2983 1142 3018 pro
1166 2973 1266 3008 salute

321 3029 499 3065 multorum
514 3038 572 3061 vos
584 3024 725 3059 adillam
747 3020 924 3056 barbariem
947 3024 1112 3058 Dominus
1131 3024 1267 3059 destina—

321 3081 392 3119 vit,
418 3077 609 3112 utcontrito
631 3073 925 3116 schismatiscapite
941 3097 953 3114 ,
980 3073 1187 3108 Colonienfis
1210 3074 1269 3107 Ec-

324 3130 415 3164 clelia
428 3139 479 3172 per
492 3126 681 3161 industriam
692 3124 827 3159 vestram
843 3145 854 3163 ,
878 3121 925 3158 ad,
943 3122 1150 3158 Catholicarn
1163 3123 1268 3157 redeat

323 3181 501 3215 unitatemr
528 3178 707 3219 Imperator
729 3174 818 3208 enim
840 3197 852 3213 ‚
875 3173 961 3217 quasi
984 3173 1077 3206 torris
1101 3185 1209 3216 raptus
1231 3172 1270 3206 de

323 3229 502 3269 incendio,
528 3227 679 3261 confusus
689 3225 729 3259 ab
741 3223 837 3259 Urbe
849 3221 968 3257 receffit
982 3247 989 3255 .
1020 3223 1062 3256 Et
1083 3223 1158 3256 licet
1173 3224 1271 3256 foetor

325 3281 520 3313 cadaverum
539 3278 675 3311 acastris
696 3275 737 3309 ad
759 3284 848 3307 nares
871 3272 1070 3307 adscenderit
1094 3296 1104 3312 ,
1119 3272 1271 3306 Domino

327 3341 461 3363 manum
479 3326 775 3362 suamexteudente
787 3325 877 3367 super
886 3334 961 3357 eum
972 3349 983 3364 ‚
1004 3323 1152 3356 nondum
1165 3332 1271 3356 tamen

331 3379 435 3410 voluit
454 3379 625 3422 agnoscere
646 3402 656 3417 ,
681 3377 713 3410 ὃς
735 3372 882 3412 confiteri
905 3384 1044 3408 errorem
1068 3374 1179 3409 suum.
1207 3374 1275 3406 Eri-

326 3426 541 3473 gaturitaque
554 3428 680 3472 spiritus
694 3425 812 3462 vester:
842 3424 1015 3473 Qoniam
1045 3422 1192 3461 Christus
1208 3424 1275 3459 vin-

895 82 1560 141 ··1EP1·ST·O.LAE

1316 174 1383 215 cit,
1408 182 1544 220 regnat,
1569 175 1604 208 δε
1625 168 1785 217 imperat,
1815 174 1850 208 δε
1878 178 2056 219 reeordatus
2071 188 2255 228 pauperum

1317 226 1448 262 suorum
1462 234 1610 270 potentes
1621 224 1741 269 impios
1753 225 1920 270 potentius
1932 237 2059 274 torquet
2069 256 2079 264 .

1499 375 1530 410 E
1554 375 1583 410 P
1607 375 1623 415 1,
1649 375 1733 412 ετ
1758 344 1792 411 o
1819 375 1850 417 L,
1874 374 1909 411 A
1972 343 2139 427 otia—'¹'

1432 487 1434 489 >
1473 478 1639 516 Alexander
1665 480 1755 521 Papa
1780 477 1918 561 {mnibus
1944 477 2117 523 Eptscopis-
2171 454 2173 456 .
2191 499 2199 511 ε
2219 488 2223 491 ·

1713 532 1864 573 Angiae:
2053 546 2074 551 ’ν

1318 622 1633 713 TANQJAM
1658 640 1700 663 ex
1714 629 1861 673 injuncto
1873 629 1968 665 nobis
1979 629 2094 666 officio
2104 654 2118 672 ,
2132 628 2174 666 de
2185 632 2274 667 uni-³2

1339 692 1343 695 ·
1430 680 1595 716 versorum
1613 680 1682 723 jure
1700 680 1736 713 in
1759 681 1814 715 sua
1833 680 2024 726 integritate
2044 680 2199 717 servando
2208 693 2278 717 cuv*

1317 737 1384 784 ram
1394 730 1586 766 tenemur&
1606 729 1869 771 sollicitudinem
1888 742 1999 777 gerere
2021 732 2062 766 ad
2077 731 2266 774 illorumju-

1313 775 1449 832 stirias,-
1471 779 1526 823 qui
1535 779 1570 814 in
1580 790 1707 824 partem
1719 780 1955 819 sollicitudinis
1972 781 2069 818 nobis
2084 782 2277 817 commisse*

1314 825 1333 860 a
1347 827 1499 884 Qomino
1510 830 1584 865 ssmt
1595 830 1718 866 vocati.
1748 831 1887 879 Qanto
1900 833 1934 867 in
1946 833 2048 878 gradu
2069 831 2256 868 sublimiori-

1314 877 1458 913 exrstunt
1474 903 1486 920 ,
1511 879 1606 915 tanto
1616 882 1818 925 frequentius
1839 892 2023 926 retorquere
2047 882 2203 917 debemus
2214 883 2266 916 su-

1316 938 1370 971 per
1392 926 1443 962 his
1462 930 1617 974 majorem
1639 931 1862 975 diligentiam,
1890 933 1924 967 δε
1941 943 2052 968 curam
2076 932 2264 977 propensio·

1315 987 1383 1011 rem
1403 977 1540 1014 habere.
1573 980 1648 1017 Hac
1669 981 1829 1022 fiquidem
1848 983 2105 1018 confideratione
2137 980 2265 1017 induffi

1318 1026 1512 1063 fraternitati
1520 1029 1629 1064 vestrae
1639 1041 1693 1074 per
1704 1031 1733 1063 A
1738 1029 1897 1073 postolica
1909 1033 2024 1076 scripta
2046 1031 2264 1076 praecipiendo

1316 1077 1528 1119 mandarum,
1553 1080 1632 1121 &in
1645 1080 1676 1113 vi
1689 1078 1884 1115 obedientiae
1904 1081 2133 1126 injungimus,
2157 1091 2267 1130 quate-

1307 1137 1378 1161 ‘nus
1390 1127 1428 1162 iis
1445 1153 1456 1169 ,
1482 1139 1552 1173 quae
1562 1129 1601 1163 ad
1616 1129 1763 1163 Ecclefiae
1774 1129 2013 1166 Cantuarienfis
2037 1129 2107 1172 jura
2120 1154 2132 1171 ‚
2156 1130 2266 1176 digni·

1317 1178 1530 1220 mesenam,
1557 1190 1612 1213 aut
1625 1179 1787 1214 libertates
1813 1181 1952 1224 spestare
1973 1181 2151 1216 noscuntur
2167 1204 2179 1221 ,
2206 1191 2267 1214 vos

1316 1227 1381 1261 fine
1394 1228 1592 1263 conscientia
1605 1230 1639 1263 δε
1659 1231 1784 1265 assensu
1805 1230 2012 1265 Venerabilis
2033 1230 2150 1265 Fratris
2174 1228 2268 1271 vestri

1316 1276 1480 1319 Thomas,
1506 1277 1649 1319 eiusdem
1662 1280 1810 1314 Ecclefiae
1829 1279 2104 1325 Archi-Episcopi
2121 1304 2133 1320 ,
2160 1280 2268 1315 intro·

1316 1327 1443 1362 mittere
1465 1329 1653 1368 nullatenus
1671 1331 1866 1372 praesumatis
1886 1356 1897 1372 ‚
1931 1342 1992 1366 nec
2019 1329 2189 1365 occasione
2213 1340 2268 1373 ap·

1316 1378 1523 1421 pellationis,
1550 1390 1650 1423 quarn
1669 1391 1782 1414 contra
1804 1391 1880 1415 eum
1901 1381 1943 1416 ad
1966 1392 2028 1415 nos
2049 1380 2190 1420 fecistis,
2229 1378 2271 1414 idi

1315 1428 1520 1469 aliquatenus
1529 1429 1703 1472 acceptetis
1721 1454 1727 1461 .
1754 1429 1894 1478 Qodfi
1906 1431 2026 1475 aliquis
2037 1431 2179 1466 vestrum
2187 1441 2275 1470 cona„

1316 1487 1363 1512 tra
1374 1477 1437 1511 hoc
1451 1487 1640 1521 praeceptum
1651 1479 1798 1515 nostrum
1811 1480 1962 1524 quolibet
1971 1482 2052 1515 ausu
2073 1479 2183 1515 venire
2192 1490 2271 1523 pre·

1316 1527 1503 1569 sumpserit,
1531 1529 1575 1563 ita
1592 1530 1628 1563 in
1649 1540 1691 1563 eo
1711 1532 1876 1567 excessum
1899 1530 1997 1568 istum
2021 1528 2227 1566 studebimus
2250 1537 2271 1570 ,‘

1316 1575 1469 1614 Domino
1491 1577 1650 1618 authore,
1675 1580 1818 1622 graviter
1834 1581 2002 1616 vindicare
2023 1604 2034 1621 ‚
2058 1579 2149 1624 quod
2166 1589 2270 1623 poena

1316 1628 1456 1663 docente
1466 1629 1622 1671 agnoscet
1632 1652 1643 1669 ,
1662 1629 1820 1671 quoniam
1831 1630 2048 1672 periculosum
2060 1631 2158 1666 fuerit
2166 1628 2270 1672 Apo-⁹

1316 1675 1440 1713 stolicis
1450 1678 1616 1712 contraire
1627 1678 1789 1722 praeceptis
1799 1702 1808 1711 .
1834 1679 1963 1715 Datum
1978 1677 2159 1720 Laterani,
2175 1677 2274 1723 quin.

1316 1738 1354 1763 to
1367 1725 1535 1763 Kalendas
1544 1726 1728 1763 Februarii.
2188 1750 2189 1753 ,
2266 1743 2274 1751 .

1487 1808 2166 1864 Ep1sT0LA·ctx1.-
2222 1793 2275 1822 ³⁵³

1389 1925 1509 1960 Thomae
1533 1924 1744 1967 Cantumenfi
1766 1924 2013 1971 Archi-Episcopo
2031 1929 2179 1971 Joaennes

1667 1974 1889 2018 Saresbmenfir
1901 2001 1910 2010 .

1402 2072 1618 2113 ITTERAS
1641 2101 1652 2118 ,
1687 2087 1768 2120 quas
1787 2075 1828 2113 ad
1846 2071 2108 2114 consolationem
2131 2077 2272 2116 vestram

1426 2126 1458 2160 δε
1481 2125 1738 2161 sublevationem
1758 2127 1920 2169 Ecclefiae,
1949 2129 2022 2175 post
2043 2128 2184 2173 longum
2198 2135 2273 2164 tan*

1320 2177 1394 2210 dem
1427 2175 1567 2212 exilium
1598 2175 1633 2211 ὄε
1666 2176 1935 2221 proscriptionem
1964 2179 2061 2213 vestri
2086 2179 2122 2214 δε
2153 2179 2273 2214 vestro-⁴

1318 2236 1390 2259 rum
1410 2227 1563 2261 omnium
1581 2249 1593 2268 ,
1629 2227 1723 2261 vobis
1746 2226 1836 2261 Patri
1861 2229 1919 2262 sno
1942 2228 2005 2264 filii
2025 2228 2274 2265 cantuariensis

1320 2275 1482 2316 Ecclesiae,
1509 2277 1621 2314 fratres
1641 2277 1674 2311 δε
1698 2276 1894 2322 Coepiscopi
1917 2277 2036 2320 vestri,
2062 2289 2167 2324 nuper
2185 2289 2275 2314 tram

1321 2325 1488 2359 smiserunt
1522 2349 1535 2366 ,
1562 2326 1756 2370 diligentius
1777 2327 1938 2372 relegens:
1957 2346 1976 2370 a
2001 2328 2087 2363 nihil
2123 2326 2275 2374 probabi*

1320 2375 1382 2409 lius
1404 2386 1444 2409 ex
1468 2382 1578 2410 earum
1605 2376 1821 2418 inscriptione
1845 2377 1938 2419 potui
1955 2378 2086 2420 opinari
2125 2403 2137 2420 ‚
2170 2379 2273 2423 quam

1319 2436 1372 2460 eas
1397 2424 1537 2459 consilio
1564 2423 1735 2460 Achitofel
1773 2449 1785 2466 ‚
1817 2436 1919 2468 quem
1953 2426 2111 2466 credibile
2145 2428 2192 2462 cst
2227 2427 2272 2464 ab

1320 2475 1432 2510 inferis
1446 2474 1588 2516 rediiffe,
1615 2486 1670 2518 per
1688 2485 1824 2509 manum
1849 2473 1969 2511 Doech
1984 2475 2124 2511 idumaei
2136 2501 2148 2518 ‚
2166 2476 2274 2512 sitien·

1320 2528 1361 2560 tis
1393 2524 1502 2560 adhuc
1530 2525 1727 2570 sanguinem
1760 2525 1975 2559 Sacerdotum
2012 2549 2024 2566 ‚
2050 2525 2096 2560 »δε
2130 2537 2273 2569 qum-ene

1321 2576 1362 2610 tis
1393 2576 1428 2610 δε
1463 2573 1690 2610 insatiabiliter
1739 2574 1964 2619 persequentis
1985 2575 2131 2610 animam
2172 2573 2276 2611 Chri.

1320 2626 1361 2660 sti
1396 2650 1407 2666 ‚
1439 2626 1496 2670 qui
1523 2626 1556 2659 in
1586 2625 1772 2659 metrorum
1799 2624 1864 2658 fide
1888 2635 1931 2659 ex
1957 2623 2115 2663 charitate
2146 2625 2234 2660 vivit
2258 2644 2275 2667 ρ

1321 2676 1412 2710 fuisse
1422 2675 1577 2709 dictatas.
1604 2676 1657 2709 Sic
1667 2675 1756 2711 enim
1768 2683 1955 2718 pervertunt
1977 2675 2113 2715 omnia,
2142 2685 2179 2712 ut
2201 2676 2273 2713 cui-

1324 2727 1371 2760 vis
1395 2727 1448 2759 vel
1469 2726 1582 2769 parum
1613 2725 1817 2769 intelligenti
1844 2725 2048 2768 perspicuum
2067 2725 2105 2759 fit
2127 2736 2274 2762 mentem
2320 2754 2322 2756 ,

1323 2787 1434 2811 earum
1457 2777 1520 2811 effe
1551 2775 1652 2820 longe
1686 2775 1728 2809 ab
1756 2774 1916 2819 opinione
1942 2775 2277 2818 communirent&

1325 2827 1459 2861 veritate
1491 2825 1627 2871 longius
1659 2825 1774 2859 distat.
1815 2824 1971 2868 Namqne
2001 2836 2116 2861 omnes
2148 2825 2276 2861 blandi,

1324 2877 1398 2917 tiae,
1425 2877 1459 2911 &
1478 2876 1630 2920 exquisiti
1651 2874 1778 2909 colores
1797 2873 1837 2907 εό
1859 2875 2000 2909 tendunt
2022 2899 2034 2916 ,
2070 2886 2109 2909 ut
2131 2876 2189 2910 sub
2220 2885 2275 2920 afa-

1328 2926 1516 2971 pellationis
1550 2934 1704 2969 praetextn
1722 2944 1734 2963 ‚
1765 2924 1838 2968 jure
1871 2925 2020 2960 videatur
2043 2925 2276 2962 subvertendus

1327 2976 1389 3012 effe
1407 2977 1532 3010 viculus
1554 2974 1764 3016 sacerdotum
1786 2974 1906 3016 Nobe,
1933 2975 1990 3018 qui
2015 2977 2148 3010 vertitur
2171 2976 2206 3013 in
2227 2977 2276 3011 la·-

1328 3037 1469 3067 tratum‚
1495 3025 1720 3070 significatque
1741 3023 1912 3059 Pastorum
1944 3026 2093 3061 Ecclefiae
2129 3024 2271 3072 diligen·

1331 3089 1396 3111 tem
1419 3076 1620 3114 custodiam,
1654 3085 1698 3108 ne
1720 3074 1790 3118 post
1810 3073 1902 3111 hanc
1919 3077 2277 3119 conspirationem&

1331 3138 1400 3170 rum
1419 3128 1591 3171 quisquam
1609 3125 1645 3159 in
1667 3124 1778 3169 Grege
1799 3125 1942 3161 Domini
1961 3126 2079 3164 audeat
2109 3126 2275 3171 vigilare,

1330 3180 1362 3213 ὅ(
1401 3177 1552 3220 luporum
1595 3174 1842 3209 imminentium
1884 3176 2121 3220 praedicationis
2161 3177 2276 3211 officio

1334 3227 1514 3272 propulsare
1532 3227 1676 3260 furorem
1694 3251 1702 3259 .
1731 3225 1792 3260 Ait
1821 3226 1978 3262 Salomon
2000 3225 2034 3260 in
2058 3226 2239 3269 proverbiis
2261 3237 2273 3258 ε

1335 3281 1417 3323 ,Quia
1441 3278 1539 3310 melior
1564 3275 1609 3316 est.
1623 3275 1696 3318 finis
1714 3281 1858 3310 orationis
1892 3302 1904 3318 ,
1941 3278 2032 3319 qucim
2057 3282 2237 3318 principium
2265 3299 2273 3308 .

1336 3328 1397 3363 Sed
1421 3323 1564 3371 profecto
1585 3325 1661 3360 finis
1683 3324 1760 3361 huic
1785 3325 1946 3371 principio
1966 3324 2111 3361 deterior
2131 3326 2176 3360 est
2196 3349 2205 3358 .
2232 3325 2280 3358 Si-

1337 3377 1470 3420 quidem
1491 3375 1637 3411 ininitio
1648 3377 1785 3411 salutem
1810 3386 1948 3421 optant,
1984 3377 2180 3420 profitentur
2202 3373 2281 3408 obe-

1338 3428 1520 3464 dientiam.-
1546 3427 1579 3462 δε
1602 3426 1730 3464 utinam
1754 3436 1931 3472 utrumque
1954 3425 2096 3463 fideliter
2113 3434 2151 3461 ut
2161 3434 2279 3474 σοιιιῃ

2163 3484 2235 3520 pro·
