2358 3776
344 108 404 143 12
1098 87 1234 136 VI

276 186 321 215 ne
347 174 565 211 membrorum
578 181 619 204 ex
630 169 762 207 decreto
783 169 1049 209 Archi-Praesulis
1060 196 1072 213 ‚
1101 172 1242 216 pristinis

273 226 536 261 authenticorum
547 220 724 258 Canonurn
743 222 965 257 sanctionibus
993 222 1169 267 roborato,
1188 234 1243 266 per

274 273 480 315 Provinciam
502 272 777 315 percellebantur.
805 272 908 307 Poena
934 282 1042 306 tamen
1060 273 1242 316 exasperata

277 326 327 360 vel
339 322 483 358 emollita
497 333 555 364 pro
565 322 724 366 qualitate
736 322 855 367 flagitii
871 346 882 362 ,
909 333 967 365 pro
979 323 1082 366 gradu
1097 324 1194 357 etiam
1207 324 1241 357 &

274 375 389 412 ordine
400 371 620 415 delinquentis
632 397 643 413 ‚
669 374 701 407 &
714 373 815 406 modo
826 373 861 409 δε
876 373 971 406 causa
983 373 1213 416 delinquendi.

321 421 406 457 lllud
427 423 527 456 etiam
546 422 684 458 minime
704 423 963 465 praetereundum
988 446 1000 463 ,
1037 420 1126 467 quod
1157 425 1239 457 circa

1303 84 1458 134 TA

1301 171 1411 216 Lege,
1449 170 1483 203 in
1516 180 1602 204 nova
1623 169 1657 204 δε
1692 166 1846 212 peculiari
1869 169 2010 206 Domini
2038 172 2122 206 sorte
2153 181 2269 207 contra

1302 221 1490 255 Sanctorum
1523 219 1656 254 Patr-um
1696 219 1845 254 instituta
1877 231 1999 256 novam
2033 233 2087 266 pet
2109 223 2269 268 Regnum

1302 272 1394 305 suum
1420 271 1590 305 induceret
1611 270 1840 305 conditionem
1853 295 1861 303 .
1895 271 1942 304 Et
1962 270 2027 306 hoc
2048 271 2184 315 quidem
2208 283 2268 315 pro

1302 322 1355 363 se,
1381 322 1413 355 δε
1431 332 1488 364 pro
1512 321 1621 366 Regni
1650 321 1695 354 sui
1718 319 1894 354 stabilitate
1916 320 2104 356 obsecrabat
2130 322 2267 357 humili-

1301 382 1349 405 ter
1367 372 1399 406 δε
1419 372 1604 413 frequenter
1629 395 1640 411 ,
1677 369 1791 404 crebro
1818 370 2057 415 interadjiciens
2077 371 2112 405 se
2134 371 2201 408 hoc
2223 372 2268 406 sie

1302 433 1363 456 nec
1384 421 1502 457 debere
1523 422 1702 462 sustinere,
1729 432 1790 455 nec
1812 421 1915 464 poffe.

271 473 360 509 idem
379 483 506 515 tempus
523 472 698 515 Philippus
723 470 853 517 quidam
878 473 919 506 de
932 472 1026 506 Brois
1050 472 1241 508 Canonicus
1277 483 1280 486 ·
1329 488 1331 490 ·

267 522 405 568 justitias
428 523 532 567 Regis
551 522 707 565 probrolis
724 522 918 567 quibusdam
939 523 1148 557 contumeliis
1168 523 1238 557 affe-

268 584 375 608 cerat.
417 573 555 616 Propter
577 575 666 617 quod
693 574 767 608 Rex
793 585 862 608 non
898 572 1002 608 solum
1024 572 1174 608 adversus
1194 574 1239 617 ip·

269 625 342 660 sum
370 647 382 664 ‚
420 624 473 659 sed
506 623 618 669 potius
654 623 804 659 adversus
837 633 946 658 totum
968 623 1080 667 Regni
1106 623 1239 659 Clerurn

266 674 471 717 exasperatus
504 673 675 708 videbatur
700 699 707 707 .
741 672 831 709 Solet
861 674 984 718 quippe
1017 684 1096 708 mox
1132 674 1166 708 in
1189 684 1240 708 to-

268 733 337 760 tam
370 724 484 759 officii
525 724 927 766 profeffionemrconferri
954 748 965 765 ,
1004 725 1025 757 fi
1053 723 1133 767 quid
1155 723 1240 758 forte

265 773 401 817 turpiter
424 774 477 808 vei
506 775 686 808 enormiter
706 774 747 808 ab
780 774 946 818 aliquibus
981 773 1024 808 de
1046 773 1239 818 professione

266 823 471 860 admittitur.
502 823 627 860 Verum
648 823 780 868 querela
793 824 834 858 ad
859 823 1151 859 Archi-Praesulem
1177 824 1238 858 de*

266 873 333 912 lata
356 899 367 915 ,
402 874 521 908 citatus
542 873 708 913 Clericus,
745 874 780 908 ὅ(
806 875 898 918 supra
922 874 1062 909 modum
1089 874 1197 908 delicti
1226 898 1238 915 ,

264 934 302 958 ut
321 924 436 964 verne
454 923 583 962 facilius
604 925 781 968 quiesceret
809 924 911 969 Regis
932 923 1121 969 indignatio
1154 948 1165 964 ,
1191 924 1235 958 est

263 972 399 1022 punitus
422 986 430 1006 ε
459 973 594 1010 Publice
612 975 736 1009 scilicet
758 975 924 1020 virgarum
945 974 1128 1017 disciplinas
1150 974 1237 1017 adju-

263 1023 392 1062 dicatus
413 1049 424 1067 ,
451 1025 493 1058 -&
515 1035 571 1067 per
592 1035 700 1061 annos
720 1025 849 1070 aliquos
866 1025 908 1059 ab
932 1025 1027 1060 omni
1055 1025 1179 1060 Officio
1201 1023 1236 1058 dc

261 1072 490 1108 Ecclesiastico
511 1074 673 1108 beneficio
699 1097 710 1114 ,
746 1074 835 1118 quod
858 1075 893 1107 in
919 1075 1041 1118 Regno
1063 1073 1202 1108 habebat
1225 1098 1236 1114 ,

268 1122 451 1166 suspensus.
480 1123 607 1157 Veriim
632 1124 707 1158 cum
731 1122 898 1168 Reginon
911 1125 1071 1161 sufficeret
1082 1123 1235 1164 hoc,vi-

263 1172 401 1206 debatur
418 1172 493 1206 Rex
516 1172 625 1216 potius
648 1185 738 1208 reum
771 1173 937 1208 Clericum
964 1175 1004 1208 ad
1016 1174 1159 1217 aliquam
1175 1185 1235 1217 poe·

262 1233 340 1259 nam
351 1223 554 1270 corporalem
567 1223 763 1270 deposcere,
790 1224 842 1259 sed
866 1223 1033 1259 verebatur
1051 1223 1117 1259 hoc
1135 1225 1240 1268 expri-

262 1282 350 1308 mere
373 1297 383 1311 ‚
420 1271 486 1315 jam
509 1272 679 1307 advertens
709 1272 977 1309 Archi-Praesulis
997 1276 1139 1320 rigorem
1167 1286 1234 1308 non

262 1324 353 1366 posse
364 1321 448 1355 flecti
462 1322 503 1356 ad
516 1321 580 1361 hoc
595 1347 602 1354 .
630 1323 825 1363 Arstabatur
839 1325 950 1368 itaque
966 1325 1041 1359 Rex
1053 1350 1064 1365 ‚
1090 1324 1236 1359 arctaba-

261 1382 314 1410 tur
327 1372 359 1410 ἀ
372 1371 529 1411 Pontifex
540 1398 548 1405 .
576 1372 652 1407 Rex
662 1375 785 1408 etenim
802 1374 924 1418 Populi
939 1375 987 1411 sui
1003 1386 1114 1418 pacem
1126 1399 1138 1416 ,
1156 1375 1235 1409 sicut

261 1421 500 1459 Archi-Praesul
524 1422 613 1456 Cleri
638 1424 685 1459 sui
718 1424 827 1462 zelans
851 1423 1034 1460 libertatern
1050 1450 1062 1467 ,
1098 1424 1235 1460 audiens

261 1483 317 1516 per
339 1472 526 1515 hujusmodi
548 1471 780 1517 castigationes
800 1473 917 1511 talium
939 1474 1147 1511 Clericorum
1171 1475 1232 1510 im·

259 1520 317 1559 md
340 1521 443 1557 verius
462 1533 697 1557 coronatorum
714 1524 922 1560 Doemonum
945 1524 1074 1568 flagitia
1094 1536 1164 1559 non
1187 1536 1234 1560 re·

261 1571 382 1615 primi,
413 1569 463 1602 sed
491 1570 602 1613 potius
623 1570 658 1602 in
678 1570 747 1604 dies
768 1571 924 1614 Regnum
940 1573 1091 1606 ¹deterius
1123 1574 1193 1606 fieri
1220 1597 1232 1614 ,

262 1618 552 1654 Archi-Praesulem
563 1620 597 1657 <St
606 1619 789 1662 Episcopos
799 1620 839 1653 ad
852 1620 1102 1663 temperandum
1118 1621 1229 1666 Regni

263 1669 400 1708 Clerum
415 1666 600 1708 Londoniae
610 1668 696 1714 apud
709 1667 974 1710 vvestemunster
992 1680 1157 1706 convocat
1173 1694 1181 1705 .

521 1768 553 1804 C
580 1766 612 1804 A
638 1768 667 1822 P
694 1768 727 1803 U
752 1767 790 1805 T
840 1767 969 1805 XVIII.

351 1874 399 1907 De
424 1870 596 1914 allegatione
613 1870 705 1916 Regis
733 1870 768 1905 o·
792 1868 941 1914 Responfio
967 1869 1142 1913 Pontificis.

363 1969 418 2003 Ex
439 1968 573 2012 itaque,
599 1969 693 2005 causa
715 1971 901 2006 vocationis
929 1972 1074 2016 expolita
1099 1996 1112 2013 ,
1150 1980 1231 2004 mox

386 2017 542 2052 instanter
565 2019 672 2063 exigit
696 2045 707 2061 ,
755 2031 792 2054 ut
810 2019 995 2064 deprehensi
1016 2021 1068 2056 vel
1088 2021 1232 2055 convicti

263 2069 393 2107 Clerici
411 2070 447 2103 in
470 2077 537 2102 tam
557 2069 747 2103 enormibus
767 2069 901 2115 flagitiis
929 2081 1143 2114 exponantur
1169 2071 1250 2104 suis:

266 2118 458 2158 lifloribus‚
484 2118 636 2153 Ecclefiae
656 2117 801 2162 pxaefidio
813 2120 979 2155 destituti:
1007 2121 1166 2163 adjiciens
1192 2107 1253 2166 adl

263 2170 455 2205 nocendum
478 2169 549 2202 fore
574 2170 813 2214 promptiores,
841 2169 903 2205 nisi
920 2169 992 2214 post
1006 2181 1135 2213 poenam
1148 2168 1251 2212 spiri-l

262 2220 385 2257 rualem
403 2217 563 2262 corporali
588 2230 692 2264 poenae
713 2218 893 2254 subdantur
908 2245 916 2252 .
960 2219 1004 2254 Et
1024 2230 1155 2263 poenam
1183 2214 1251 2262 pa-l

261 2270 337 2307 rum
349 2278 460 2303 curare
479 2267 519 2312 de
540 2269 680 2313 Ordinis
701 2268 895 2310 amissione,
921 2270 977 2313 qui
999 2270 1137 2303 Ordinis
1148 2280 1232 2303 con·-

263 2318 481 2363 templatione
499 2329 518 2351 a
542 2328 610 2352 tam
630 2318 821 2353 enormibus
843 2331 961 2355 manus
979 2322 1151 2354 continere
1163 2331 1232 2354 non

266 2378 440 2404 verentur.
467 2367 511 2402 Et
523 2378 617 2403 tanto
629 2367 802 2403 deteriores
819 2368 927 2404 effein
941 2370 1078 2410 scelere,
1104 2380 1230 2412 quanto

261 2419 338 2456 sunt
349 2418 468 2454 caeteris
488 2417 628 2455 Ordinis
650 2419 825 2464 privilegio
847 2420 1037 2465 digniores.
1066 2419 1173 2456 Unde
1198 2420 1232 2454 ἀ

261 2468 484 2506 saeverioribus
508 2468 683 2503 coercendi
704 2468 855 2503 vindi-stis
878 2493 890 2511 ,
917 2470 1052 2514 quando
1075 2470 1232 2513 reperiun-

263 2528 318 2554 tur
339 2520 373 2553 in
397 2518 512 2555 scelere
533 2543 541 2552 .
579 2519 659 2554 Hoc
678 2530 758 2564 ergo
779 2519 857 2554 Rex
878 2544 890 2560 ‚
916 2518 1122 2565 quorundam
1147 2520 1232 2554 olam

264 2571 365 2606 fretus
397 2568 534 2606 consilio
567 2569 736 2613 utriusque
767 2569 846 2612 juris
878 2570 909 2605 se
944 2570 1062 2605 habere
1084 2571 1233 2613 peritiam

263 2618 502 2654 ostentantium
523 2641 535 2660 ‚
566 2618 793 2654 instantiffime
811 2620 973 2663 postulat,
996 2631 1031 2655 ut
1056 2620 1134 2655 tales
1156 2631 1235 2655 mox

265 2666 410 2705 submoti
435 2667 453 2699 a
478 2666 579 2701 Clero
602 2667 710 2702 Curiae
731 2668 898 2704 tradantur
923 2694 934 2710 ,
974 2669 1065 2713 quod
1099 2680 1167 2703 non
1189 2671 1237 2704 so-

267 2718 337 2752 lum
357 2718 407 2760 jus
428 2715 632 2757 humanum,
660 2717 713 2751 sed
732 2718 764 2750 δε
797 2718 893 2761 ipsius
915 2720 1034 2754 Divini
1053 2720 1137 2764 juris
1170 2721 1235 2753 san-

268 2768 319 2802 xit
339 2764 522 2805 authoritas
545 2791 553 2799 .
594 2764 702 2802 Unde
725 2766 759 2800 &
783 2767 839 2811 qui
861 2779 920 2811 pro
944 2770 1037 2814 Rege
1058 2794 1070 2812 ‚
1103 2770 1149 2804 ob
1175 2770 1234 2804 Re·

267 2818 361 2863 gium
394 2817 541 2851 favorem
573 2815 771 2851 videbantur
797 2817 932 2852 scienter
948 2820 1082 2860 edoffl,
1117 2819 1233 2864 allega-

268 2867 349 2902 bant
376 2867 457 2901 tales
485 2866 693 2911 nequaquam
724 2877 767 2901 ex
803 2868 864 2903 illo
899 2868 958 2903 ulli
997 2870 1201 2905 Monasterio
1227 2882 1236 2912 ;

269 2915 322 2952 sed
345 2915 540 2951 Canonibus
570 2916 790 2951 sancientibus
810 2918 877 2957 fic,
925 2922 1035 2962 potius
1060 2919 1238 2955 tradendos

270 2966 379 3001 Curiae
403 2980 414 2999 .·
450 2966 494 2999 Et
516 2965 582 3000 hoc
605 2968 667 3001 effe
690 2966 773 3002 tradi
793 2967 931 3008 Curiae,
959 2968 1059 3011 judici
1086 2971 1237 3005 videlicet
1274 3017 1277 3020 Α

271 3016 415 3052 saeculari
433 3016 516 3051 tradi
536 3015 740 3060 puniendos.

325 3066 449 3101 Verum
473 3066 566 3113 Rege
586 3067 619 3102 δε
640 3066 704 3100 suis
727 3067 770 3101 fic
795 3066 1014 3112 allegantibus
1035 3068 1237 3104 Archi-Pran-

272 3115 322 3149 sul
343 3115 407 3151 una
426 3126 501 3150 cum
527 3115 789 3153 provincialibus
805 3117 972 3162 Episcopis
987 3144 996 3158 ,
1022 3119 1055 3153 &
1076 3131 1151 3154 cum
1165 3131 1239 3163 prae-

274 3165 348 3200 fatis
373 3164 518 3200 Eruditis
540 3167 602 3199 suis
625 3166 899 3205 libratotconlilio
925 3193 936 3208 ,
962 3180 1037 3202 cum
1062 3170 1239 3213 plurimum

275 3215 309 3249 &
344 3216 411 3260 ipse
441 3227 501 3260 pro
523 3215 613 3250 Cleri
638 3216 785 3251 libertate
806 3219 984 3254 secundum
1017 3219 1240 3261 Antiquorum

273 3261 407 3299 Parrum
441 3267 637 3308 canonicam
654 3275 657 3277 ·
673 3267 914 3307 institutionem
953 3269 1134 3303 luculenter
1169 3270 1241 3303 satis

274 3311 319 3346 ἀ
328 3313 536 3369 probabiliter
557 3316 766 3360 respondisset
790 3342 800 3358 ‚
841 3318 875 3352 in
899 3319 965 3353 fine
986 3320 1143 3354 sermonis
1166 3330 1240 3353 cum

275 3362 369 3413 omni
393 3363 578 3399 devotione
599 3365 741 3411 Regiam
764 3368 951 3403 obsecrabat
981 3370 1201 3404 Clementiam
1230 3394 1240 3409 ,

278 3423 321 3450 ne
324 3402 398 3451 sub
420 3423 510 3452 novo
532 3414 622 3460 Rege
645 3415 777 3454 Christo
795 3440 806 3458 ‚
840 3418 873 3455 δι
909 3418 966 3453 sub
1002 3431 1085 3455 nova
1116 3419 1238 3454 Christi

1288 1866 1355 1910 suo.

1573 519 1855 557 CAPUT
1905 519 1997 555 XIX.

1422 624 1468 655 De
1492 622 1642 657 emmone
1668 626 1829 668 Regiarum
1847 619 2106 663 consuetudinum
2132 634 2151 655 ιι

1405 671 1506 706 Erum
1529 673 1602 707 Rex
1627 671 1713 707 nihil
1735 682 1845 707 motus
1869 672 1911 705 ad
1932 669 1996 706 hoc
2016 697 2027 714 ,
2062 673 2116 707 sed
2137 670 2180 707 ed
2196 684 2265 708 am⁴
2315 688 2316 691 ¹

1382 750 1386 755 ,
1429 722 1512 765 plius
1531 732 1739 763 commotus,
1780 721 1873 766 quod
1893 731 2039 757 cerneret
2066 722 2273 758 Archi-Pra->

1299 773 1398 805 sulem
1429 773 1462 806 &
1482 772 1659 817 Episcopos
1679 774 1831 807 adversus
1857 772 1960 815 ipsum
1973 796 1984 812 ‚
2007 781 2044 807 ut
2070 773 2239 816 reputabat
2252 783 2272 813 i·

1298 821 1471 857 unanimes
1490 823 1533 857 fic
1554 824 1588 857 &
1609 823 1817 862 constantes,
1844 822 2068 857 sciscitabatur
2089 834 2169 857 mox
2183 847 2195 863 ‚
2221 833 2268 857 an
2317 860 2319 863 ,

1299 873 1562 915 C9nsuetudines
1584 874 1653 907 suas
1671 874 1793 917 Regias
1815 872 1923 906 forent
1942 872 2143 908 observaturi
2160 885 2169 906 t
2200 872 2269 915 Rp-

1298 922 1421 965 plicans
1444 923 1517 957 illas
1538 932 1686 967 tempore
1705 923 1772 957 Avi
1795 922 1846 957 sul
1871 920 1912 956 ab
1933 921 2269 967 Archi-Episcopis&

1301 972 1468 1016 Episcopis
1489 972 1628 1007 Privatis
1649 974 1682 1007 &
1706 972 1929 1018 privilegiatis
1948 971 2132 1008 observatas
2153 997 2165 1014 ,
2195 983 2272 1010 non

1296 1032 1448 1066 oportere
1488 1024 1547 1057 suo
1582 1034 1730 1067 tempore
1768 1022 1852 1058 tristi
1895 1022 2019 1065 judicio
2064 1022 2214 1058 damnari
2251 1045 2272 1055 ν.

1298 1072 1353 1107 Ad
1375 1070 1466 1117 quod
1487 1071 1718 1107 Archi-Praesul
1739 1098 1750 1114 ,
1789 1071 1965 1117 praehabito
1985 1081 2062 1107 cum
2096 1071 2270 1108 Fratribus

1295 1123 1358 1156 suis
1380 1123 1540 1164 confilio,
1566 1124 1734 1166 respondit
1755 1124 1827 1158 illas
1849 1124 1879 1156 se
1902 1122 2088 1156 &Fratres
2109 1123 2184 1156 suos
2210 1121 2271 1156 ob-

1298 1174 1496 1212 servaturos,
1517 1172 1607 1216 salvo
1631 1175 1732 1207 ordine
1748 1173 1802 1216 suo
1819 1198 1826 1205 .
1855 1174 1899 1207 Et
1924 1172 1958 1205 id
1980 1172 2086 1215 ipsum
2109 1172 2210 1206 etiam
2226 1181 2271 1205 ex

1295 1223 1422 1257 Ordine
1447 1224 1682 1267 responderunt
1705 1224 1882 1258 Pontifices
1905 1223 2048 1266 singuli,
2074 1220 2270 1266 singulatim

1277 1273 1327 1307 ·&
1360 1272 1378 1306 ὲ
1409 1272 1501 1317 Rege
1535 1275 1745 1319 interrogati.
1791 1273 1893 1308 Unus
1928 1282 2041 1308 autem
2066 1295 2079 1314 ,
2115 1271 2272 1306 Hilarius

1296 1322 1419 1357 scilicet
1450 1323 1649 1358 Cicistrenfis
1677 1325 1860 1368 Episcopus
1878 1348 1890 1365 ,
1926 1322 2066 1358 audiens
2099 1321 2146 1356 ob
2179 1320 2272 1356 bane

1294 1373 1448 1407 omnium
1476 1385 1590 1409 vocem
1623 1375 1751 1420 Regem
1787 1375 1893 1419 magis
1927 1371 2178 1414 exacerbatum,
2202 1369 2272 1404 Ar-

1294 1420 1498 1459 chi-Praesule
1515 1425 1550 1459 ὅ(
1561 1423 1624 1459 Co·
1634 1425 1804 1469 Episcopis
1818 1423 2016 1459 inconsultis
2027 1423 2169 1457 mutavit
2195 1420 2273 1455 nr&

1295 1473 1404 1515 bum,
1439 1474 1551 1509 dicens
1578 1476 1610 1509 se
1639 1475 1762 1520 Regias
1788 1474 2053 1509 constitutiones
2081 1472 2272 1507 observatu·

1407 1536 1472 1559 ona
1498 1525 1594 1559 fide.
1630 1526 1672 1559 Et
1693 1526 1838 1569 profect&
1864 1536 1922 1569 pro
1946 1524 2064 1564 bono,
2097 1532 2135 1557 ut
2159 1532 2232 1557 reor
2255 1543 2272 1561 ,

1293 1523 1405 1614 ιιι-,ἧι
1422 1575 1463 1607 fic
1485 1574 1590 1618 Regis
1614 1576 1735 1609 sedaret
1759 1577 1907 1610 animum
1936 1599 1943 1606 .
1986 1572 2051 1608 Sed
2082 1571 2159 1607 Rex
2181 1569 2273 1606 nihil

1293 1622 1466 1664 mitigatus
1475 1622 1520 1654 ob
1531 1623 1584 1661 id,
1614 1624 1648 1655 δε
1664 1625 1766 1664 ipsum
1782 1623 1978 1664 quibusdam
1988 1620 2203 1658 contumeliis
2215 1620 2273 1656 af·

1293 1671 1409 1704 sedium
1423 1671 1561 1712 sprevit.
1590 1670 1684 1705 Etad
1700 1671 1813 1705 Archi
1817 1671 2008 1710 Praesulem
2037 1670 2281 1714 &Episcopus

1294 1720 1326 1751 se
1349 1727 1560 1755 convertens,
1587 1722 1740 1752 omnium
1764 1719 1891 1753 scilicet
1913 1731 1976 1752 una
2003 1720 2037 1752 δε
2057 1719 2280 1753 οιάεωνοοεζ

1293 1767 1432 1808 audita,
1458 1766 1586 1801 dicebat
1605 1769 1710 1802 aciem
1734 1777 1847 1803 contra
1872 1770 1912 1802 se
1917 1769 2102 1808 firmatam,
2129 1767 2273 1802 &vene-

1295 1829 1374 1852 num
1387 1817 1487 1852 verbo
1500 1817 1549 1851 illi
1563 1818 1661 1853 ineffe
1673 1841 1684 1858 ,
1708 1819 1742 1853 &
1757 1819 1938 1862 captiosum
1950 1818 2013 1853 esse
2025 1841 2037 1858 ‚
2062 1818 2279 1852 ,ΨσὶωονιίίκεῚ

1387 1866 1495 1902 Unde
1517 1867 1645 1910 petebat
1671 1880 1707 1903 ut
1729 1868 1877 1903 absolute
1901 1868 2067 1913 &absque
2085 1867 2280 1911 ιιὶῇεεῖὲίοιοιΔ

1295 1918 1416 1962 Regias
1434 1918 1700 1953 Consuetudines
1725 1919 1756 1952 se
1772 1919 1999 1954 observaturos
2023 1917 2271 1966 compromitte-

1294 1979 1364 2003 rent
1379 1992 1386 2000 .
1413 1967 1645 2004 Archi-Praesul
1658 1969 1825 2012 respondit
1846 1970 1887 2004 ad
1907 1968 1996 2011 hoc,
2020 1967 2112 2012 quod
2133 1966 2276 2006 fidelia-1

1293 2029 1359 2052 tem
1385 2018 1416 2051 ei
1438 2019 1650 2061 juraverant,
1675 2021 1778 2054 vitam
1802 2020 1926 2054 scilicet
1944 2044 1956 2061 ‚
1994 2018 2206 2058 membrum,
2232 2018 2276 2053 &t
2338 2041 2342 2045 -

1294 2065 1454 2102 honorem
1470 2079 1633 2103 terrenum
1645 2093 1655 2109 ,
1682 2072 1773 2103 salvo
1783 2068 1943 2113 ordinesuo
1959 2084 1971 2104 .-
1984 2094 1986 2096 ·
1997 2069 2040 2104 Et
2051 2067 2142 2114 quod
2153 2067 2192 2102 in
2205 2066 2273 2103 lau-³

1295 2129 1373 2151 nore
1387 2128 1523 2152 <terreno
1548 2118 1662 2164 Regiae
1685 2120 1950 2155 eonsuetudines
1972 2121 2106 2154 fuissent
2119 2127 2272 2162 compre«

1296 2168 1490 2202 hensae.>Et
1512 2166 1551 2202 ad
1572 2179 1681 2204 earum
1705 2171 1989 2205 conservationem
2015 2171 2049 2204 se
2070 2166 2209 2205 minim&
2229 2167 2270 2202 in

1294 2218 1356 2252 alia
1369 2219 1473 2252 forma
1486 2218 1721 2263 obligaturos,
1748 2220 1808 2254 nis»
1833 2222 1866 2254 in
1880 2231 1945 2264 qua
1965 2218 2269 2263 priusiurnverant.

1301 2267 1388 2302 Cum
1402 2267 1477 2302 ver&
1489 2268 1630 2303 multum
1654 2270 1813 2303 inclinata
1834 2270 1912 2305 esset
1934 2268 2081 2312 jamdies
2094 2291 2106 2309 ,
2130 2264 2270 2305 turadia

1302 2319 1374 2352 Rex
1401 2327 1552 2358 vexatus,
1577 2318 1767 2352 insalutatis
1788 2318 2029 2357 Pontificibus,
2055 2318 2151 2352 inira
2174 2317 2275 2355 deine.

1299 2368 1494 2413 dignatione
1517 2367 1642 2409 multa,
1669 2367 1777 2402 subito
1802 2365 1921 2402 recedit
1944 2365 1986 2401 a'b
2007 2366 2116 2401 Aula.
2143 2365 2271 2405 Pariter

1299 2419 1333 2453 δε
1352 2418 1530 2452 Pontifices
1555 2427 1624 2452 tota
1642 2417 1695 2451 die
1714 2418 1820 2451 vexati
1849 2416 2003 2451 recedunt
2017 2440 2028 2456 ‚
2055 2417 2091 2450 δι
2114 2415 2149 2450 in
2160 2413 2270 2459 hospi-

1300 2469 1345 2503 tia
1358 2469 1389 2502 se
1410 2468 1591 2510 recipiunt.
1620 2467 1657 2500 In
1688 2469 1806 2502 receffu
1830 2466 1909 2501 vero
1936 2466 2142 2510 Episcopus,
2167 2474 2269 2509 quem

1300 2516 1561 2562 supradiximus,
1589 2516 1629 2551 ab
1643 2516 1901 2552 Archi-Praesule
1922 2516 2037 2551 acriter
2058 2515 2105 2550 est
2117 2513 2271 2560 objurga·

1300 2579 1352 2604 tus
1379 2593 1390 2610 ‚
1415 2568 1504 2611 quod
1527 2568 1559 2606 ἀ
1583 2569 1614 2601 se
1635 2568 1670 2602 &
1695 2566 1931 2612 CoEpiscopis
1958 2566 2153 2600 inconsultis
2177 2575 2270 2600 com-

1300 2629 1401 2652 mune
1412 2618 1565 2652 omnium
1577 2617 1710 2652 verbum
1723 2629 1849 2652 mutare
1862 2616 2112 2662 praesumpfiffet.
2141 2619 2180 2649 In
2202 2625 2270 2649 cra-

1301 2668 1387 2702 stino
1411 2667 1488 2703 verti
1510 2668 1584 2701 Rex
1610 2669 1811 2702 munitiones
1829 2668 1863 2702 δε
1888 2666 2030 2701 honores
2049 2676 2130 2709 quos
2151 2663 2268 2699 Archi-

1302 2718 1447 2754 Praesula
1463 2718 1557 2762 Rege
1568 2718 1634 2761 Jam
1646 2719 1664 2754 a
1676 2728 1821 2761 tempore
1845 2715 2057 2751 Cancellaria:
2076 2717 2110 2750 in
2120 2713 2268 2752 custodia

1302 2768 1462 2809 habebat,
1491 2769 1626 2812 repetita
1647 2768 1786 2812 recepit.-
1814 2767 1857 2801 Et
1877 2778 1936 2801 nec
1960 2765 2121 2805 salutans,
2150 2764 2269 2799 necss‘sa-

1302 2820 1425 2854 lutatus
1447 2818 1466 2852 a
1493 2817 1714 2853 Pontificibus
1740 2841 1752 2857 ,
1790 2816 1892 2851 imm&
1916 2815 2136 2850 nescientibus
2159 2814 2231 2857 ipsis
2254 2838 2268 2854 ,

1301 2870 1385 2904 clam
1397 2869 1431 2904 &
1450 2867 1691 2902 antelucanum
1705 2862 1884 2904 Londoni'a
1907 2866 2028 2901 recessit
2041 2891 2048 2898 .
2078 2865 2122 2899 Et
2133 2862 2267 2908 quidem

1302 2919 1366 2956 hoc
1373 2917 1507 2964 grandis
1518 2917 1569 2953 irae
1579 2918 1612 2953 &
1625 2916 1862 2962 indignationis
1875 2924 2107 2961 argumentum
2123 2913 2267 2951 exstitit·

1580 3018 1612 3052 C
1640 3017 1671 3051 A
1698 3016 1726 3050 P
1753 3016 1793 3053 U
1820 3017 1857 3050 T
1907 3018 1940 3052 X
1954 3015 1995 3050 X.

1363 3118 1506 3162 ‚Qualiter
1532 3116 1676 3160 Episcopi
1703 3116 1969 3161 Archi-Praesulem
2004 3114 2202 3159 deseruerint.

1398 3237 1402 3245 ι
1527 3223 1585 3253 W
1609 3216 1625 3250 1
1651 3216 1680 3250 L
1709 3217 1745 3249 H
1773 3217 1801 3250 E
1827 3216 1856 3250 L
1884 3217 1923 3250 Μ
1951 3216 1983 3250 U
2010 3216 2048 3250 S.

1308 3265 1512 3354 ACcidit
1535 3266 1606 3308 post
1629 3267 1798 3301 modicum
1819 3268 2017 3310 Episcopum
2030 3259 2268 3298 Lexoviensem

1425 3314 1662 3351 reconciliandi
1683 3317 1786 3372 gratia
1810 3317 1936 3372 Regem
1966 3325 2007 3348 ex
2027 3311 2270 3350 Transmarinis
2338 3312 2342 3314 ’

1305 3368 1435 3411 adjisse
1464 3365 1552 3399 Nam
1565 3365 1606 3399 ab
1629 3368 1774 3400 amicitia
1797 3367 1864 3410 ejus
1883 3365 2066 3400 exciderat.
2096 3364 2184 3400 Cui,
2208 3359 2270 3394 for-

1307 3420 1360 3454 san
1384 3427 1419 3451 ut
1431 3426 1631 3461 recuperaret
1661 3419 1824 3462 gratiam,
1848 3427 1946 3461 quam
1967 3413 2170 3497 perdiderz-tl,
2195 3421 2272 3445 con·

2136 3475 2144 3496 ι
2161 3465 2229 3496 ium
