2358 3776
521 127 562 172 S.
611 123 899 179 THOMAE
948 120 1352 176 CANTUAR,
1400 126 1535 171 LIB.
1574 132 1631 174 V.

94 211 337 258 ,ssoroadjecit‚
363 222 478 256 etquae
489 222 604 247 contra
617 213 752 248 salutem
774 212 864 246 suam
882 219 917 245 et
943 208 1036 245 liber-

95 269 194 297 tatem
208 263 354 298 Ecclefiae
365 263 504 305 fuerint,
516 263 622 297 deleat
634 263 763 307 penitus
775 263 808 298 ὅς
819 258 1033 296 condemnet.-

94 310 129 346 ὗε
150 310 331 358 Epist-opos
352 324 450 358 atque
472 315 555 349 alias
574 316 725 357 personas
749 312 860 357 Regni
872 310 914 351 ab
924 321 1034 345 earum

94 356 323 409 observatione
343 363 511 405 absolvat,
536 375 574 398 ac
594 365 713 397 fructus
735 369 957 407 perceptorum
967 361 1036 396 red-

94 407 225 447 dimum
251 412 533 457 Archi-Episcopo
556 414 590 449 dt
612 414 674 448 suis
695 412 860 452 restituat·
886 411 989 458 Qod
1012 412 1033 445 fi

94 462 200 500 vestrae
213 465 245 497 in
259 463 321 499 hac
331 474 421 507 parte
430 463 689 503 commonitioni
707 474 774 497 non
788 461 998 504 adquieverit
1024 487 1035 503 ,

95 523 153 547 vos
174 525 242 558 quz
263 515 303 549 de
324 514 619 554 consuetudinibus
641 512 704 547 illis
728 511 850 549 fuerint
873 511 1034 546 abolenda

94 564 194 598 nobis
220 565 284 599 una
305 575 380 598 cum
405 565 473 607 ipso
487 562 781 606 Archi—Episcopo
810 584 822 601 ,
849 572 977 595 necnon
1001 562 1036 597 δε

95 615 185 657 quod
202 615 278 650 Rex
302 613 342 648 de
365 624 591 657 perceptorum
606 613 767 647 frudiuum
781 611 980 645 restitutione
993 613 1036 646 fa·

95 675 170 698 cere
182 664 284 705 velit,
311 663 542 699 vestrislitteris
554 662 678 707 quant&
697 661 833 701 celerius
856 662 1002 705 poteritis
1025 684 1036 701 ‚

96 715 226 759 plenius
238 715 389 750 intimare
400 714 519 747 curetis
533 738 543 748 .
577 713 700 749 Verum
722 711 745 744 fi
762 722 884 746 certam
899 713 985 756 spem
996 710 1036 745 de

95 774 176 808 pace
196 766 230 803 βε
252 764 521 802 reconciliatione
541 762 688 797 facienda
713 762 950 805 conceperitis,
978 772 1035 797 vos

96 813 265 849 universos
277 814 584 851 excommunicatos
594 834 605 851 ‚
632 811 688 854 qui
701 810 889 846 absolvendi
903 812 1035 852 fuerint,

92 861 270 899 absolvatis
283 887 294 904 ,
322 865 366 898 ita
378 863 509 906 quidem
521 860 609 906 quod
623 862 680 897 nisi
693 872 756 905 pax
783 862 879 897 fuerit
893 861 1049 907 subsecuf

95 920 153 952 ta,
179 913 262 957 ipsas
285 912 320 953 in
342 913 482 955 priorem
505 912 890 948 excommunicationem
915 911 1050 958 nullius!

94 963 354 999 contradistione
365 962 417 997 vel
429 961 648 1005 appellatione
661 961 808 1001 obstante
817 961 982 998 continuo
993 973 1039 995 re·

92 1011 242 1049 ducatis.
270 1011 423 1047 Praeterea
448 1012 469 1045 si
494 1011 567 1047 Rex
590 1012 630 1046 ad
656 1013 803 1047 osculum
825 1010 1037 1057 praestandum

43 1089 47 1090 γ
94 1061 283 1101 nullatenus
307 1061 428 1105 poterit
452 1060 564 1096 induci
584 1086 594 1104 ,
621 1073 679 1098 vos
694 1061 1037 1106 Archi-Episcopum

94 1110 251 1152 inducere
274 1112 449 1152 laboretis,
476 1111 566 1156 quod
587 1112 608 1146 fi
622 1111 656 1147 id
677 1112 798 1155 absque
819 1113 964 1157 periculo
976 1122 1038 1155 per·

95 1162 182 1196 sonae
195 1163 256 1196 suae
268 1162 300 1196 &
313 1162 445 1200 suorum
456 1161 524 1196 fieri
539 1161 627 1205 posse
645 1163 840 1207 cognoverit
861 1162 896 1197 ὄε
916 1162 951 1196 in
963 1172 1049 1202 con--

94 1211 169 1249 silio
191 1213 251 1246 suo
274 1212 422 1250 invenire
443 1213 614 1255 potuerit,
640 1213 754 1249 osculo
769 1211 839 1246 -filii
861 1221 1038 1249 contentus

93 1261 215 1296 existat
235 1286 243 1294 .
281 1261 387 1309 Qod
405 1261 428 1299 fi
449 1272 587 1305 uterque
609 1262 748 1299 vestrum
769 1261 820 1297 his
839 1257 1049 1303 exequendis

94 1312 245 1349 intercise
255 1321 321 1344 non
336 1311 456 1353 poterit
469 1310 520 1343 vel
541 1310 706 1349 noluerit,
735 1309 826 1352 quod
847 1318 956 1341 tamen
968 1319 1037 1341 non

95 1360 281 1400 credimus,
306 1359 388 1392 alter
409 1369 482 1395 nom
498 1357 610 1393 minus
630 1369 668 1392 ea
679 1367 749 1400 quae
770 1357 915 1401 praedicta
928 1358 1002 1396 snut
1026 1379 1038 1396 ‚

94 1419 166 1444 non
178 1407 306 1443 differat
326 1407 500 1450 adimplere
515 1433 523 1442 .
553 1407 610 1442 Ad
635 1407 702 1442 haec
717 1406 811 1442 vobis
833 1407 1051 1451 praecipimus3

95 1458 345 1503 ntsaepedittum
369 1458 497 1502 Regem
516 1458 610 1500 super
631 1468 674 1493 eo
688 1481 700 1497 ,
725 1456 816 1501 quod
839 1456 994 1492 dilectum
1007 1456 1037 1489 fi·

97 1508 183 1544 lium
207 1507 355 1542 nostrum
382 1506 409 1539 P
422 1529 536 1539 ......
559 1505 874 1541 Archi-Diaconum
899 1506 1050 1550 papien-2

96 1607 243 1642 diacono
255 1606 289 1641 ὅ(
301 1606 443 1642 Notario
455 1632 465 1648 ,
491 1607 524 1641 &
538 1606 694 1652 magistro
707 1605 858 1641 Viviano
878 1607 1050 1641 transitus-¹

93 1658 167 1693 sum
179 1681 192 1698 ,
216 1657 349 1702 quidam
362 1657 460 1692 suiad
474 1666 592 1692 nutum
606 1657 712 1698 illius,
738 1666 774 1691 ut
786 1656 904 1692 dicitur
917 1682 927 1698 ‚
955 1658 987 1691 ὃς
1000 1656 1041 1690 de

95 1757 441 1801 privatuminhoneste
451 1759 685 1796 trastaverunt‚
712 1757 823 1796 durius
842 1757 1016 1799 increpetis
1031 1779 1040 1795 ,

94 1808 132 1845 ἀ
143 1817 200 1843 eos
209 1816 294 1850 quos
307 1807 341 1843 in
354 1806 496 1843 eundem
509 1805 552 1839 P.
568 1830 595 1841 ..
610 1830 617 1837 .
637 1830 660 1838 ..
673 1807 707 1840 δε
723 1806 820 1840 fillius
833 1805 947 1840 Socios
968 1803 1051 1837 Cle:

97 1853 186 1892 ticos
199 1855 358 1902 violentas
370 1865 487 1888 manus
512 1854 655 1897 injecisse
673 1854 878 1895 constiterit,
904 1853 1051 1898 appella-,

95 1907 192 1942 tione
204 1915 329 1941 remota
339 1906 645 1939 excommunicatos
657 1904 788 1948 publice
803 1905 963 1941 nuncietis
975 1928 986 1944 ‚
1007 1903 1041 1937 &

92 1957 140 1993 ab
162 1955 319 1996 omnibus
339 1955 529 2001 praecipiatis
551 1955 632 1988 sicut
643 1955 949 1994 excommunicatos
962 1953 1043 1987 vita·

91 2006 146 2048 ri,
171 2006 279 2043 donec
301 2004 407 2040 ablata
428 2005 601 2041 restituant
624 2027 637 2045 ,
673 2003 825 2047 injuriam
847 2003 940 2047 pastis
963 2012 1043 2044 con·

95 2105 258 2145 eisfadiuri
278 2105 455 2141 accedant.
487 2104 574 2138 Illud
596 2115 729 2147 quoque
750 2103 837 2149 Regi
850 2094 1055 2147 diligentiusl

101 2156 266 2196 intimetis
288 2180 301 2197 ,
335 2155 427 2198 quod
447 2154 512 2197 jam
534 2154 640 2191 dictus
663 2155 842 2195 Gratianus
865 2164 932 2187 non
954 2151 1044 2188 aliud

99 2207 201 2251 qnam
211 2204 290 2241 fecit
301 2227 312 2243 ‚
337 2205 425 2239 salvo
438 2204 602 2240 Mandato
615 2204 747 2245 nostro,
767 2206 871 2241 facere
882 2202 1043 2247 potuisset.

101 2255 207 2304 Qod
228 2255 250 2288 si
272 2254 483 2294 attentasset,
525 2265 586 2288 nos
607 2254 640 2288 id
660 2253 887 2298 proculdubio
903 2253 1049 2290 irritare-‚
1077 2258 1080 2266 ’

96 2317 178 2341 πως
192 2328 201 2338 ·
226 2305 259 2340 si
272 2305 346 2346 quis
366 2314 486 2342 autem,
499 2303 588 2348 quod
606 2303 672 2348 ipse
685 2305 735 2341 vel
746 2304 812 2347 ejus
832 2303 937 2338 socius
955 2301 1046 2337 aliud

102 2356 203 2398 quam
224 2353 403 2390 secundum
426 2352 638 2393 Mandatum,
653 2354 800 2395 nostrum
826 2351 978 2400 potuisset
1002 2353 1045 2386 fe·

102 2406 203 2446 cisse,
228 2405 315 2448 Regi
338 2404 552 2448 proposuisset
571 2427 583 2444 ,
609 2403 951 2445 verum.nequaquam
975 2403 1046 2446 sug-

104 2454 218 2503 geffit.
240 2454 367 2489 Datum
388 2454 573 2488 Beneventi
594 2452 726 2489 decimo
740 2463 862 2499 ‚quarto
873 2451 1046 2488 Kalendas

103 2503 290 2543 Februarii.
873 2509 876 2512 ·

309 2601 710 2638 EPISTOLA
789 2587 854 2639 rw

179 2703 354 2738 Alexander
381 2705 470 2745 Papa
487 2682 771 2796 ἑιίοιίῦιυηιιςεηβ-(ἓνἸ
794 2700 985 2744 Nivernenfi

515 2758 550 2796 pl
564 2758 661 2796 copis.

209 2851 415 2892 UONIAM
442 2850 482 2887 de
506 2852 616 2887 vessrae
635 2851 823 2887 devotionis
833 2862 871 2886 ac
882 2851 1044 2888 sincerita-

235 2900 276 2938 tis
300 2905 445 2943 fervore,
467 2902 663 2937 discretione
687 2913 837 2947 quoque,
864 2903 1048 2938 maturitate

224 2954 260 2988 ἀ
280 2952 451 2996 prudentia
472 2952 571 2987 vestra
593 2953 723 2996 plenam
746 2954 779 2986 in
792 2953 949 2987 omnibus
959 2954 1046 2997 spem

113 3002 335 3046 fiduciamque
357 3013 505 3038 tenemus
523 3026 536 3043 ‚
571 3014 629 3038 vos
649 3003 690 3037 ad
708 3003 937 3038 executionem
958 3004 1046 3048 pacis

100 3085 101 3088 ,
114 3052 325 3090 Venerabilis
336 3052 451 3089 Fratris
462 3051 562 3086 nostri
573 3052 717 3089 Thomas
729 3053 968 3089 Cantuariensis
987 3054 1045 3087 Ar·

115 3102 369 3146 chi-Episcopi,
396 3113 458 3144 prae
468 3102 587 3138 caeteris
600 3102 708 3148 Regni
720 3103 921 3138 Francorum
940 3106 1045 3147 perso·
1068 3122 1073 3123 ν

116 3152 168 3187 nis
182 3152 360 3197 elegimus,
389 3153 422 3185 &
442 3152 481 3185 ad
503 3151 718 3190 charissimum
742 3154 777 3189 in
789 3153 923 3189 Christo
934 3154 1043 3189 filium

116 3202 263 3237 nostrum
276 3201 455 3236 Henricum
467 3201 622 3237 illustrem
637 3202 819 3248 Anglorum
844 3204 990 3250 Regem,
1012 3206 1043 3238 si-

115 3262 173 3286 cut
185 3262 239 3295 per
259 3252 338 3287 alias
359 3252 454 3285 vobis
474 3252 596 3285 litteras
618 3253 889 3297 significavimus,
916 3264 1044 3297 propter

115 3299 181 3337 hoc
193 3301 638 3336 duximustransmittendos.
667 3302 772 3339 Unde
789 3305 946 3350 quoniam
968 3316 1042 3338 eun·

115 3352 193 3387 dem
225 3351 353 3395 Regem
374 3350 581 3394 postmodnm
611 3352 646 3384 in
681 3352 839 3398 Angliam
859 3354 1044 3388 audivimus

119 3400 353 3441 transfrerasse,
380 3410 421 3434 ne
442 3400 524 3434 forte
544 3401 682 3443 praedisti
703 3402 971 3448 Archi-Episcopi
985 3416 1041 3438 ne·-

117 3451 247 3500 gotium
267 3460 396 3496 propter
416 3448 480 3486 hoc
503 3450 596 3496 poffit
618 3451 870 3496 quomodolibet
892 3454 1041 3499 impediri

1873 151 1895 193 3
1908 151 1935 181 2
1945 153 1965 193 3

1097 210 1160 247 five
1170 209 1320 255 protendi
1334 234 1349 252 ,
1383 211 1579 251 fraternitati
1604 213 1708 248 vestrae
1726 228 1781 259 per
1791 218 1904 254 iterata
1917 219 2035 263 scripta

1100 260 1291 302 mandamus
1303 284 1314 301 ‚
1339 260 1421 295 &in
1442 261 1564 296 virtute
1583 261 1997 314 obedientiaeinjungimus
2021 291 2033 310 ‚

1100 311 1254 356 quatenus
1265 312 1343 345 ficut
1352 311 1492 356 gratiam
1504 311 1590 350 beati
1603 311 1689 346 Petri
1700 323 1739 348 ac
1747 317 1887 357 ,nostr-,m
1898 320 2031 354 chaam

1100 362 1224 398 habetis
1237 386 1247 402 ,
1273 362 1306 396 ὅ(
1328 373 1388 396 nos
1409 361 1587 403 Ecclesiam
1601 362 1790 397 Romanam
1802 365 1842 403 de
1860 368 2032 405 honestate

1097 424 1134 447 ac
1146 411 1329 446 constantia
1351 411 1452 452 vestra
1476 413 1646 447 volueritis
1666 413 1783 457 aliqua
1804 413 1846 448 de
1863 427 2033 453 caeter-012,-

1098 462 1190 505 tione
1212 462 1402 501 confidere,
1426 463 1462 497 in
1484 474 1588 498 unum
1612 463 1728 506 pariter
1747 464 1980 500 convenientes
1991 468 2033 502 ad

1093 524 1317 548 'memoratum
1338 512 1465 558 Regem
1491 512 1594 547 eundi
1616 514 1701 548 infra
1725 514 1846 558 viginti
1866 512 1937 548 dies
1964 518 2033 556 post

1098 562 1211 603 harum
1228 564 1464 607 susceptionem
1488 563 1669 597 litterarum
1683 588 1693 604 ,
1719 564 2038 604 omniexcusatione

1100 613 1274 657 postposita
1285 639 1296 655 ,
1322 613 1380 647 nisi
1393 611 1425 647 id
1435 613 1501 657 jam
1512 613 1598 649 forte
1610 613 1771 654 feceritis,
1791 614 1852 649 iter
1863 613 2040 657 arripiatis,

1099 665 1133 698 δε
1145 664 1186 698 ad
1200 675 1274 698 eum
1288 664 1437 698 festinare
1449 665 1580 700 curetis.
1616 663 1704 697 Cum
1716 663 1906 706 autemejus
1916 665 2040 707 presen-

1100 713 1178 748 tiam
1192 714 1389 754 habueritis,
1415 715 1539 758 vosipsi
1552 725 1589 748 ea
1602 738 1613 755 ,
1638 724 1711 758 quae
1722 714 1757 751 in
1768 713 1841 752 aliis
1854 714 1970 752 litteris
1982 725 2042 751 no,-

1102 763 1170 798 stris
1182 764 1276 798 vobis
1289 775 1327 797 ex
1333 763 1500 808 pressimus
1513 788 1525 805 ‚
1552 765 1632 801 sicut
1643 762 1730 798 viros
1743 763 1951 801 pontificalis
1961 774 2039 798 con-

1100 813 1226 848 stantiae
1236 814 1348 854 decet,
1374 814 1469 848 omni
1488 813 1752 850 dubitatione&
1772 814 1891 849 timore
1909 823 2040 848 remoto

1101 862 1327 899 instantissime
1339 865 1528 908 proponatis
1538 889 1550 905 ‚
1571 865 1605 899 ὃ(
1619 862 1760 901 eundem
1773 863 1814 900 ad
1828 863 1958 900 illorum
1971 875 2042 898 exer

1101 915 1268 954 cntionem
1289 925 1330 947 ex
1352 925 1441 957 parte
1459 914 1568 949 nostra
1593 912 1865 952 studeatismodis
1881 913 2041 948 omnibus

1103 964 1241 998 invitare
1254 989 1262 997 .
1295 963 1400 1010 Quod
1419 963 1442 997 si
1465 964 1540 999 Rex
1562 976 1601 1001 ea
1622 975 1694 1008 quae
1705 963 1806 1001 nobis,
1814 964 1958 1007 promisit
1969 987 1980 1003 ,
2008 964 2043 998 &

1078 1036 1080 1038 -
1103 1014 1246 1049 maxime
1267 1012 1309 1048 de
1329 1016 1457 1060 integra
1479 1013 1902 1061 poffeffionumablatarum
1916 1014 2044 1051 restitu-

1102 1064 1215 1105 tione,
1238 1064 1273 1099 &
1294 1064 1392 1108 ‘plena
1413 1074 1493 1107 pace
1517 1063 1799 1108 Archi-Episcopo
1818 1075 1858 1102 ac
1888 1065 1952 1098 suis
1974 1063 2043 1108 red-

1102 1114 1230 1153 denda,
1258 1114 1434 1149 necnon&
1448 1115 1539 1157 super
1558 1115 1672 1150 osculo
1693 1113 1801 1150 eidem
1827 1113 2005 1158 praestando
2030 1136 2043 1155 ,

1104 1163 1162 1199 nisi
1172 1163 1257 1200 forte
1267 1164 1382 1202 osculo
1393 1163 1454 1200 filii
1466 1165 1548 1202 velit
1565 1165 1629 1199 esse
1637 1174 1815 1203 contentus
1827 1188 1839 1204 ‚
1864 1164 1950 1198 infra
1968 1173 2046 1206 qua.-

1101 1213 1253 1258 draginta
1273 1214 1344 1248 dies
1362 1214 1435 1258 post
1455 1215 1762 1251 commonitionem
1784 1214 1923 1251 —vestram
1942 1212 2044 1253 adim-

1076 1263 1078 1300 ᾗ
1103 1263 1190 1305 plere
1202 1263 1343 1297 noluerit
1356 1287 1367 1302 ‚
1391 1273 1448 1298 aut
1458 1274 1528 1299 arte
1549 1265 1683 1305 aliqua,
1707 1262 1772 1301 five
1790 1263 1932 1307 ingenio
1946 1263 2045 1306 perse

1075 1309 1080 1352 Ξ
1096 1311 1153 1349 -vel
1163 1322 1218 1354 per
1232 1313 1307 1345 suos
1316 1311 1461 1347 effecerit
1473 1334 1484 1351 ‚
1510 1312 1690 1351 quominus
1709 1311 1849 1349 adeum
1870 1313 1961 1354 juxta
1973 1323 2046 1355 prae-

1076 1399 1079 1402 ,
1101 1369 1233 1404 ceptum
1257 1360 1551 1404 nostrumnpoffitis
1573 1360 1723 1397 accedere
1745 1360 1779 1394 δι
1797 1360 1865 1403 [ipsi
1887 1371 1924 1395 ea
1944 1361 2046 1404 quma

1075 1409 1078 1441 Ϊ
1103 1411 1196 1445 vobis
1213 1411 1304 1453 supet
1321 1409 1372 1444 iiis
1384 1409 1490 1444 vestrae
1502 1409 1721 1446 sollicitudini
1732 1410 1807 1447 sunt
1818 1410 1959 1453 injunfia
1969 1432 1989 1458 ,x
2003 1420 2046 1453 eff

1075 1461 1080 1489 ἶ
1102 1461 1197 1495 omni
1221 1460 1373 1494 libertate
1391 1460 1425 1494 δε
1446 1460 1616 1494 securitate
1640 1469 1847 1502 proponere,
1873 1471 1932 1493 vos
1947 1457 2045 1493 in‘to·

1076 1535 1079 1540 -
1104 1521 1172 1544 tam
1185 1519 1304 1544 terram
1315 1509 1384 1552 eius
1397 1508 1618 1547 Cissnarinam
1630 1507 1843 1548 authoritate
1855 1508 1940 1542 beati
1954 1508 2044 1542 Petri

95 1559 186 1599 sem,
211 1557 254 1592 id
274 1566 350 1591 eum
371 1556 390 1590 ἢ
410 1556 530 1591 ἆίῐθᾶο
552 1556 623 1591 filio
646 1557 759 1591 nostro
780 1556 945 1596 Gratiano
957 1556 1040 1594 Sub·
1076 1559 1080 1595 3
1105 1559 1257 1594 &nostra
1271 1584 1281 1600 ,
1306 1560 1403 1592 omni
1424 1557 1685 1592 contradictione
1702 1558 1735 1592 ὅτ.
1757 1558 1976 1602 appellatione
1999 1570 2045 1592 re·

1078 1640 1080 1642 ,
1105 1620 1195 1652 mota
1212 1633 1223 1650 ,
1246 1608 1406 1645 interdiffi
1426 1608 1623 1648 sententiam
1646 1609 1818 1652 ptpferatis
1839 1632 1851 1650 ,
1874 1609 1922 1644 ¹&
1943 1607 1981 1643 in
1996 1619 2044 1652 ,ea

1077 1680 1081 1684 ›
1104 1660 1218 1695 omnia
1232 1660 1355 1695 Divina
1368 1668 1478 1702 praeter
1490 1658 1648 1702 baptisma
1660 1656 1871 1702 parvulorum
1892 1660 1924 1693 δε
1946 1659 2045 1702 poeni-

96 1707 264 1743 Mandato
288 1706 356 1749 ejus
375 1716 553 1750 ceperunt,
577 1708 612 1742 ἀ
636 1707 833 1751 quibusdam
855 1706 951 1742 rebus
972 1706 1051 1750 ejus
1077 1707 1080 1711 ’

1106 1710 1223 1745 tentius
1249 1708 1463 1746 morientium
1490 1706 1690 1750 prohibeatis
1715 1708 1825 1742 officia
1849 1708 2045 1752 celebrari„

1105 1757 1433 1804 quemadmodumria
1444 1756 1517 1798 aliis
1542 1756 1682 1797 litteris,
1710 1767 1790 1800 quas
1803 1755 1895 1793 vobis
1905 1756 1985 1791 inde
1997 1752 2046 1792 diss

1105 1809 1271 1849 reximus,
1297 1807 1428 1848 constat
1438 1799 1619 1852 expressum
1632 1807 1737 1849 fuisse.
1759 1807 1903 1850 Litteras
1914 1818 2046 1850 quoque

1105 1859 1252 1899 nostras,
1278 1868 1360 1903 quas
1381 1857 1473 1900 super
1495 1856 1723 1898 observatione
1745 1856 1911 1896 interdicti
1925 1856 2046 1891 Archi·

1108 1908 1277 1952 Episcopis
1297 1907 1331 1941 ὅ(
1352 1906 1521 1951 Episcopis
1543 1917 1632 1942 terrae
1654 1908 1716 1941 suae
1737 1930 1748 1947 ,
1774 1906 1935 1950 quacitra
1948 1907 2045 1944 Mare

1104 1957 1275 1998 consistit,
1287 1957 1541 1992 transmittimus
1553 1981 1564 1997 ,
1575 1957 1622 1991 eis
1633 1957 1727 1991 omni
1739 1956 1950 1994 excusatione
1960 1957 2047 2001 post·

1076 1998 1079 2029 3
1096 2007 1207 2050 aposita
1215 2005 1406 2048 destinetis,
1431 2007 1466 2045 ὗε
1483 2007 1555 2050 ipsis
1566 2018 1607 2042 ex
1621 2016 1710 2050 parte
1720 2006 1829 2042 nostra
1844 2007 1980 2041 firmiter
1991 2006 2042 2040 in-

92 2055 180 2104 grue,
190 2056 389 2094 satisfaciant
404 2079 415 2096 ,
438 2055 472 2090 δε
491 2054 616 2089 ad-nos
635 2064 712 2089 cum
735 2052 977 2089 vestrislirteris
992 2052 1050 2086 sa-'
1077 2066 1080 2079 τ

1105 2052 1251 2102 jungatis
1262 2080 1274 2097 ,
1301 2058 1391 2101 quod
1403 2057 1609 2097 interdiaum
1623 2057 1770 2092 nostrum
1782 2057 1903 2093 nullius
1913 2057 2046 2098 timore,

1077 2103 1081 2143 ἶ
1109 2105 1352 2150 prohibitione,
1380 2107 1431 2146 vel
1452 2107 1670 2151 appellatione
1693 2106 1866 2149 obstante,
1892 2118 1950 2151 per
1970 2108 2042 2145 suas

1107 2155 1282 2191 Parochias
1304 2156 1566 2202 irrefragabiliter
1590 2159 1714 2193 servent
1731 2182 1743 2198 ‚
1769 2169 1833 2199 nee
1854 2167 1968 2196 contra
1980 2156 2044 2192 hoc

1107 2206 1221 2250 aliquo
1230 2207 1333 2240 modo
1346 2208 1458 2243 venire
1471 2208 1664 2251 praesumant
1675 2233 1683 2241 .
1705 2208 1809 2255 Qod
1822 2208 1845 2242 fi
1857 2207 1974 2250 aliquis
1986 2206 2047 2240 Ar.-

1107 2256 1356 2300 chi-Episcopus
1369 2280 1381 2295 ,
1391 2258 1444 2292 vel
1456 2258 1634 2300 Episcopus
1646 2282 1657 2297 ,
1669 2268 1723 2293 aut
1735 2258 1799 2294 alia
1811 2257 1964 2302 quaslibet
1977 2267 2047 2299 pere

1108 2309 1188 2343 sona
1210 2305 1418 2339 interdistum
1443 2305 1585 2341 vestrum
1605 2307 1776 2341 observare
1786 2305 2016 2350 contempserit
2035 2330 2048 2348 ,

1108 2368 1168 2392 vos
1184 2367 1263 2391 eum
1274 2354 1314 2389 ab
1326 2354 1429 2391 officii
1444 2354 1491 2391 sui
1504 2355 1701 2391 executione
1712 2355 1840 2391 sublato
1859 2355 2048 2400 appellatio-

1108 2407 1158 2442 nis
1169 2403 1314 2441 remedio
1327 2405 1535 2449 suspendatis.
1571 2405 1650 2440 Etsi
1664 2416 1724 2439 nec
1735 2406 1778 2438 sic
1796 2405 1980 2448 resipuerit,
2009 2405 2046 2444 in

1107 2467 1184 2492 eum
1193 2454 1550 2490 excommunicationis
1575 2453 1769 2488 sententiam
1794 2452 2011 2498 promulgetis
2036 2479 2044 2487 .

1108 2506 1282 2551 Sarpedisto
1294 2505 1369 2539 verti
1379 2504 1463 2549 Regi
1477 2513 1586 2546 praeter
1604 2513 1642 2536 ea
1664 2513 1735 2546 quae
1747 2504 1862 2547 scripta
1875 2503 1949 2538 sunt
1961 2525 1973 2543 ,
1999 2503 2047 2538 vi-

1108 2569 1148 2592 va
1158 2568 1239 2591 voce
1251 2556 1303 2591 vel
1317 2555 1431 2589 litteris
1443 2553 1553 2587 vestris
1564 2552 1821 2587 constantiffime
1833 2554 2042 2597 proponatis:

1055 2622 1059 2627 ¹
1106 2606 1198 2649 quod
1217 2606 1241 2640 fi
1267 2617 1329 2640 nec
1348 2603 1390 2637 fic
1410 2602 1597 2647 resipuerit,
1624 2604 1768 2645 personae
1787 2604 1865 2644 suae,
1894 2604 1972 2636 sicut
1981 2614 2044 2638 nec

1107 2655 1281 2692 Frederico
1306 2654 1395 2689 dicto
1416 2653 1607 2697 Imperatori
1629 2653 1768 2686 fecimus
1786 2675 1797 2693 ,
1834 2654 2043 2697 nequaquam

1109 2716 1274 2751 parcemus
1285 2729 1296 2745 ,
1323 2702 1375 2738 sed
1397 2704 1432 2737 in
1455 2713 1533 2738 eum
1555 2701 1663 2746 potius
1684 2703 2044 2738 excommunicationis

1108 2757 1302 2793 sententiam
1313 2753 1433 2798 absque
1443 2753 1547 2788 dubio
1565 2753 1763 2795 proferemus
1775 2777 1783 2785 .
1810 2751 1977 2790 Volumus
1985 2763 2046 2787 au·

1108 2818 1175 2843 tem
1188 2807 1222 2842 &
1233 2804 1291 2839 sub
1303 2803 1443 2839 obtentu
1454 2803 1565 2849 gratim
1576 2802 1641 2837 Dei
1654 2802 1689 2835 ὅ(
1711 2802 1826 2838 nostrae
1844 2800 1984 2843 districte
1996 2803 2045 2838 in-

1106 2857 1274 2903 jungimus
1286 2879 1296 2895 ,
1306 2865 1343 2889 ut
1355 2853 1390 2889 in
1402 2853 1452 2888 his
1461 2865 1533 2898 quae
1545 2852 1752 2896 praediximus
1765 2851 1964 2894 exequendis
1973 2863 2045 2886 om-

1094 2937 1096 2939 .
1107 2919 1182 2942 nem
1193 2932 1204 2949 ,
1230 2916 1328 2948 quam
1338 2904 1542 2939 convenit&
1564 2912 1694 2947 oportet
1705 2901 1913 2947 diligentiam
1925 2903 1959 2938 δε
1972 2901 2043 2936 stu-

1105 2958 1199 2992 dium
1209 2954 1393 2991 adhibeatis
1403 2980 1412 2988 .
1442 2955 1486 2991 Et
1497 2954 1520 2988 fi
1533 2963 1668 2997 uterque
1692 2951 1831 2987 vestrum
1846 2952 1950 2987 adesse
1970 2962 2041 2985 non

1107 3007 1226 3052 poterit
1238 3005 1291 3040 vel
1305 3004 1449 3042 noluerit
1460 3028 1472 3045 ,
1491 3003 1589 3048 ,quod
1600 3013 1710 3039 tamen
1723 3013 1792 3037 non
1805 3002 2041 3041 credimus,nec

1105 3057 1303 3093 conveniens
1315 3066 1374 3090 nee
1385 3053 1556 3094 tolerabile
1565 3054 1642 3087 esset
1651 3076 1662 3093 ,
1701 3051 1782 3087 alter
1794 3063 1863 3090 non
1884 3050 1995 3086 minus
2004 3060 2041 3086 ea

1104 3120 1175 3153 quae
1185 3105 1330 3151 praedicta
1339 3107 1412 3140 sunt
1424 3128 1435 3145 ,
1458 3103 1553 3140 omni
1566 3100 1774 3140 dubitatione
1788 3103 1827 3140 .&
1839 3103 1958 3141 timore
1969 3097 2039 3141 sub·

1105 3160 1174 3195 lato
1186 3155 1363 3201 adimpleat
1377 3181 1385 3190 .

1287 3250 1696 3291 EPISTOLA
1801 3234 1847 3285 w

1447 3353 1531 3388 Idem
1557 3349 1682 3395 eisdem.

1198 3403 1406 3443 UONIAM
1431 3403 1467 3440 in
1478 3402 1550 3437 aliis
1564 3402 1676 3436 litteris
1690 3422 1701 3439 ,
1728 3408 1807 3441 quas
1835 3396 1928 3438 vobis
1947 3398 2042 3442 super

1212 3457 1348 3504 negotio
1363 3453 1557 3491 venerabilis
1569 3451 1675 3488 fratris
1687 3448 1787 3488 nostri
1800 3447 1949 3536 '13:232
1951 3447 2036 3534 {Isan-
