2358 3776
514 116 554 161 S.
602 107 894 161 THOMAE
941 104 1347 158 CANTUAR.
1395 105 1532 153 LIB.
1581 111 1688 158 ΙΙΙ.

230 246 686 295 “ΕΡιεΤοῑ.ᾼ
759 245 916 284 vam.

181 352 307 388 Thomas
318 356 389 389 Can
397 351 548 394 tuaerienfis
567 352 694 387 clericis
705 351 740 385 ὀ·
757 352 860 384 Laicis
871 349 995 381 Guntia
1010 372 1018 378 .

239 504 431 540 OVERIT
454 502 646 538 universitas
655 501 778 540 vestra,
802 495 996 532 dilectiffimi
1014 497 1072 531 fra-

267 565 351 596 tres,
379 553 468 599 quod
490 563 552 588 nos
574 563 615 586 ex
626 551 716 594 justis
738 547 962 584 &manifestis
971 548 1072 581 causis

132 602 263 647 publice
271 603 627 640 excommunicavimus
636 601 842 635 Gilebertum
852 596 1066 632 Londonien-

134 655 213 695 sem,
228 654 427 698 Episcopum
451 678 463 694 ‚
490 651 724 695 Randulphum
748 650 789 684 de
809 649 918 688 Broc,
944 648 1072 682 &alios

134 714 275 747 quorum
296 704 434 739 nomina
454 702 596 747 superius
619 702 734 745 scripta
758 700 849 733 sunt.
883 699 1072 733 Denuncia·

133 763 208 788 mus
221 753 300 799 ergo
312 754 428 795 vobis,
452 754 531 788 ficut
551 751 741 786 chariffimis
761 750 837 784 filiis
858 749 893 783 δε
919 748 1071 783 fratribus

135 804 253 838 nostris
266 827 278 842 ‚
304 815 340 837 ut
351 805 392 838 ab
413 814 524 839 eorum
548 801 806 839 communione,
830 799 937 833 donec
956 798 1071 841 resipis-

133 853 434 899 cantetcondigne
456 850 652 887 satisfaciant
665 873 678 891 ,
703 849 831 894 prorsus
851 849 1039 883 abstineatis
1062 872 1070 881 .

133 901 289 936 Praeterea
303 903 483 942 noveritis,
509 901 600 945 quod
613 911 670 934 vos
691 900 710 933 a
729 899 922 943 subJeiiione
943 899 979 933 &
997 898 1071 934 obe-

134 948 261 985 dientia
272 951 431 986 Gaufredi
446 950 551 985 Archi
562 968 573 975 -
586 950 731 985 Diaconi
742 951 775 985 &
794 948 934 984 Roberti
946 947 1073 983 Vicarii

134 1001 205 1044 ejus
226 1001 445 1042 absolvimus,
473 1002 508 1035 &
529 1000 760 1045 prohibemus,
793 1011 837 1035 ne
852 999 900 1034 eis
921 999 1074 1034 obedien-

136 1050 219 1086 tiam
239 1061 298 1087 aut
319 1051 531 1086 reverentiam
551 1049 732 1085 exhibeatis
745 1075 756 1091 ,
782 1051 889 1085 donec
912 1051 1003 1093 super
1018 1049 1078 1083 cri-

134 1101 226 1135 mine
236 1100 464 1136 inobedientiae
474 1099 642 1145 condigne
653 1101 848 1135 satisfaciant
859 1098 958 1134 nobis
971 1099 1003 1133 &
1018 1099 1076 1133 Ec-

126 1150 229 1193 >cleric
246 1151 337 1192 Dei,
362 1162 460 1195 quam
475 1150 649 1194 plurimum
668 1151 772 1185 laefisst
791 1151 967 1185 noscuntur
979 1162 990 1182 .·
1016 1159 1085 1182 nec-

137 1209 253 1235 eorum
264 1202 451 1236 exactiones
462 1201 640 1235 sustineatis
652 1201 803 1234 ulterius.
833 1200 914 1233 Non
933 1197 1077 1232 turbetur

136 1260 196 1284 cor
210 1249 346 1284 vestrum
360 1251 394 1284 in
407 1250 458 1285 his
468 1275 479 1290 ,
507 1262 611 1293 neque
622 1250 777 1284 formidet
787 1274 798 1289 ,
828 1249 902 1291 quia
918 1248 993 1280 Deo
1003 1257 1077 1289 pro-

139 1299 301 1343 pitiante,
337 1310 450 1333 contra
471 1298 725 1341 malignantium
745 1296 1024 1340 tergiversationes
1046 1295 1079 1328 &

137 1349 395 1392 appellationum
409 1348 608 1392 subterfugia
620 1371 632 1388 ,
657 1345 751 1383 Sedis
763 1345 962 1389 Apostolicae
975 1345 1079 1379 muni·

139 1398 231 1433 mine
241 1397 306 1432 tuti
316 1397 426 1431 firmus
443 1422 450 1429 .

290 1494 704 1533 EPISTOLA
804 1494 929 1532 Lxlx.

188 1594 321 1631 Thomas
331 1596 557 1638 cantuariensis
573 1596 680 1630 Archi·
690 1593 857 1639 Episcopus
878 1594 1032 1637 Gaufredo

375 1647 612 1682 Archi-macone
631 1644 859 1687 Cansuan'enfi.

184 1746 370 1783 USTUM
396 1747 441 1782 est
464 1747 562 1789 utei,
588 1747 645 1791 qui
660 1748 693 1781 in
706 1746 879 1781 manifesto
890 1743 1085 1779 inobedien-

208 1795 259 1830 tiae
269 1797 404 1830 crimine
419 1799 614 1839 perseverat,
639 1797 809 1830 arsufflitis
818 1794 1005 1836 obedientia
1018 1792 1088 1826 sub·

143 1843 289 1880 trahatur
299 1870 307 1878 .
335 1845 379 1879 Et
391 1846 446 1889 qui
458 1846 593 1879 scienter
602 1844 827 1879 communicat
839 1842 890 1876 his
904 1866 915 1883 ,
939 1853 1023 1884 quos
1035 1852 1085 1875 ex·

146 1895 411 1930 communicatos
424 1896 485 1929 esse
495 1906 564 1930 non
575 1894 713 1939 ambigit
725 1918 736 1935 ‚
755 1895 788 1928 se
809 1894 912 1937 ipsum
923 1904 964 1926 ex
977 1893 1086 1926 nesan-

143 1943 188 1979 da
199 1945 447 1990 participatione
456 1957 570 1980 eorum
588 1944 861 1979 condemnationi
885 1943 1048 1986 immergit
1075 1966 1082 1972 .

149 1995 226 2030 Nos
234 2005 343 2030 autem
354 1996 510 2030 miramur
531 1997 622 2038 supra
644 1994 780 2028 modum
792 2015 803 2034 ,
828 2004 892 2035 qua
904 1994 1086 2027 temeritate

146 2046 316 2089 praesumas
329 2046 364 2079 in
377 2046 526 2080 Clericus
546 2046 580 2079 δε
592 2043 813 2079 parochianos
826 2042 974 2076 Ecclefiae
994 2039 1086 2075 cans

145 2095 316 2129 mariensis
328 2095 546 2139 magisterium
559 2106 668 2140 gerere
680 2118 691 2134 ,
716 2094 751 2128 ὅ(
775 2093 919 2127 nostrum
932 2092 1084 2125 videlicet

148 2144 345 2189 Episcopale
369 2146 527 2181 Officium
540 2169 551 2186 ,
586 2144 791 2179 investituras
815 2142 1028 2177 Ecclesiarum
1040 2143 1086 2175 fa·

146 2194 291 2237 ciendo,
316 2195 350 2229 &
367 2195 527 2231 tradendo
547 2205 656 2229 curam
668 2194 850 2229 animarum
863 2217 875 2234 ,
899 2203 997 2236 quam
1017 2191 1087 2235 ipsis

149 2243 255 2279 Archi
267 2263 278 2270 -
292 2245 452 2278 Diaconis
472 2247 655 2279 sanstorum
685 2244 819 2279 Patrum
830 2242 957 2278 decreta
969 2242 1088 2276 subtra-

151 2294 238 2327 hunt
255 2317 265 2333 ,
289 2305 437 2328 exercere
447 2320 457 2335 ‚
485 2296 517 2329 ὅ(
540 2295 701 2328 Plebanas
724 2294 880 2329 Ecclesias
892 2303 1024 2327 onerare
1036 2303 1087 2325 va·

152 2344 209 2378 riis
221 2343 447 2378 exactionibus
458 2368 468 2385 ,
496 2345 665 2388 praesertim
676 2345 753 2378 cum
763 2354 796 2379 te
813 2343 940 2388 publice
959 2352 1088 2376 excom-

154 2394 426 2429 municaverimus
435 2416 445 2432 ,
470 2394 548 2429 ficut
569 2395 673 2438 ipsum
695 2393 960 2429 Londoniensem
987 2415 998 2432 ,
1024 2392 1088 2426 Ra-

153 2442 318 2487 nulphum
331 2443 371 2476 de
382 2442 486 2484 Broc,
512 2445 701 2488 &reliquos
719 2454 860 2488 quorum
880 2443 1017 2477 nomina
1042 2444 1088 2475 su-

153 2493 262 2537 petius
273 2493 387 2536 scripta
398 2494 474 2528 sunt
483 2519 491 2526 .
519 2494 666 2528 Clericos
677 2504 807 2537 quoque
816 2494 848 2527 ὅ(
869 2492 1088 2527 parochianos

152 2543 281 2577 nostros
291 2542 332 2576 ab
343 2542 526 2577 obedientia
537 2545 571 2578 δε
581 2545 756 2578 reverentia
778 2555 832 2578 tua
843 2543 970 2587 prorsus
984 2542 1085 2576 a‘bsol-

153 2592 262 2627 vimus
274 2616 285 2632 ,
310 2591 417 2626 donec
427 2602 554 2626 memor
567 2593 641 2626 fidei
662 2594 694 2627 &
705 2593 896 2636 juramenti,
921 2593 1009 2636 quod
1035 2605 1090 2626 no-

156 2642 207 2676 bis
218 2642 387 2686 praestitisti
398 2666 410 2682 ,
434 2653 510 2676 eum
523 2642 739 2676 satisfactione
749 2643 915 2687 condigna
925 2643 1032 2687 redeas
1049 2642 1089 2676 ad

156 2692 380 2727 obedientiam
402 2692 544 2726 nostram
556 2718 563 2725 .
589 2690 808 2727 prohibemus
827 2702 934 2726 autem
946 2689 1090 2725 authori-

159 2751 226 2776 tate
240 2742 379 2777 Domini
393 2741 529 2785 Papae&
547 2741 653 2777 nostra
664 2766 675 2783 ,
702 2743 736 2775 in
750 2743 866 2776 virtute
877 2740 1090 2781 obedientiae,

158 2792 195 2826 in
207 2793 351 2835 periculo
364 2792 473 2827 salutis
483 2794 517 2827 δε
528 2793 653 2827 ordinis
663 2816 675 2833 ‚
700 2802 742 2825 ne
751 2792 792 2825 de
803 2801 916 2826 caetero
937 2802 969 2826 te
991 2792 1092 2825 intro-

160 2843 273 2879 mittas
284 2843 325 2877 de
335 2843 456 2876 Archi·
469 2844 657 2878 Diaconatu
682 2842 792 2875 nostro
803 2866 814 2882 ,
839 2842 946 2876 donec
966 2843 984 2875 a
998 2841 1092 2876 nobis

161 2892 285 2926 absolvi
301 2892 448 2926 merearis
462 2918 469 2925 .
495 2893 575 2927 Hoc
595 2903 703 2927 autem
727 2901 791 2926 tam
804 2891 864 2926 tibi
880 2917 891 2933 ,
916 2891 1014 2936 quam
1025 2902 1091 2925 om-

161 2942 259 2976 nibus
269 2954 384 2977 notum
397 2943 434 2976 fit
445 2967 456 2982 ,
483 2944 572 2985 quod
584 2953 698 2977 omnes
721 2942 924 2976 investituras
938 2943 1091 2976 Ecclesia-

161 3002 234 3025 rum
247 3015 259 3031 ,
283 3002 352 3034 quae
363 2993 395 3025 in
407 2993 550 3027 absentia
563 2994 669 3027 nostra
682 2994 769 3026 facia:
791 2994 864 3026 sunt
877 3016 887 3032 ‚
915 2991 1094 3027 authorita-

161 3052 194 3076 te
208 3041 347 3074 Domini
360 3040 496 3085 Papae&
509 3044 616 3077 nostra
629 3044 661 3076 in
674 3043 800 3076 irritum
822 3053 1009 3077 revocamus
1020 3067 1032 3083 ‚
1058 3043 1091 3076 ἂ

161 3091 224 3126 tibi
237 3090 461 3125 interdicimus
471 3116 482 3133 ,
501 3104 542 3127 ne
557 3092 778 3127 parochianos
791 3093 936 3128 Ecclefiae
947 3092 1093 3128 Cantua-

163 3140 275 3176 riensis
287 3151 342 3174 tua
358 3142 591 3177 communione
614 3143 819 3178 contamines
834 3166 841 3174 .
867 3143 910 3176 Et
922 3143 1054 3186 quidem
1080 3167 1093 3184 ,

164 3192 242 3226 Deo
259 3191 479 3235 propitiante,
505 3202 618 3226 contra
640 3193 890 3238 malignantium
910 3194 1091 3238 tergiversa-

164 3242 274 3279 tiones
284 3241 318 3275 ὅ(
328 3240 585 3284 appellationum
606 3242 805 3288 subterfugia
818 3269 829 3285 ,
854 3243 944 3278 Sedis
955 3243 1091 3286 Aposto-

165 3292 234 3325 licae
245 3291 427 3325 munimine
436 3292 499 3325 tuti
512 3293 619 3325 sumus
631 3315 641 3331 ‚
668 3292 869 3334 subjicientes
889 3294 922 3327 &
935 3293 1009 3327 illos
1020 3304 1095 3327 ana-

166 3339 326 3379 themati,
354 3341 409 3383 qui
421 3352 462 3375 ex
474 3341 637 3375 Mandato
647 3343 788 3377 Domini
802 3344 905 3388 Regis
916 3366 927 3383 ,
950 3354 1005 3378 aut
1019 3354 1097 3387 pro*

169 3391 236 3434 pria
256 3388 436 3424 temeritate
457 3391 564 3424 nostra
589 3392 636 3423 vel
651 3391 831 3427 nostrorum
853 3403 1094 3437 occupaverunt

170 3440 257 3476 bona
277 3462 287 3479 ,
322 3448 378 3473 aut
399 3440 433 3473 in
454 3440 720 3487 proscriptionem
746 3442 972 3480 innocentium
994 3467 1005 3486 ,
1040 3454 1097 3479 aut

265 3488 372 3531 christ.
383 3493 463 3535 Lupi
475 3494 572 3535 Opera
583 3493 659 3525 Tom.
675 3493 717 3526 X.

1220 996 1365 1031 nomina.
1373 996 1551 1032 denunciet
1561 998 1678 1033 vicinis
1688 998 1887 1043 Episcopis·:
1895 1009 1932 1035 ut
1942 1008 2080 1034 excom·

1139 1047 1312 1081 municatis
1324 1047 1432 1082 aditus
1457 1047 1697 1084 Ecclesiasticus
1706 1049 1829 1092 ubique
1841 1049 2058 1094 praecludatur
2067 1068 2082 1089 ,

1138 1098 1170 1132 &
1184 1097 1404 1132 excusationis
1414 1098 1508 1132 causa
1518 1098 1675 1133 omnibus
1696 1101 1876 1135 auferatur.
1907 1100 1999 1134 Nam
2023 1098 2083 1144 qui

1132 198 1307 238 pauperum
1330 188 1483 226 Ecclesia»
1492 190 1615 226 Christi
1626 195 1915 241 depopulationem
1928 223 1939 240 ,
1964 202 2067 236 confi‘-

1132 243 1208 284 liis,
1234 251 1291 276 aut
1310 239 1532 277 delationibus
1545 266 1557 283 ‚
1583 252 1640 277 aut
1662 244 1748 280 dolis
1769 250 1865 293 ipsius
1876 251 1982 297 Regis
1994 253 2070 286 ani-

1132 303 1224 328 mum
1245 291 1481 338 instigaverunt
1493 317 1505 324 .,
1543 292 1587 326 Et
1612 293 1690 326 item
1711 306 1766 329 eos
1788 321 1799 337 ,
1835 301 1890 345 qui
1914 302 2070 337 Nuncio,

1132 341 1275 377 Domini
1286 342 1424 387 Papae&
1435 342 1565 377 nostros
1577 366 1588 383 ‚
1614 354 1656 377 ne
1668 346 1901 387 prosequantur
1920 351 2070 387 Egelesta

1132 393 1330 428 neceffitates
1363 418 1377 434 ,
1402 393 1586 437 impediunt
1618 418 1624 425 .
1652 393 1924 439 Praecipimusque
1960 413 2016 437 ξος
2044 401 2072 435 Α

1132 443 1384 488 participatione
1393 443 1541 477 fidelium
1550 443 1710 479 abstinere
1721 469 1734 486 ,
1760 443 1866 480 donec
1876 447 2073 490 refipiscant,

1134 494 1169 529 δε
1179 492 1346 539 condigne
1358 490 1556 528 satisfaciant
1566 518 1575 526 .

1283 594 1315 628 E
1339 593 1368 629 ι»
1391 594 1410 629 1
1432 594 1455 628 s
1479 566 1517 628 T
1542 593 1577 628 o
1602 593 1633 628 L
1658 592 1693 628 A
1815 568 1927 631 Lxxss

1133 694 1266 729 Thomas
1274 693 1505 736 cantuariensis
1518 693 1606 727 Archi
1619 711 1630 718 -
1644 693 1812 737 Eplfhopus
1823 697 1954 730 Rosrodo
1962 696 2071 732 leotho-

1382 744 1513 791 magenfi
1531 743 1621 779 Archi
1630 761 1643 769 ·
1656 743 1820 789 Episcopo.

1164 890 1166 893 ’
1197 894 1456 931 ACRORUM
1484 896 1666 932 Canonum
1678 894 1876 933 authoritate
1886 899 2079 944 praecipitur,

1222 956 1258 985 ut
1270 945 1405 990 quilibet
1420 945 1598 991 Episcopus
1609 949 1975 984 excommunicatorum
1998 951 2078 983 suo·-

1138 1148 1238 1182 etiarn
1251 1147 1317 1182 illis
1330 1171 1343 1188 ,
1366 1148 1466 1190 quise
1477 1159 1724 1191 conqueruntur
1735 1148 1857 1193 injustd
1866 1148 1988 1196 ligatos
2001 1173 2012 1190 ,
2024 1160 2084 1183 an·

1140 1207 1171 1231 te
1193 1198 1363 1240 utriusque
1387 1197 1485 1241 partis
1508 1199 1625 1242 justam
1646 1200 1929 1234 examinationem
1948 1198 2084 1233 scienter

1140 1247 1456 1281 communicaverint
1467 1247 1500 1280 in
1514 1249 1666 1281 oratione
1676 1272 1689 1288 ‚
1698 1258 1756 1282 aut
1767 1248 1845 1282 cibo
1858 1250 1910 1283 vel
1922 1250 2016 1293 prin,
2025 1256 2084 1282 aut

1140 1295 1321 1335 oscu1o,ve1
1334 1296 1434 1328 etiam
1446 1300 1512 1328 Ave
1521 1295 1679 1335 dixerint,
1689 1306 1746 1330 aut
1757 1298 1914 1331 sermonis
1927 1307 2085 1332 commer-

1141 1345 1228 1378 cium
1240 1344 1448 1379 exercuerint
1459 1369 1470 1385 ‚
1498 1344 1557 1378 nifi
1586 1345 1644 1388 qui
1656 1345 1696 1379 ad
1709 1347 1956 1382 conversionem
1967 1345 2086 1382 debeat

1143 1395 1324 1437 pertinere,
1349 1394 1440 1438 juxta
1458 1395 1583 1428 sacram
1605 1395 1784 1431 Canonum
1798 1396 2048 1439 institutionem
2071 1420 2082 1438 ‚

1143 1445 1197 1478 cui
1208 1454 1248 1477 ex
1262 1445 1430 1487 proposito
1440 1445 1580 1486 impium
1593 1468 1605 1485 ,
1614 1445 1649 1478 &
1663 1445 1872 1488 pertinaciter
1881 1444 2086 1488 obviaoe‘ha-

1145 1494 1281 1528 retic‘um
1294 1493 1339 1527 est
1350 1518 1361 1534 ,
1388 1495 1729 1528 excommunicationi
1743 1495 1839 1530 simili
1854 1495 2065 1540 subjacebunt
2075 1513 2084 1530 a

1146 1545 1269 1577 Scienti
1283 1543 1550 1578 Constitutiones
1563 1544 1710 1578 Ecclesiae
1721 1544 1932 1590 loquimur&
1945 1546 2085 1590 tenenti,

1147 1595 1201 1637 qui
1224 1594 1331 1628 zelum
1359 1594 1442 1638 legis
1464 1593 1590 1628 habeus
1608 1594 1705 1629 docet
1716 1606 1792 1631 eum
1802 1597 1975 1642 praetimeri
1990 1621 2007 1639 ,a
2027 1596 2086 1641 qui

1146 1656 1263 1689 corpus
1273 1645 1307 1678 δε
1318 1645 1463 1678 animam
1475 1645 1579 1687 potest
1595 1645 1724 1680 mittere
1733 1647 1767 1680 in
1781 1646 1970 1692 gehennam
1983 1674 1991 1682 .
2011 1647 2087 1682 Nee
2104 1651 2109 1655 ”

1147 1694 1346 1734 diffidimus,
1373 1693 1676 1737 quin-Apostolicae
1697 1694 1790 1729 Sedis
1811 1698 1978 1739 Decreta,
2005 1708 2085 1741 quo*

1148 1755 1218 1778 rum
1239 1744 1502 1777 observationem
1525 1743 1562 1776 in
1585 1742 1651 1787 ipsa
1672 1745 1918 1781 consecratione
1936 1747 2089 1791 professio

1148 1792 1323 1827 Pontificis
1348 1793 1524 1835 exprimit,
1550 1792 1743 1828 secularium
1764 1795 1970 1832 Potestatum
1982 1796 2093 1842 praefo-

1148 1844 1224 1876 ratis
1234 1842 1348 1877 edistis
1359 1868 1366 1874 .
1394 1842 1468 1876 Nec
1481 1842 1660 1886 persuaderi
1676 1845 1782 1887 potest
1795 1871 1805 1887 ,
1820 1847 1909 1890 quod
1925 1846 2090 1883 humanus

1146 1891 1214 1927 dies
1227 1893 1434 1935 prudentiam
1453 1892 1629 1927 sanctitatis
1650 1894 1755 1928 vestrae
1766 1896 1861 1938 poffit
1883 1898 2051 1941 impellere
2076 1923 2089 1939 ‚

1147 1953 1184 1977 ut
1195 1943 1478 1985 contemplatione
1501 1943 1689 1986 cujusquam
1709 1945 1820 1979 damni
1845 1946 1897 1981 vel
1917 1948 2090 1982 commodi

1147 1992 1363 2031 imminentis,
1380 1992 1458 2025 velit
1470 2004 1545 2026 curn
1557 1994 1724 2037 aliquibus
1735 1997 1951 2034 criminosum
1964 1996 2088 2041 iniqui&

1146 2042 1222 2078 tatis
1235 2042 1316 2076 inire
1326 2043 1547 2077 consortium.
1577 2044 1928 2088 Audivimusautem,
1952 2048 1986 2081 δε
1999 2048 2088 2092 quasi

1146 2105 1271 2129 certum
1286 2103 1435 2128 tenemus
1446 2119 1456 2135 ,
1483 2095 1572 2140 quod
1585 2096 1868 2132 excommunicati
1883 2099 1997 2138 nostri,
2008 2096 2090 2142 quos

1145 2155 1187 2178 ex
1206 2146 1296 2187 justis
1316 2145 1349 2179 &
1372 2145 1550 2180 manifestis
1571 2147 1672 2181 causis
1707 2172 1719 2188 ,
1746 2159 1883 2197 urgente
1903 2149 2088 2183 neceffitate

1146 2195 1247 2228 officii
1260 2219 1271 2236 ‚
1285 2195 1319 2228 ἀ
1333 2195 1678 2237 persuadenteratione
1695 2197 1776 2241 juris
1788 2196 2091 2233 excommunicavi-

1092 2286 1096 2290 ,
1146 2254 1240 2283 mus,
1266 2243 1307 2277 ad
1325 2244 1532 2278 Provinciam
1546 2246 1682 2281 vestram
1695 2249 1880 2293 frequenter
1903 2249 2066 2283 accedunt
2079 2273 2086 2281 .

1148 2294 1255 2329 Unde
1266 2292 1459 2327 nostrum&
1480 2293 1620 2328 vestrum
1634 2306 1848 2339 prascaventes
1860 2293 2054 2341 periculu-'r'n'
2073 2323 2084 2339 ,

1146 2355 1203 2379 eos
1215 2341 1391 2378 secundum
1407 2343 1557 2378 Ecclefiae
1580 2355 1730 2380 normam
1743 2348 1934 2382 nominibus
1948 2350 2086 2392 propriis

1146 2394 1327 2429 curavimus
1345 2393 1508 2439 designare
1528 2420 1538 2434 ,
1568 2407 1609 2429 ne
1631 2408 1746 2430 eorum
1767 2398 2018 2440 participatione
2042 2399 2088 2432 la-

1148 2445 1222 2479 bem
1248 2444 1470 2478 damnationis
1491 2445 1662 2479 comrnifl‘a
1684 2444 1779 2478 vobis
1804 2445 1945 2479 Ecclesia
1957 2437 2087 2481 contra·K

1149 2494 1206 2529 hat
1221 2519 1228 2526 .
1259 2495 1459 2529 Haecautem
1481 2496 1555 2527 ssmt
1576 2505 1688 2528 eorum
1712 2496 1872 2529 nomina:
1901 2495 2086 2532 Gilebertus

1150 2544 1391 2579 Londonienfis
1416 2544 1619 2586 Episcopus,
1646 2546 1707 2578 &c-
1732 2546 1981 2581 Denunciamus
2006 2559 2086 2593 ergo

1151 2595 1242 2629 vobis
1263 2607 1303 2629 ex
1316 2605 1403 2639 parte
1427 2594 1566 2627 Domini
1581 2593 1718 2638 Papae&
1732 2596 1839 2633 nostra
1854 2622 1864 2637 ,
1882 2605 2050 2640 'quatenus
2075 2624 2086 2638 ‚

1152 2657 1245 2689 prout
1268 2646 1446 2680 Canonum
1470 2645 1602 2677 censura
1624 2646 1799 2688 praescribit
1814 2648 2087 2687 ,ςοοείῖυάὶοΐιὺς

1150 2697 1275 2730 evitetis
1289 2720 1298 2734 ,
1325 2695 1359 2727 ἀ
1382 2704 1436 2736 per
1457 2694 1665 2728 Provinciam
1678 2695 1815 2730 vestram
1828 2696 2087 2732 denunciatione

1151 2746 1279 2789 publica
1301 2744 1426 2778 faciatis
1452 2745 1604 2779 acune'tis
1626 2745 1777 2780 fidelibus
1794 2747 1930 2781 evitari.
1957 2747 2087 2782 Sunt&

1152 2796 1206 2830 alii
1221 2794 1540 2829 solemnitercitatia
1556 2794 1674 2837 nobis,
1700 2807 1784 2838 quos
1804 2797 1942 2832 authore
1963 2796 2084 2842 Deoin

1151 2846 1204 2880 die
1227 2844 1412 2878 Dominicae
1432 2843 1665 2880 Adscenfionis
1685 2849 2050 2883 excommunicabimm
2075 2873 2087 2890 ,

1154 2896 1209 2929 nili
1224 2895 1353 2929 interim
1365 2894 1533 2939 condigne
1545 2895 1726 2931 satisfacere
1736 2901 1924 2933 curaverint
1936 2898 2083 2933 Ecclesia

1152 2945 1241 2984 Dei,
1269 2955 1368 2988 quam
1383 2945 1526 2979 laeserunt
1539 2969 1550 2986 ,
1575 2946 1608 2980 δε
1620 2947 1734 2981 nobis:
1747 2945 1930 2983 Gaufredus
1942 2949 2086 2982 Cantua-

1152 2996 1260 3029 riensis
1307 2993 1413 3029 Archi
1426 2995 1627 3030 -Diaconus
1663 3022 1673 3038 ‚
1723 2997 1889 3032 Robertus
1935 2997 2087 3033 Vicarius

1151 3046 1220 3088 ejus
1233 3070 1243 3086 ,
1270 3043 1455 3079 Richardus
1466 3043 1506 3079 de
1518 3045 1718 3080 VVelcestre
1731 3071 1741 3086 ,
1768 3047 1954 3082 Richardus
1964 3049 2006 3083 'de
2021 3049 2085 3082 Lu·

1151 3097 1183 3130 ci
1204 3120 1216 3136 ,
1242 3093 1353 3129 Adam
1371 3095 1411 3128 de
1433 3095 1609 3140 Cheringis
1644 3118 1656 3135 ,
1693 3096 1917 3133 VVilhelmus
1938 3098 2081 3132 Giffard.

1153 3145 1220 3180 Eos
1230 3155 1361 3188 quoque
1377 3145 1472 3180 simili
1494 3145 1651 3180 sententia
1671 3147 1966 3182 condemnavimus
1985 3149 2016 3180 ἀ
2029 3158 2082 3180 ex-

1152 3195 1488 3236 communicavimus,
1515 3196 1571 3238 qui
1583 3196 1672 3230 bona
1684 3198 1923 3242 Cantuayienfis
1936 3196 2081 3230 Ecclesia

1152 3247 1186 3280 δ(
1199 3245 1401 3280 clericorum
1415 3245 1599 3280 nostrorum
1620 3247 1682 3280 five
1702 3258 1743 3281 ex
1754 3248 1918 3282 Mandato
1940 3246 2084 3280 Domini

1155 3295 1280 3341 Regis,
1306 3295 1370 3329 sive
1391 3307 1431 3329 ex
1454 3296 1581 3339 propria
1604 3298 1785 3331 temeritate
1807 3306 2046 3340 occupaverunt
2073 3319 2083 3335 ‚

1153 3355 1209 3380 aut
1221 3347 1277 3389 qui
1297 3346 1330 3379 in
1345 3345 1609 3388 proscriptionem
1633 3345 1863 3380 Innocentium
1876 3371 1886 3387 ‚
1912 3357 1968 3381 aut
1984 3346 2085 3390 clepo-

1158 3395 1358 3440 pulationem
1390 3405 1564 3438 pauperum
1598 3396 1745 3429 Ecclesiae
1783 3395 1904 3429 Christi
1928 3396 2082 3441 malignis

1158 3445 1300 3482 consiliis
1320 3445 1353 3479 δε
1374 3444 1594 3481 delationibus
1610 3469 1620 3484 ‚
1647 3446 1681 3478 ἀς
1705 3446 1850 3480 versutiis
1860 3446 2000 3490 ejusdem
2013 3447 2084 3481 Do-

1614 3494 1641 3528 A
1658 3507 1674 3528 a
1727 3506 1747 3530 2
1949 3496 2033 3530 mini
