2358 3776
349 114 451 174 284

901 164 907 181 ξ

412 215 827 279 misi-oti
910 238 1083 276 var.

297 347 426 382 Thomas
451 343 671 386 Cantuaerlenfis
699 339 790 376 Archi
804 335 992 382 ‘Episcopus
1011 338 1126 375 alberto
1150 343 1204 376 ἂν
1232 324 1234 327 >

515 394 682 429 Theobaldo
707 389 925 425 cardinalibus
936 415 943 422 .

348 493 564 532 CCLESIAE
591 489 1042 527 molestias&innocentium
1064 491 1210 525 afflifflo-

373 558 451 586 nes,
479 543 621 577 miserias
633 553 769 582 eorum,
796 539 854 584 qui
865 539 971 573 zelum
988 539 1052 574 Dei
1064 538 1207 582 habent,

262 597 355 633 tanto
367 596 460 631 vobis
471 592 650 628 acerbiores
660 593 723 626 esse
746 602 815 625 non
838 589 1026 624 dubitamus
1039 614 1049 630 ,
1082 592 1208 634 quantd

261 659 322 682 vos
333 658 391 691 pro
404 654 493 680 certo
503 642 655 677 novimus
666 640 823 676 institutis
846 639 1048 682 Apostolicis
1071 640 1207 675 familia-

260 698 327 733 rius
336 698 370 732 δε
382 692 688 731 dulciusadhaerere.
718 692 760 726 Et
772 687 905 734 quidem
919 689 1058 724 Ecclesia
1071 690 1136 724 Dei
1150 691 1209 726 ssa·

261 759 298 782 re
307 758 374 781 non
386 746 503 790 poterit
516 769 526 785 ‚
552 744 575 777 si
587 743 621 776 in
633 742 757 777 ruinam
771 740 840 783 ejus
856 741 948 783 proni
963 740 1037 773 sunt
1050 765 1060 782 ,
1086 741 1207 785 quibus

261 796 428 831 incumbit
439 795 526 829 illius
540 804 707 838 procurare
719 791 851 825 salutem
864 814 872 822 .
898 791 932 824 Si
953 790 1043 824 enim
1068 792 1206 834 pastores

262 857 375 884 amore
394 856 451 880 aut
469 844 572 885 odio,
592 841 772 887 cupiditate
793 849 849 875 aut
871 840 1043 885 neglectu,
1069 842 1124 884 spe
1150 852 1204 875 aut

257 906 352 932 metu
363 894 594 940 temporalium
608 918 618 934 ‚
645 894 755 927 locum
770 891 863 924 suum
887 890 1034 924 deserant
1045 915 1057 931 ,
1083 902 1140 925 aut
1161 893 1201 925 vi·

257 947 313 981 tiis
322 946 440 982 cedant
449 968 460 985 ,
485 945 579 980 restat
594 955 628 978 ut
639 953 753 977 eorum
766 940 996 975 candelabrum
1010 952 1179 976 moveatur
1194 966 1204 982 ,

256 996 292 1031 δε
302 998 426 1041 populo
438 997 518 1030 fiant
531 996 565 1028 in
580 994 732 1037 laqueum
755 991 788 1026 &
802 992 947 1025 ruinam.
977 990 1083 1026 Unde
1093 999 1129 1025 ut
1150 1001 1204 1025 co-

254 1056 324 1080 ram
335 1047 412 1081 Deo
425 1046 618 1088 loquamur,
645 1053 742 1085 quem
753 1041 894 1085 judicem
905 1042 1123 1084 exspectamus
1134 1065 1145 1082 ,
1168 1041 1202 1075 ἀ

255 1096 453 1130 invocamus
465 1106 502 1128 ut
514 1095 635 1138 judicet
651 1093 779 1127 causam
792 1092 881 1126 suam
892 1115 903 1131 ,
929 1092 1004 1125 licet
1015 1092 1202 1126 Dominum

255 1146 405 1180 nostrum
417 1146 542 1190 Regem
557 1143 688 1188 Angliae
709 1141 885 1187 plurimum
908 1142 1116 1176 dilexerimus
1128 1165 1139 1181 ‚
1167 1143 1201 1176 &

253 1207 297 1231 ex
307 1197 386 1231 totis
403 1195 527 1230 viribus
537 1194 615 1229 ante
628 1194 815 1238 impositum
827 1192 1056 1228 Sacerdotium
1079 1192 1119 1226 ad
1137 1203 1201 1225 nu·-

255 1255 329 1281 tum
344 1246 565 1284 servierimus,
592 1245 657 1277 sine
668 1243 867 1278 conscientia
889 1242 1164 1276 tamen-criminis
1190 1267 1202 1281 ,

253 1307 296 1331 ex
311 1296 374 1331 hoc
389 1298 419 1330 ei
434 1297 467 1328 in
482 1295 634 1337 injuriam
647 1293 755 1326 Dei&
777 1293 1066 1326 conculcationem
1093 1291 1200 1324 Eccle-

253 1346 305 1379 siae
317 1347 466 1381 nolentes
476 1344 678 1383 consentire,
707 1352 764 1384 pro
779 1343 854 1376 Deo
866 1352 927 1375 nos
951 1341 1163 1384 opposuimus
1190 1364 1200 1381 ,

252 1397 413 1432 malentes
440 1395 543 1437 ipsum
564 1390 763 1427 offendendo
789 1402 940 1425 revocare
966 1390 1006 1424 ad
1035 1392 1165 1426 veniam
1190 1414 1200 1430 ‚

250 1445 350 1490 quam
376 1443 542 1476 adulando
568 1442 763 1484 praecipitare
790 1440 823 1473 in
850 1439 1035 1483 gehennam
1060 1463 1067 1470 .
1094 1440 1200 1474 Causa

251 1505 351 1540 quam
363 1503 478 1527 contra
491 1501 551 1524 nos
561 1499 690 1524 exercet
704 1513 715 1530 ,
739 1490 822 1523 inter
833 1489 938 1531 ipsum
951 1489 985 1522 &
1002 1488 1119 1522 >Deum
1131 1490 1176 1522 est
1191 1511 1202 1528 ,

252 1545 330 1591 quia
342 1554 401 1577 nos
418 1540 504 1576 nihil
515 1540 604 1574 aliud
617 1539 708 1574 abeo
729 1541 901 1582 quaerimus
912 1561 923 1577 ,
949 1537 1008 1571 nisi
1027 1538 1116 1581 quod
1141 1538 1203 1573 Ec-

253 1595 352 1631 clesia:
362 1594 551 1628 suaeaeterno
561 1590 758 1623 testamento
771 1599 828 1630 pro
839 1598 876 1622 ea
888 1589 922 1621 in
947 1588 1089 1630 suscepta
1106 1599 1202 1622 carne

249 1643 448 1681 immortalis
481 1641 612 1684 reliquit
624 1642 715 1674 Deus
728 1663 735 1670 .
762 1638 799 1671 ln
813 1638 878 1672 fide
898 1638 1019 1682 ergo&
1044 1637 1203 1673 charitate

254 1695 379 1730 Christi
392 1718 404 1735 ,
430 1694 500 1736 ipso
520 1690 600 1725 teste
612 1688 744 1723 Christo
756 1712 767 1728 ,
793 1688 1012 1730 supplicamus
1023 1687 1116 1722 vobis
1128 1712 1139 1729 ,
1166 1698 1202 1723 ut

251 1744 417 1789 exurgatis
425 1740 594 1775 nobiscum
609 1739 644 1772 in
669 1737 828 1771 auxilium
842 1737 986 1770 Ecclefiae
1013 1739 1203 1782 naufragan-

250 1796 295 1831 tis
306 1819 318 1836 ,
343 1794 378 1828 &
388 1791 587 1826 authoritate
605 1812 616 1829 ,
642 1787 676 1821 &
689 1786 861 1831 prudentia
874 1785 966 1820 vobis
974 1786 1094 1820 collata
1105 1798 1201 1821 occu·

251 1846 315 1881 rite
323 1842 455 1882 homini
468 1839 558 1879 huic,
571 1839 624 1872 cui
638 1838 805 1871 nullorum
819 1837 1017 1871 successuum
1032 1832 1127 1881 copia
1142 1834 1201 1870 sus-

253 1895 326 1930 ficit
341 1919 353 1935 ,
378 1893 402 1926 si
416 1889 558 1925 Ecclesia
573 1888 638 1922 Dei
662 1886 782 1932 gaudet
792 1885 941 1921 libertate
952 1910 959 1918 .
988 1886 1021 1920 Si
1034 1886 1129 1921 nobis
1147 1896 1201 1921 aut

251 1944 371 1981 nostris
381 1952 450 1976 non
471 1938 624 1979 creditis,
651 1938 850 1981 interrogate
873 1935 1070 1970 demoribus
1096 1936 1204 1970 homi-

250 1996 305 2031 nis
316 1993 521 2029 Gallicanam
534 2014 546 2030 ‚
573 1989 607 2023 &
623 1986 853 2021 Turonensem
865 1985 1044 2019 Ecclesiam
1064 1985 1204 2028 Aquita·

251 2057 316 2082 nos
328 2054 459 2090 quoque
471 2041 504 2075 &
516 2040 722 2074 Nortmanos
731 2062 742 2078 ,
770 2037 803 2070 ἀ
814 2034 1007 2079 Romipetas
1024 2034 1066 2069 de
1080 2034 1202 2079 Regno

251 2095 445 2141 Anglorum
457 2089 680 2130 confluentes,
709 2088 743 2122 ἀ
757 2084 899 2130 profecto
909 2097 979 2119 non
992 2087 1054 2120 erit
1066 2083 1201 2130 aliquid,

250 2145 288 2180 in
300 2157 368 2191 quo
376 2143 418 2178 de
429 2140 605 2177 sinceritate
616 2139 718 2174 causae
732 2136 846 2171 nostra:
858 2136 983 2180 poffitis
1003 2134 1167 2180 ambigere
1192 2160 1202 2176 ,

248 2196 310 2231 nisi
323 2198 437 2239 sponte
451 2189 739 2227 obtenebraveritis
764 2187 902 2225 oculos,
928 2186 1072 2229 nequod
1094 2194 1201 2219 verum

251 2247 320 2287 est,
338 2241 598 2279 valeamintueri
611 2266 618 2272 .
646 2238 860 2273 confidimus
871 2236 906 2270 in
919 2235 1014 2269 vobis
1035 2234 1200 2268 abundan-

250 2295 340 2336 tius,
367 2293 537 2338 praesertim
551 2292 586 2323 in
603 2290 696 2323 causa
712 2288 803 2325 Dei,
829 2284 916 2318 &ad
935 2283 1076 2317 vestrum
1098 2294 1202 2327 prom-

250 2346 301 2391 pti
313 2346 421 2379 sumus
431 2339 624 2384 obsequium
639 2362 647 2369 .
674 2337 716 2370 Et
725 2334 816 2379 quod
828 2344 889 2368 nos
911 2344 979 2368 non
997 2335 1163 2384 possumus
1191 2357 1202 2374 ‚

252 2393 415 2440 supplebit
425 2392 541 2428 Deus,
567 2387 761 2426 remetiens,
785 2385 820 2419 in
843 2395 907 2427 qua
931 2384 1078 2418 mensura
1101 2383 1200 2417 mensi

249 2445 398 2484 fueritis,
426 2439 519 2475 vobis
531 2462 538 2470 .
569 2439 622 2472 De
638 2435 735 2470 nobis
744 2444 852 2468 autem
864 2444 922 2478 pro
937 2443 1027 2468 certo
1050 2443 1161 2468 tenete
1185 2458 1196 2476 ,

252 2499 330 2541 quia
342 2492 441 2529 satius
452 2490 601 2526 ducimus
623 2495 761 2520 mort-ern
775 2484 936 2519 incurrere
950 2483 1163 2526 temporalem
1190 2507 1202 2524 ,

251 2546 351 2590 quam
373 2538 547 2588 promereri
567 2547 718 2571 aeternam
731 2559 742 2576 ,
767 2535 802 2569 ὅ(
816 2544 975 2568 extremas
988 2545 1046 2577 pro
1065 2532 1197 2568 Christo

252 2596 359 2630 subire
380 2594 523 2628 miserias
533 2615 543 2630 ,
580 2587 677 2631 quam
701 2586 823 2620 miserae
845 2584 1006 2618 servitutis
1038 2584 1202 2628 angustias

253 2654 442 2691 perpetuare
451 2667 458 2674 .
489 2640 580 2673 Nam
593 2636 687 2677 huius
699 2634 924 2669 controversiae
934 2633 1041 2668 exitus
1057 2633 1200 2668 trahetur

254 2695 296 2730 ad
308 2690 576 2736 consequentiam
591 2696 773 2729 temporum
786 2685 967 2718 futurorum
980 2706 989 2722 ,
1017 2695 1052 2718 ut
1063 2694 1119 2719 aut
1135 2695 1203 2728 per·

254 2744 361 2790 petuis
375 2768 385 2784 ,
408 2740 498 2786 quod
521 2736 599 2772 abfit
610 2761 621 2777 ,
647 2736 798 2769 aerumnis
826 2735 934 2779 lugeat
960 2733 1100 2768 Ecclesia
1110 2756 1122 2774 ‚
1147 2744 1202 2768 aut

256 2793 394 2840 perenni
414 2790 556 2837 gaudeat
568 2786 734 2821 libertate.
759 2785 832 2818 Nec
846 2784 923 2818 esset
940 2783 1128 2818 Cardinalis
1151 2785 1200 2818 vel

258 2843 448 2888 cujusquam
462 2838 606 2874 hominis
619 2835 808 2871 necessarius
819 2835 1021 2868 interventus
1039 2833 1134 2869 nobis
1145 2845 1201 2870 aut

259 2893 402 2932 nostris,
427 2888 548 2934 srRegi
560 2886 601 2921 ab
622 2885 721 2919 initio
743 2884 951 2918 voluissemus
973 2884 1007 2918 in
1021 2883 1090 2926 his,
1123 2895 1202 2928 quas

259 2943 348 2989 apud
360 2940 602 2976 clarendunam
623 2935 755 2974 statuit,
782 2946 850 2968 non
873 2934 1163 2968 consuetudinibus
1191 2958 1201 2975 ,

259 2995 315 3030 sed
338 2989 548 3037 pravitatibus
570 2984 774 3024 consentire,
800 2984 834 3017 &
853 2983 970 3026 absque
990 2984 1055 3025 ulla
1076 2983 1202 3019 ordinis

260 3044 364 3080 nostri
375 3041 551 3076 salvatione
563 3035 704 3080 apposita
715 3033 905 3078 simpliciter
917 3034 950 3067 ὃ(
973 3034 1120 3068 absolute
1134 3034 1202 3068 sul>

261 3093 410 3129 scribere.
439 3087 675 3134 Ergosiillein
690 3084 790 3119 tantis
813 3083 1039 3127 iniquitatibus
1063 3086 1202 3118 statuen—

260 3144 311 3179 dis
320 3169 330 3185 ‚
356 3143 509 3177 Romana
521 3137 662 3172 Ecclesia
673 3134 899 3170 consentiente
908 3135 970 3167 autf
986 3133 1202 3168 dissimulante

262 3192 483 3239 praevaluerit‚
509 3188 581 3235 quis
592 3197 704 3222 contra
715 3196 791 3219 eum
811 3181 941 3218 audebit
958 3183 1074 3217 mutire
1085 3185 1126 3218 de
1138 3195 1200 3217 cae-

261 3253 332 3279 tero
344 3244 360 3276 .2
388 3242 473 3290 Qis
484 3239 525 3275 de
537 3249 636 3273 manu
649 3235 811 3269 haeredum
833 3234 1000 3271 excutiet,
1024 3234 1113 3276 quod
1133 3242 1199 3266 tan-

264 3302 297 3326 ta
309 3305 375 3327 non
389 3293 507 3327 virtute
520 3314 531 3331 ,
557 3288 609 3323 sed
619 3285 791 3330 pertinacia
812 3283 907 3318 Pater
919 3280 1088 3318 obtibuit?
1114 3283 1199 3328 Qis

264 3342 347 3376 alios
356 3341 521 3385 Principes
533 3364 542 3380 ,
569 3337 656 3381 aeque
671 3335 797 3369 nobiles
809 3334 843 3367 &
860 3344 1008 3375 potentes
1019 3357 1029 3373 ,
1056 3331 1200 3376 prohibe-

268 3392 315 3426 bit
329 3391 444 3424 similia
469 3388 661 3425 vendicare?
687 3385 853 3419 Malorum
874 3384 962 3416 enim
981 3382 1128 3426 exempla
1150 3383 1199 3416 ci—

265 3443 330 3476 tius
341 3441 507 3485 rapiuntur
522 3464 530 3480 ,
557 3440 588 3473 3<
601 3436 717 3483 posteri
739 3433 855 3470 relistis
873 3432 1033 3477 majorum
1056 3434 1142 3468 vitiis
1154 3445 1195 3468 ra-

977 95 1521 154 EPISTOLAE

1269 188 1386 224 riffime
1396 189 1436 225 ad
1447 189 1601 225 exercitia
1614 189 1742 226 virtutis
1754 188 1939 237 assurguntss
1964 191 2000 230 Si
2012 192 2103 232 vestri
2119 191 2219 233 labo-‘⁴

1271 239 1468 275 tis&nostri
1482 242 1602 275 fruetus
1611 241 1679 281 est,
1706 251 1742 275 ut
1753 240 1920 286 Principes
1942 241 2111 282 Ecclesiam
2135 248 2208 283 sub·

1270 288 1380 332 jiciant
1392 291 1555 344 servitutis,
1582 292 1868 326 &nosconteraut
1881 315 1892 333 ,
1918 291 1995 335 quia
2016 294 2205 332 musianus

1271 340 1372 376 zelare
1383 340 1488 386 legem
1511 341 1600 382 Dei,
1629 342 1683 375 visi
1706 341 1805 376 eriam
1828 341 2018 386 protestari,
2043 342 2077 376 ἀ
2100 355 2140 379 ex
2159 348 2212 382 ad.

1263 393 1361 425 verso
1377 391 1571 426 adscendere
1593 403 1651 435 pro
1662 391 1764 425 domo
1778 391 1871 426 Israel
1885 416 1896 433 ,
1923 402 2011 427 rarus
2035 389 2213 432 admodum

1273 441 1321 473 vel
1333 441 1442 476 nullus
1453 443 1492 475 de
1502 452 1616 476 caetero
1628 442 1707 483 erit,
1734 443 1789 485 qui
1803 453 1871 476 non
1897 443 2048 487 sequatur
2069 444 2218 480 omnilffi'

1261 489 1461 534 ¹Principum
1484 493 1687 527 voluntatem
1708 517 1718 533 ,
1747 493 1804 535 qui
1829 489 1992 527 Romanae
2013 492 2162 527 Ecclefiae
2185 491 2223 528 ἤι’

1271 539 1345 574 dem
1359 542 1460 575 servet
1476 547 1498 583 ,·
1511 543 1567 587 Qui
1590 542 1732 576 Decreta
1756 541 1848 577 Sedis
1860 541 2058 587 Apostolicae
2068 549 2227 578 reverea·'v

1271 599 1343 632 tur,
1369 591 1426 633 qui
1447 592 1573 627 Summi
1597 592 1773 627 Pontificis
1799 591 1963 628 mandatis
1978 591 2135 634 obediat,
2160 584 2219 637 qul

1272 650 1339 674 non
1361 639 1459 683 ipsam
1483 643 1548 677 Dei
1572 644 1696 688 Legem
1718 653 1913 678 contemnat
1941 667 1952 684 ‚
1978 653 2015 677 ut
2035 642 2179 677 fabulam
2205 666 2227 690 ⁸„

1270 698 1305 724 ut
1316 688 1408 724 verba
1419 691 1482 725 fine
1493 693 1626 727 veritate
1635 692 1669 726 &
1681 693 1784 727 fructu
1799 716 1807 725 .
1833 692 1974 728 Causam
1983 693 2095 738 itaque
2106 691 2226 740 Eccleff

1269 741 1317 774 fiae
1338 740 1429 775 vobis
1456 742 1634 784 specialiter
1654 742 1915 784 committimus,
1941 753 2025 788 quos
2044 743 2218 778 columnas

1273 790 1418 824 Ecclefiae
1429 790 1557 828 stabiles
1578 794 1642 828 esse
1665 793 1882 835 confidimus.
1906 792 1961 829 Ad
1986 804 2100 829 eorum
2127 793 2218 827 enim

1270 841 1388 874 auxilia
1400 841 1434 874 in
1447 843 1627 878 necessitate
1639 842 1865 878 recurrendum
1877 842 1923 878 est
1939 867 1950 884 ,
1976 845 2033 887 qui
2049 844 2086 879 ἁ
2095 842 2220 878 autho·

1269 893 1394 924 ritatem
1404 890 1574 934 justitiae&
1592 894 1794 928 voluntatem
1807 894 2021 929 miserationis
2040 891 2216 936 implendae

1260 942 1285 975 a
1297 941 1450 976 Domino
1462 952 1656 987 acceperunt
1666 967 1673 975 .
1700 943 1772 976 Nec
1784 942 1932 988 ignorare
1945 954 2003 978 vos
2011 943 2173 978 credimus
2198 966 2211 984 ,

1268 992 1427 1034 quoniam
1437 1002 1551 1027 eorum
1564 1017 1575 1034 ,
1601 1003 1674 1036 quae
1694 998 1810 1026 contra
1832 991 1945 1027 Deum
1966 994 2017 1028 vel
2030 991 2212 1028 secundum

1268 1041 1377 1075 Deum
1390 1042 1531 1076 feceritis
1543 1066 1554 1083 ,
1579 1042 1761 1076 mensuram
1773 1041 1894 1076 bonam
1908 1065 1920 1081 ,
1945 1043 1980 1076 δε
2003 1045 2214 1086 confertam„

1266 1090 1299 1125 ἀ
1320 1091 1544 1134 coagitatam,
1581 1093 1615 1126 ὃς
1641 1089 1920 1135 supereffluentem
1943 1090 2218 1136 refundetjussns

1266 1140 1366 1185 judex
1378 1141 1410 1175 in
1427 1141 1512 1176 sinus
1525 1142 1644 1176 vestros
1656 1166 1665 1175 .
1691 1141 1819 1175 Arnen.
2159 1151 2161 1155 ’
2200 1173 2224 1199 ⁸

1416 1241 1445 1276 E
1472 1241 1499 1275 Ρ
1524 1242 1540 1275 1
1567 1242 1652 1287 ssr
1679 1243 1713 1276 O
1740 1241 1769 1276 L
1797 1240 1827 1276 A
1931 1240 2110 1277 Lxxvu.

1267 1341 1386 1375 Thomae
1411 1338 1620 1381 Camuarienfi
1651 1338 1920 1384 Archi-Episcopo
1959 1336 2225 1389 Gratianuskeq‘

1477 1401 1577 1424 manae
1604 1391 1740 1431 Ecrlefiae
1767 1391 1972 1428 Subdlaconus
1987 1417 1995 1425 .
2209 1390 2224 1395 ”

1364 1484 1475 1524 UOD
1502 1487 1543 1523 de
1565 1499 1637 1522 mea
1651 1488 1855 1528 sinceritate,
1881 1488 1964 1523 sicut
1984 1499 2026 1523 ex
2050 1485 2221 1525 litteris&

1268 1489 1530 1623 Qunciis
1548 1538 1659 1572 vestris
1683 1538 1860 1584 intelligo,
1884 1537 2103 1574 indubitatam
2128 1536 2225 1584 spemss‘

1433 1588 1589 1622 fiduciam
1601 1588 1717 1623 tenetis
1729 1613 1739 1629 ,
1766 1598 1895 1633 gratnm
1909 1587 2015 1624 habeo
2031 1588 2138 1624 modis
2148 1599 2216 1626 orn·

1267 1638 1408 1674 nibus&
1434 1648 1627 1682 acceptum,
1654 1639 1825 1682 vestraque
1852 1637 2065 1675 Paternitatis
2085 1649 2127 1673 ex
2150 1636 2221 1673 hoe*

1267 1690 1339 1733 ipso
1350 1690 1506 1724 devotior
1524 1700 1561 1723 ac
1576 1689 1705 1723 fidelior
1717 1690 1887 1732 persevero
1906 1713 1913 1721 .
1938 1688 1977 1723 In
1990 1688 2156 1734 proposito
2181 1684 2225 1722 ss?

1266 1739 1399 1783 quidem
1424 1750 1501 1773 meae
1522 1737 1563 1773 ad
1585 1749 1641 1772 vos
1652 1739 1842 1773 devotionis
1865 1750 1904 1773 ac
1916 1738 1994 1773 fidei
2007 1762 2020 1779 ,
2045 1739 2079 1773 δε
2102 1736 2223 1773 caussae²

1265 1789 1372 1821 vestra:
1393 1788 1580 1822 defensione
1604 1787 1767 1822 constanti
1792 1788 1912 1822 eaedem
1939 1811 1950 1828 ,
1976 1798 2048 1830 quae
2073 1788 2217 1821 induxe-

1265 1845 1340 1871 runt
1361 1861 1372 1879 ,
1399 1838 1510 1871 cauffae
1535 1847 1589 1871 me
1611 1836 1776 1870 recinent.-
1803 1837 1903 1871 timor
1924 1834 2077 1871 videlicet
2111 1837 2176 1871 Dei
2204 1860 2216 1878 ,

1264 1899 1356 1922 amor
1377 1885 1506 1922 honesti
1519 1911 1530 1927 ,
1557 1886 1643 1921 melus
1663 1887 1694 1920 ὅ(
1708 1887 1815 1920 fervor
1833 1886 2060 1922 Ecclesiasticus
2085 1884 2216 1922 liberta-

1267 1939 1324 1970 tis.
1356 1936 1498 1971 Accedit
1510 1935 1552 1970 ad
1565 1935 1633 1970 haec
1646 1937 1787 1979 personae
1801 1936 1909 1970 vestra
1918 1936 2019 1971 virtus
2028 1937 2062 1971 &
2087 1938 2191 1982 gratia
2204 1961 2215 1978 ‚

1268 1996 1401 2027 quaeme
1413 1985 1524 2029 jamin
1537 1995 1578 2019 eo
1589 2010 1599 2025 ‚
1626 1983 1715 2028 quod
1729 1985 1804 2020 ante
1815 1985 2027 2029 probaveram
2042 2011 2052 2026 ,
2079 1985 2214 2021 stimulo

1266 2035 1410 2080 quodam
1423 2034 1654 2070 sollicitudinis
1666 2046 1758 2079 urget
1780 2035 1896 2070 arelius
1907 2035 1939 2071 dr
1954 2036 2086 2081 instigat
2100 2062 2111 2077 ,
2137 2047 2214 2071 con-

1266 2085 1471 2120 currentibus
1492 2085 1533 2120 ad
1551 2086 1642 2119 idem
1666 2086 1700 2119 &
1721 2085 1848 2119 virtutis
1871 2085 1979 2119 studio
1993 2109 2005 2126 ,
2039 2086 2074 2120 δε
2091 2086 2212 2122 amoris

1264 2147 1301 2169 ac
1324 2135 1504 2180 diligentiae
1541 2135 1650 2169 filialis
1669 2135 1802 2170 officio.
1834 2134 2004 2170 Co‘nfidite
2029 2136 2131 2181 igitur
2169 2136 2212 2171 de

1263 2197 1335 2226 me,
1363 2185 1443 2220 ficut
1465 2185 1596 2226 facitis,
1623 2186 1657 2219 &
1682 2186 1821 2228 sperate,
1847 2185 1925 2230 quia
1950 2187 2020 2229 spes
2045 2186 2104 2220 ista
2131 2197 2213 2228 vos,

1264 2235 1340 2270 Deo
1367 2236 1512 2280 propitio
1534 2260 1545 2276 ‚
1582 2246 1640 2270 nec
1659 2234 1840 2275 frustrabit,
1879 2245 1941 2269 nec
1963 2246 2036 2269 mea
2061 2235 2211 2280 unquam

1263 2285 1407 2319 fidesaut
1432 2286 1618 2320 charitasin
1643 2284 1748 2320 vestro
1771 2284 1893 2329 poterit
1919 2284 2126 2370 refrigtffiere
2156 2297 2213 2321 ne·

1262 2334 1356 2379 gotio
1379 2334 1430 2368 vel
1453 2347 1559 2378 repere
1574 2360 1581 2367 .
1614 2334 1703 2369 Puto
1723 2345 1832 2369 autern
1854 2333 1942 2379 quod
1965 2335 2000 2369 ἀ
2080 2337 2147 2379 ipsa
2174 2336 2213 2371 fi-

1261 2383 1335 2419 dem
1355 2385 1455 2419 faciet
1477 2383 1548 2425 his,
1574 2386 1730 2428 quaedico
1747 2410 1758 2425 ‚
1783 2385 1817 2418 δε
1838 2385 1874 2418 in
1900 2382 1996 2427 hujus
2008 2387 2053 2419 rei
2067 2385 2213 2430 testimo-

1264 2434 1355 2469 nium
1377 2445 1452 2469 cum
1476 2434 1592 2469 amicis
1613 2434 1722 2468 vestris
1743 2433 1870 2467 inimici
1894 2433 2091 2467 convenient
2120 2459 2128 2467 .
2166 2434 2212 2470 Et

1263 2484 1395 2528 quidem
1418 2484 1452 2518 in
1473 2483 1536 2518 hoc
1559 2507 1571 2525 ,
1614 2484 1635 2517 si
1657 2483 1789 2516 veniflet
1815 2480 1942 2523 homo,
1974 2493 2089 2518 contra
2112 2493 2210 2528 quem

1265 2533 1477 2568 devotionem
1500 2545 1608 2568 meam
1641 2532 1830 2567 sollicitudo
1851 2532 1952 2566 vestra
1978 2534 2172 2575 praemonuit
2197 2558 2209 2574 ,

1264 2596 1332 2619 non
1350 2583 1547 2619 discordaret
1566 2584 1715 2617 acaeteris
1737 2582 1880 2625 ejusdem
1903 2582 2036 2616 malitias
2055 2583 2212 2618 satelliti-·

1263 2634 1343 2675 bus,
1370 2635 1403 2668 ὃ(
1426 2633 1628 2676 praeambulis
1646 2633 1727 2666 Anti
1746 2629 1907 2666 -Christi.
1936 2630 2058 2666 Verum
2080 2632 2156 2667 cum
2171 2633 2209 2666 il-

1262 2685 1293 2719 le
1317 2696 1386 2718 non
1401 2684 1524 2718 venerit
1538 2707 1548 2723 ‚
1577 2683 1608 2715 in
1630 2694 1672 2717 eo
1692 2682 1780 2726 quod
1802 2681 1962 2724 reliquum
1985 2692 2052 2715 erat
2066 2706 2078 2722 ,
2098 2683 2132 2717 δι
2154 2692 2212 2718 ex·

1264 2733 1374 2778 pedire
1399 2734 1508 2777 putavi
1523 2758 1532 2773 ,
1562 2744 1631 2767 mea
1644 2731 1829 2766 sollicitudo
1840 2743 1908 2766 non
1921 2732 2045 2774 tepuit,
2072 2732 2105 2766 &
2129 2743 2208 2777 quo-

1264 2785 1388 2819 tidiana
1405 2782 1490 2828 apud
1515 2783 1700 2817 Dominum
1723 2781 2008 2824 Papaminstantia
2030 2792 2098 2816 non
2115 2783 2206 2826 quie·

1265 2835 1331 2874 vit,
1358 2834 1619 2873 doneclitreras,
1644 2843 1724 2875 quas
1736 2841 1811 2866 cum
1823 2830 1894 2870 his,
1924 2830 2132 2871 Deodante,
2161 2832 2207 2866 vi—

1264 2884 1380 2918 debitis
1391 2909 1402 2924 ‚
1429 2895 1483 2927 pet
1496 2883 1635 2918 Domini
1649 2883 1742 2925 Papae
1752 2880 1890 2925 gratiam
1902 2880 2046 2915 indultas
2062 2881 2205 2923 obtinui.¹

1264 2936 1356 2983 Qas
1369 2935 1500 2976 quidem
1512 2933 1626 2972 credo,
1653 2932 1788 2966 credetis
1805 2939 1913 2964 autem
1936 2931 1969 2964 <Sc
1988 2942 2062 2969 vos,
2090 2932 2124 2965 ni
2147 2931 2206 2966 fal·

1266 2986 1337 3024 lor,
1362 2984 1507 3019 efficaces
1517 2984 1557 3018 ad
1577 2993 1665 3020 rem,
1691 2982 1723 3013 ὅ(
1748 2981 1884 3024 negotio
1897 2982 1990 3015 utiles
2013 2981 2166 3015 affuturas
2192 3005 2201 3014 .

1266 3031 1368 3079 Agite
1391 3035 1500 3077 itaque
1520 3031 1720 3068 confidenter
1732 3053 1742 3069 ,
1766 3030 1800 3065 δι
1813 3030 1900 3074 quod
1913 3030 1952 3064 ad
1967 3042 2022 3064 vos
2037 3032 2199 3073 pertinet,

1264 3085 1394 3119 causam
1405 3084 1546 3117 nostram
1558 3081 1707 3116 Domino
1718 3080 1948 3114 commendate
1958 3105 1969 3121 ‚
1995 3081 2051 3124 qui
2066 3091 2132 3115 non
2143 3080 2200 3114 de·

1266 3135 1339 3169 serit
1350 3135 1509 3179 sperantes
1522 3133 1556 3167 in
1569 3132 1600 3166 se
1609 3155 1619 3171 ,
1646 3142 1700 3174 per
1711 3140 1808 3173 quern
1819 3130 2035 3176 diligentibus
2043 3142 2118 3165 eum
2129 3140 2201 3164 om-

1263 3185 1318 3219 nia
1334 3181 1602 3228 cooperantur'in
1615 3180 1739 3215 bonum
1752 3207 1759 3213 .
1790 3181 1866 3225 Ego
1878 3191 1988 3215 autern
2011 3178 2100 3223 quod
2122 3179 2214 3214 ami·-

1263 3236 1293 3269 ci
1316 3234 1466 3271 &fidelis
1477 3233 1543 3273 est,
1569 3231 1643 3266 curn
1667 3243 1714 3265 res
1736 3230 1965 3274 postulaverit,
1992 3230 2107 3271 exequi
2132 3225 2208 3264 non'

1263 3285 1391 3320 cessabo
1405 3310 1412 3317 .
1441 3283 1493 3318 De
1515 3291 1653 3320 caetero,
1679 3283 1768 3325 quod
1789 3282 1822 3315 in
1845 3280 1961 3314 litteris
1983 3280 2092 3314 vestris
2110 3280 2201 3314 misce

1263 3336 1308 3369 ria
1320 3333 1488 3369 consuevit
1501 3332 1603 3366 exilio
1614 3333 1760 3375 copulari
1777 3357 1787 3372 ‚
1811 3329 2044 3364 discretionem
2057 3330 2200 3366 vestram,

1262 3396 1297 3419 ut
1309 3385 1454 3419 audaster
1484 3382 1569 3416 salva
1593 3382 1769 3416 reverentia
1793 3380 1926 3425 loquar,
1953 3380 2125 3414 emendare
2145 3387 2200 3411 vo·

1264 3436 1376 3472 luerim
1400 3446 1408 3466 :
1434 3431 1509 3469 cum
1527 3433 1604 3468 sicut
1625 3432 1762 3468 arbitror
1788 3456 1799 3474 ,
1841 3430 1974 3466 miseros
1993 3429 2098 3512 vodcari
2131 3437 2199 3460 non

2049 3486 2159 3517 eceat,
