2358 3776
392 109 483 163 18ss

309 199 446 244 expedit
457 194 675 236 mihivalere,
699 206 744 231 ne
754 205 883 240 peream
895 219 904 230 .
930 193 1050 231 Valeat
1069 206 1151 240 ergo
1171 193 1248 227 Pars

311 250 387 284 sana
397 248 483 288 mei,
503 256 540 281 ut
551 245 753 282 convalescat
765 257 903 291 aegrota.
929 244 1074 280 Festinet
1083 244 1166 279 mihi
1178 242 1246 300 sub·

308 298 443 337 venire,
470 308 511 332 ne
521 303 588 332 tota
599 294 770 339 depereat,
794 307 831 330 ut
853 296 930 331 inde
952 292 1132 340 recipiatin
1155 304 1247 327 terris

307 347 473 392 gloriam,
496 346 530 382 ἀ
552 346 586 381 in
607 347 699 381 coelis
723 356 899 387 coronam.
931 343 1048 379 Valeat
1069 345 1187 379 iterum
1202 342 1246 399 .&

309 396 436 441 semper
447 392 465 439 ,⁴
486 395 666 440 habeatque
675 395 773 429 fidem
787 418 799 435 ,
824 394 848 427 fi
858 400 985 437 piacet,
1008 392 1087 429 huic
1097 395 1246 432 Nuncio,

303 447 489 492 metisque
501 458 557 492 per
571 443 902 481 Deimisericotdiam
926 443 961 478 in
972 442 1062 478 brevi
1084 443 1224 480 venturis
1234 467 1242 475 .

453 540 858 581 EPlsToLA
960 542 1111 578 xxii.

393 645 587 682 Alexandro
619 643 714 689 Papae
738 642 891 679 Thomas
916 642 1159 682 Cantuarieusis

607 694 713 733 Archi
725 712 736 721 ·
747 692 924 739 Episcopus
932 719 941 731 ,

305 797 503 838 Amantiffimo
522 798 666 836 Domino,
693 796 728 828 &
746 795 836 826 Patri
853 794 1008 828 sandllmo
1027 793 1204 828 Alexandro
1229 819 1240 836 ‚

351 849 409 882 Dei
422 852 530 891 gratia
547 845 661 889 summo
680 843 835 885 Pontifici,
865 843 995 878 Thomas
1007 843 1234 885 cantuarienfis

349 896 485 939 Ecclefiae
503 896 636 936 Minister
658 894 779 927 humilis
792 917 804 934 ,
829 892 916 937 miser
928 896 962 929 Θ
973 893 1150 938 mij‘erabtlis
1160 894 1238 934 exul,

344 945 494 991 salutem,
519 948 553 980 (ἓν
571 955 672 979 contra
679 943 835 991 [avitiam
847 946 1021 992 Principum
1037 943 1153 994 fimper
1175 948 1237 978 ani-

347 1003 391 1040 ud
400 997 590 1045 constantlam
604 1020 612 1029 .

358 1095 572 1132 OLL1C1T1
595 1095 637 1132 de
646 1095 728 1131 statu
744 1094 778 1130 dt
788 1095 999 1140 prosperitate
1030 1094 1130 1130 vestra
1146 1104 1238 1139 opta·

312 1186 314 1188 ¹
384 1157 528 1182 vetamus
544 1147 610 1190 jam
628 1146 754 1191 pridem
774 1156 901 1182 certum
924 1145 1032 1180 salutis
1067 1144 1237 1179 Nuneium

297 1197 419 1232 audisse
431 1198 471 1232 de
482 1196 596 1238 vobis,
621 1197 655 1231 ἃ
673 1196 714 1232 de
736 1195 968 1231 Confrattibus
990 1195 1110 1231 nostris
1123 1219 1134 1235 ,
1159 1193 1236 1238 quid

291 1249 396 1292 egerit
408 1248 507 1282 etiam
518 1246 707 1288 vobiscum,
732 1247 766 1281 ἀ
778 1257 853 1280 cum
868 1246 1010 1280 Ecclesia
1025 1247 1079 1279 sua
1096 1244 1160 1279 Dei
1173 1255 1237 1279 ma-

292 1297 486 1342 gnificentia
499 1322 507 1334 2
536 1296 686 1330 Insonuit
704 1296 794 1330 enirn
815 1296 947 1329 auribus
969 1294 1107 1336 nostris,
1133 1295 1167 1328 &
1188 1303 1240 1328 to·

291 1345 320 1382 ti
341 1347 459 1384 Gallias
470 1345 600 1379 verbum
611 1369 623 1386 ,
648 1345 737 1389 quod
751 1345 879 1379 noviter
900 1346 1019 1378 fastum
1032 1345 1096 1379 effe
1117 1343 1238 1378 dicitur

290 1395 312 1434 ὲ
331 1396 499 1432 Domino.
532 1394 701 1430 Videlicet
714 1394 808 1428 illum
832 1394 1041 1429 Fredericum
1062 1392 1235 1428 schismati·

293 1457 372 1482 cum
385 1471 397 1487 ,
427 1444 650 1491 ignominiose
658 1441 871 1479 humiliatum
884 1467 896 1484 ,
923 1445 1044 1478 factum
1055 1444 1122 1477 sine
1133 1442 1237 1477 hono-

292 1508 328 1532 re
336 1505 447 1530 coram
457 1493 587 1537 Populo
597 1494 633 1529 ὰ
643 1502 744 1539 gente
755 1518 764 1528 .
795 1493 917 1528 verum
930 1493 1089 1536 quoniam
1101 1493 1238 1527 rumori-

293 1546 355 1581 bus
373 1542 460 1579 credi
479 1552 652 1586 oportere,
677 1543 713 1577 ἀ
734 1553 803 1577 non
824 1551 974 1589 oportere
997 1542 1046 1576 fis
1066 1542 1113 1577 est
1134 1567 1146 1585 ,
1172 1541 1238 1577 Pa-

292 1595 479 1631 ternitatem
487 1592 623 1627 vestram
635 1591 807 1627 affestuose
818 1591 1038 1626 sollicitamus
1046 1616 1058 1633 ,
1086 1601 1123 1628 ut
1135 1602 1236 1626 recur-

291 1644 440 1683 rentibus
458 1643 615 1678 litterIs&
636 1642 773 1677 Nuneio
794 1652 849 1686 pet
881 1651 940 1676 vos
962 1641 1110 1676 citiffime
1130 1642 1236 1676 audia-

293 1706 367 1731 mus
389 1696 424 1729 &
444 1691 732 1739 congaudeamus,
756 1693 778 1724 si
799 1693 910 1726 fecerit
922 1691 1096 1727 vobiscum
1121 1693 1236 1733 Deus,

293 1745 385 1791 quod
404 1745 510 1778 facere
528 1739 701 1776 consuevit
726 1739 924 1784 sperantibus
935 1741 969 1774 in
993 1743 1026 1775 se
1040 1765 1052 1781 ,
1087 1753 1156 1776 non
1182 1752 1236 1784 po-

295 1792 450 1829 nentibus
466 1801 597 1827 carnem
619 1787 787 1825 brachium
799 1791 914 1831 suum,
946 1800 1016 1824 non
1041 1789 1236 1825 habentibus

296 1844 452 1880 fiduciam
472 1842 506 1875 in
521 1840 745 1885 principibus,
770 1839 804 1873 in
831 1839 951 1883 quibus
971 1849 1040 1875 non
1069 1840 1114 1874 est
1128 1840 1234 1874 salus.

295 1895 330 1930 si
351 1892 452 1939 egerit
466 1890 656 1930 vobiscum,
683 1890 762 1928 sicut
771 1889 841 1935 egit
851 1900 928 1924 cum
942 1888 1086 1925 Ezechia
1107 1889 1148 1925 de
1157 1890 1235 1924 Sen-

293 1941 474 1982 nacherib,
500 1949 688 1983 retorquens
697 1950 829 1983 poenam
853 1939 886 1973 in
899 1940 1026 1983 ipsum,
1050 1939 1235 1985 quimolie-

291 1994 388 2029 batur
402 1990 557 2027 demoliri
567 1991 674 2034 ipsum
686 1987 859 2024 Ezechiam
871 2000 947 2025 cum
966 1989 1115 2024 universa
1137 1998 1237 2034 gente

293 2046 369 2080 sua.
396 2043 431 2078 Si
441 2040 484 2076 sic
506 2042 538 2075 se
561 2040 606 2075 rei
625 2038 723 2074 habet
743 2049 899 2078 eventus,
924 2039 1004 2073 ficut
1026 2038 1114 2073 fima
1134 2037 1239 2073 divul-

292 2093 384 2146 gavit
403 2116 415 2133 ,
442 2090 629 2128 benedictus
648 2090 742 2125 Deus
757 2113 769 2131 ,
796 2090 854 2133 qui
877 2089 1105 2132 novitxfacere
1116 2089 1239 2123 miseri·
1259 2097 1268 2105 ·

292 2143 441 2179 cordiam
459 2152 535 2175 eum
557 2140 655 2175 servis
675 2139 756 2174 suis.
783 2138 872 2174 Ecce
890 2147 1012 2183 quanta
1034 2139 1101 2174 Dei
1125 2147 1239 2183 poten·

293 2194 364 2235 tia,
388 2191 487 2236 quam
500 2200 621 2236 magna
645 2189 740 2234 ipsius
762 2189 949 2225 miseratio:
975 2188 1047 2230 Nifi
1064 2194 1143 2223 enim
1153 2188 1241 2228 custo·

293 2245 384 2281 diem
403 2246 581 2282 civitatem,
599 2239 718 2283 frustra
739 2241 851 2285 vigilat
875 2262 889 2279 ,
913 2243 966 2281 qui
987 2236 1108 2277 custodit
1132 2249 1200 2272 eam
1225 2260 1234 2269 .

294 2294 377 2330 Non
399 2292 444 2326 est
458 2292 476 2325 ὲ
498 2290 615 2326 saeculo
635 2290 747 2324 audita
771 2290 873 2322 virtus
884 2287 950 2320 Dei
963 2287 1185 2327 manifestior,
1217 2286 1239 2319 si

292 2342 377 2380 reste
398 2342 546 2386 pensetur
563 2339 643 2384 quid
667 2336 828 2372 evenerit.
856 2334 982 2380 Iustitia
995 2336 1094 2380 ipfius
1113 2335 1240 2379 justior,

298 2405 364 2440 qua
383 2391 540 2426 contrivit
552 2390 639 2433 ipsos
649 2388 857 2422 fabricatores
875 2384 973 2429 hujus
995 2386 1147 2425 malitiae,
1171 2395 1241 2421 tan·

296 2453 336 2478 tax
367 2439 605 2486 persecutionis
625 2435 777 2476 authores
797 2461 811 2478 ,
844 2436 1041 2480 consumpsit
1062 2437 1163 2470 etiam
1183 2446 1241 2470 eos

295 2500 402 2530 morte
413 2488 636 2525 famofiffima.
663 2486 774 2531 Ipsum
792 2486 920 2521 utinam
930 2485 996 2530 jam
1008 2484 1239 2531 &Principem

294 2545 463 2578 ¹viventem
481 2537 607 2574 dederit
631 2537 668 2571 in
690 2535 904 2580 opprobrium
923 2537 1017 2571 omni
1029 2536 1153 2583 populo
1166 2559 1178 2576 ,
1204 2536 1239 2570 in

296 2592 437 2629 derisum
458 2589 551 2626 omni
583 2586 784 2627 transeunti,
822 2595 860 2621 ut
883 2585 927 2621 ab
945 2586 1100 2621 omnibus
1132 2584 1240 2631 digito

298 2642 498 2679 monstretur
508 2664 517 2680 ,
543 2638 577 2671 &
588 2637 644 2672 fiat
655 2635 696 2671 de
707 2637 778 2681 ipso
789 2636 875 2681 quasi
886 2634 1013 2671 celebre
1033 2636 1239 2682 proverbium

300 2692 336 2729 in
358 2701 414 2724 ore
437 2688 527 2732 vulgi
549 2686 706 2720 dicentis:
743 2689 820 2720 Ecce
840 2684 924 2720 bomo
941 2710 955 2727 ‚
982 2692 1032 2729 qui
1065 2698 1124 2720 non
1143 2683 1241 2729 posuit

304 2746 401 2776 Deum
425 2740 592 2780 adjutorem
609 2734 717 2779 sicum.
744 2736 780 2770 Si
798 2736 938 2770 confisus
961 2735 996 2770 in
1018 2736 1166 2780 potentia
1187 2737 1239 2770 sua

299 2789 423 2830 defecit
444 2788 479 2822 in
492 2785 559 2830 ipsa
581 2784 723 2819 vanitate
741 2785 819 2824 sua,
843 2786 897 2819 cui
923 2786 1020 2820 satius
1041 2786 1171 2827 fuisset,
1207 2786 1240 2819 ἃ

302 2839 476 2889 gloriosius
497 2837 540 2871 ad
562 2833 714 2870 homines
734 2834 908 2870 moriendo
929 2836 1108 2871 succubisse
1138 2835 1241 2879 impu-

304 2889 441 2937 gnando
453 2890 526 2922 suos
537 2884 746 2920 Adversarios
757 2907 767 2924 ‚
793 2885 892 2926 quam
904 2885 1047 2921 vivendo
1057 2886 1125 2920 fieri
1138 2884 1240 2929 despe-

305 2941 372 2975 {tui
390 2937 536 2976 cunffis,
565 2934 643 2969 &in
664 2933 805 2968 derisum
818 2958 825 2965 .
852 2934 934 2969 Haec
947 2936 1013 2970 Dei
1025 2936 1242 2970 virtus&for-

306 2988 416 3026 titudo
437 2985 561 3022 brachii
583 2984 681 3029 ipsius
693 3009 700 3019 .
727 2983 814 3034 Qis
833 2993 911 3027 ergo
931 2986 1047 3021 audeat
1065 2986 1106 3021 de
1128 2996 1243 3021 caetero

307 3039 432 3076 habens
442 3035 567 3071 Christi
580 3034 663 3069 vices
674 3035 707 3068 in
718 3043 802 3068 terra
813 3032 947 3075 obsequi
969 3036 1134 3070 voluntati
1153 3036 1244 3070 Prin-

307 3089 418 3134 cipum
438 3087 472 3121 in
493 3083 719 3121 confusionem
738 3083 885 3118 Ecclefiae
902 3094 970 3117 non
992 3086 1161 3127 puniendo
1192 3087 1246 3121 de-

308 3138 516 3184 linquentes?
542 3134 696 3174 Audeat,
722 3133 780 3177 qui
801 3133 962 3174 voluerit,
990 3145 1058 3168 non
1079 3146 1144 3180 ego
1168 3159 1180 3175 ,
1205 3146 1246 3169 ne

310 3190 517 3225 transferatur
535 3186 570 3220 in
591 3195 645 3220 me
665 3194 761 3227 poena
781 3183 1004 3227 delinquentis
1024 3208 1036 3224 ‚
1062 3195 1103 3218 ne
1121 3185 1245 3227 judicer

308 3237 487 3283 culpabilis
506 3247 548 3271 ex
565 3234 822 3269 dissimulatione
835 3231 1005 3272 vindistae,
1032 3236 1244 3269 netranseam

311 3291 346 3323 in
358 3287 506 3332 culpam,
531 3285 725 3330 quiculpam
737 3294 805 3317 non
820 3283 932 3317 admisi
945 3308 953 3316 .
976 3283 1061 3321 Satis
1081 3284 1181 3318 credo
1203 3284 1248 3318 di·

312 3340 397 3372 etum
417 3338 481 3371 effe
501 3336 653 3371 Domino
673 3345 748 3368 meo
759 3333 794 3366 in
818 3343 906 3377 parte
927 3333 986 3367 ista
1011 3357 1019 3365 .
1043 3333 1112 3381 Qui
1127 3334 1247 3378 sapien·

306 3394 363 3426 ,tur
387 3386 594 3430 investigabit
613 3394 710 3428 opera
730 3381 815 3421 Dei,
841 3383 898 3424 qui
909 3381 1084 3428 diligenter
1104 3383 1248 3419 attendet

317 3435 415 3486 ipsius
434 3432 625 3483 Magnana,
651 3433 822 3481 prudenter
841 3431 1028 3481 intelliget,
1052 3432 1132 3487 quid
1144 3433 1186 3469 de
1196 3445 1250 3471 σε·

1027 71 1576 156 aPis'rotAE

1309 199 1379 227 tero
1395 203 1478 237 opus
1490 192 1543 227 fit.
1569 191 1721 227 Preterea
1741 194 1856 229 noscat
1877 196 2028 235 suffitus
2041 202 2139 237 vestra
2150 207 2238 242 acci-

1307 241 1384 277 disse
1403 242 1499 278 nobis
1520 241 1612 286 quod
1633 243 1820 278 verebamur
1838 270 1849 285 ‚
1875 247 1963 288 quod
1987 252 2233 291 praedicabamus

1307 291 1450 327 lucidum
1471 293 1533 327 effe
1544 293 1585 327 de
1604 294 1853 338 presumptione
1872 296 1903 329 ἀ
1924 296 2093 335 insolentia
2115 305 2230 338 Domi-

1308 342 1341 376 ni
1364 341 1538 377 Wilhelmi
1558 342 1721 387 Papienfis
1732 369 1744 386 ,
1769 345 1849 379 sicut
1867 356 1908 378 ex
1928 345 2041 382 litteris
2056 351 2149 387 nobis
2168 354 2230 388 sta·

1306 391 1365 426 tim
1376 393 1410 426 in
1427 391 1567 427 adventu
1587 393 1646 428 suo
1667 395 1854 428 transmiffis
1864 395 1998 438 potestis
2019 401 2206 441 perpendere
2218 428 2230 445 ,

1303 440 1323 474 a
1345 452 1413 486 quo
1433 443 1538 488 magis
1556 443 1758 486 sperabamus
1767 444 1858 488 juxta
1869 455 2014 480 tenorem
2024 447 2170 484 mandati
2179 464 2231 488 ve·

1304 490 1359 524 stri
1377 490 1419 526 ad
1439 493 1626 527 Dominum
1649 494 1778 539 Regem
1799 496 1999 530 Francorum
2017 519 2029 536 ‚
2053 497 2088 532 ἀ
2107 496 2148 531 ad
2174 511 2233 537 nos

1303 539 1429 582 emiffi,
1454 543 1605 579 solatium
1617 541 1658 577 de
1677 544 1903 580 consolatione
1913 547 2023 591 pacis,
2050 546 2147 591 quam
2157 559 2232 584 con-

1306 590 1462 630 fusionem
1473 592 1515 628 de
1527 593 1738 638 quaestionum
1745 594 1914 632 decisione
1923 597 2006 632 inter
2016 596 2144 644 Regem
2157 600 2232 633 An-

1303 639 1432 685 glorum
1454 642 1489 677 &
1508 654 1588 678 nos.
1615 644 1696 679 Non
1720 645 1810 680 enim
1830 646 1895 690 ipse
1914 647 1959 680 est
1972 671 1983 688 ,
2002 647 2093 691 cujus
2114 649 2148 682 in
2171 648 2232 689 hac

1303 692 1408 727 caussa
1430 691 1542 735 subjici
1555 692 1728 728 debeamus
1742 695 1880 730 ditioni.
1908 697 2088 732 Praesertim
2101 708 2175 732 eum
2187 699 2235 734 in-

1303 740 1418 776 stantia
1439 740 1542 787 Regis
1556 745 1662 790 magis
1682 746 1828 791 coegerit
1845 757 1902 781 vos
1913 747 1954 781 ad
1974 747 2079 792 ipsum
2101 749 2234 791 mitten-

1302 790 1401 832 dum,
1426 791 1524 836 quim
1541 793 1607 838 ipse
1627 797 1776 837 coactus,
1801 796 1835 830 δε
1854 796 1964 832 missus
1985 799 2109 833 venerit
2129 799 2147 832 a
2178 811 2237 835 vo·

1302 839 1350 874 bis
1360 865 1367 872 .
1392 839 1563 878 Credimus
1583 843 1716 889 quidem
1726 856 1795 881 non
1807 847 1869 881 esse
1884 847 1945 890 juri
1955 850 2207 883 consentaneum
2219 873 2232 891 ,

1301 901 1362 924 nos
1379 891 1448 934 ejus
1470 892 1575 928 subire
1591 894 1751 938 judicium
1775 897 1824 930 vel
1847 908 1983 932 examen
1995 921 2006 938 ‚
2046 899 2102 942 qui
2120 902 2235 943 quaerit

1299 939 1357 975 sibi
1387 942 1493 976 facere
1517 946 1752 979 commeminm
1773 945 1815 980 de
1837 948 1995 992 sanguine
2015 948 2126 983 nostro
2145 961 2152 981 :
2190 948 2235 984 de

1302 990 1427 1032 pretio,
1451 993 1579 1028 utinam
1601 994 1885 1038 noniniquitatis,
1911 998 2023 1040 quaerit
2038 998 2232 1034 sibinomen

1299 1040 1331 1073 δε
1351 1039 1493 1085 gloriam
1515 1067 1523 1075 .
1557 1041 1702 1078 Proinde
1728 1043 1943 1087 supplicamus
1959 1046 2150 1083 Paternitati
2183 1059 2236 1083 ve·

1300 1089 1367 1124 strar
1388 1091 1580 1132 affectuose,
1606 1093 1629 1126 si
1649 1093 1682 1127 ei
1702 1103 1779 1135 cura
1791 1093 1837 1127 est
1851 1092 1893 1129 de
1908 1095 2026 1136 nobis,
2051 1108 2088 1131 ut
2103 1108 2235 1133 evacue-

1299 1151 1350 1173 tur
1371 1141 1513 1183 potestas
1528 1141 1619 1184 ejus,
1643 1143 1665 1175 fi
1688 1153 1788 1186 quam
1811 1142 1933 1185 habet,
1958 1147 2045 1181 eirca
2066 1147 2239 1182 nomene·

1299 1190 1391 1235 gotia
1405 1190 1534 1226 nostra:
1560 1193 1767 1227 transferatur
1777 1194 1912 1228 malleus
1924 1193 2010 1229 istea
2035 1194 2151 1238 nobis,
2177 1197 2235 1239 qui

1300 1238 1407 1282 potius
1418 1241 1519 1286 elegit
1538 1242 1601 1275 effe
1622 1243 1790 1276 malleator
1804 1243 2007 1278 Clericorum
2025 1244 2236 1289 obsequendo

1298 1288 1505 1334 Principibus
1523 1315 1535 1331 ,
1570 1292 1669 1334 quam
1690 1292 1819 1336 Regum
1842 1295 1977 1328 offenfio
2002 1296 2235 1346 consequendo

1297 1339 1436 1384 gratiam
1457 1340 1618 1375 Divinam
1641 1365 1648 1373 .
1677 1341 1716 1375 ln
1741 1342 1793 1376 his
1816 1343 1892 1377 vero
1912 1345 1944 1378 ὅ(
1966 1343 2062 1386 aliis,
2086 1346 2108 1379 si
2132 1346 2237 1388 placa

1299 1390 1467 1424 Sanstitati
1490 1390 1617 1431 vessrae,
1643 1402 1714 1435 quae
1726 1392 1811 1426 lator
1833 1395 2036 1438 praesentium
2063 1396 2156 1430 vobis
2168 1407 2235 1431 ma-

1299 1440 1462 1474 nifestabit
1475 1465 1485 1480 ‚
1513 1440 1634 1475 intuitu
1655 1443 1783 1484 pietatis
1802 1442 1833 1477 δι
1845 1444 1959 1479 auxilii
1983 1445 2083 1480 nostri
2095 1446 2236 1489 petimus

1298 1489 1510 1532 suppliciter&
1533 1490 1625 1524 vobis
1645 1490 1791 1525 exaudiri
1812 1517 1819 1524 .
1858 1492 2083 1537 Compatiatur
2105 1496 2238 1531 miserim

1298 1539 1412 1572 nostrae
1431 1537 1589 1574 diuturnae
1601 1541 1702 1575 vestra
1715 1541 1883 1584 serenitas,
1909 1543 2000 1587 cujus
2008 1545 2107 1581 finem
2118 1556 2235 1581 omnes

1297 1588 1484 1631 exspestant
1520 1613 1530 1623 .
1560 1589 1717 1625 Resurnat
1737 1591 1817 1626 vires
1863 1595 2064 1638 praeceptoris
2084 1594 2237 1630 authori-

1298 1647 1344 1670 tas
1357 1661 1369 1678 ,
1397 1648 1507 1672 exerat
1528 1637 1676 1683 gladium
1690 1639 1782 1674 Beati
1794 1639 1903 1682 Petri,
1929 1643 2099 1677 ulciscatur
2111 1643 2236 1680 Christi

1297 1687 1472 1723 &suorum
1482 1687 1632 1732 injuriam
1647 1714 1655 1722 .
1681 1690 1832 1725 Sentiant
1854 1690 2078 1726 manus'Petri
2087 1703 2200 1738 graves
2221 1719 2235 1737 ,

1297 1739 1420 1783 quieas
1431 1741 1697 1782 contempserunt
1718 1751 1778 1783 pro
1795 1751 1943 1783 tempore
1966 1742 2201 1778 dissimulantes
2227 1768 2240 1786 ,

1297 1795 1333 1819 ut
1354 1788 1403 1819 vel
1422 1788 1463 1820 sic
1487 1789 1618 1830 respiret
1632 1789 1762 1822 libertas
1773 1790 1948 1832 Ecclesiae,
1973 1803 2149 1835 quaetanto
2159 1805 2239 1828 tem-

1298 1846 1375 1878 pore
1386 1836 1517 1881 languit
1537 1835 1676 1882 depressa
1688 1859 1700 1877 ‚
1723 1837 1759 1871 ἀ
1778 1838 1918 1883 gaudeat
1940 1839 2088 1876 Mundus
2107 1842 2237 1888 glorifi-

1295 1895 1372 1919 cans
1408 1884 1543 1926 Deum,
1567 1886 1627 1930 qui
1660 1887 1740 1922 fecit
1787 1888 1958 1924 vobiscum
1985 1883 2237 1929 misericor-eliab!
2294 1888 2302 1896 ’

1297 1936 1386 1970 suam
1399 1959 1411 1975 ,
1437 1946 1597 1980 quatenus
1629 1938 1771 1982 resurgat
1791 1949 1845 1981 per
1865 1950 1923 1974 vos
1941 1942 2090 1976 navicula
2110 1941 2200 1977 Petri
2224 1968 2238 1984 ,

1297 1983 1414 2026 quaeab
1433 1985 1590 2021 omnibus
1599 1985 1666 2020 fere
1683 1986 1870 2023 credebatur
1892 1990 2072 2033 submersa,
2101 1994 2239 2036 exspiret

1297 2033 1537 2077 Tyrannorum
1550 2037 1775 2081 praesumptio,
1802 2049 1872 2081 quae
1892 2038 2061 2084 videbatur
2079 2041 2238 2078 obtinuiss

1299 2083 1347 2117 se.
1375 2084 1484 2119 Multa
1496 2085 1664 2121 sanaitati
1676 2086 1785 2121 vestrae
1794 2089 1878 2123 circa
1899 2091 2064 2126 materiam
2075 2091 2168 2127 istam
2181 2093 2238 2127 ha-

1299 2133 1407 2167 berem
1428 2133 1583 2175 scribere,
1607 2135 1682 2178 sed,
1710 2148 1752 2171 ne
1762 2137 1839 2173 fiam
1850 2138 1943 2174 vobis
1965 2143 2113 2177 sermone
2130 2143 2237 2188 longo

1298 2184 1470 2223 molestus,
1497 2186 1599 2220 finem
1608 2185 1696 2222 facio
1706 2197 1823 2231 optans
1833 2188 1946 2223 audire
1956 2192 1990 2225 dc
2014 2192 2122 2227 videre
2131 2192 2172 2227 de
2182 2204 2236 2229 vo-

1300 2233 1350 2267 bis
1362 2258 1373 2274 ,
1394 2235 1484 2278 quod
1495 2235 1652 2271 desiderat
1660 2238 1768 2270 anima
1782 2249 1853 2272 mea
1863 2262 1870 2270 .
1898 2238 2123 2276 Veruntamen
2134 2254 2237 2278 unum

1298 2283 1404 2317 solum
1426 2284 1547 2328 adjicio
1578 2310 1590 2326 ,
1628 2287 1718 2331 quod
1742 2288 1946 2332 nequaquam
1974 2291 2105 2326 silentio
2134 2302 2240 2335 praete-

1298 2332 1461 2368 reundum
1481 2335 1546 2368 est.
1571 2335 1832 2372 credebatforte
1846 2339 2013 2375 Dominus
2034 2340 2239 2377 Wilhelmne

1298 2384 1400 2417 trastu
1424 2384 1578 2426 temporis
1598 2386 1745 2419 delufiffe
1765 2386 1997 2423 authoritatem
2034 2392 2170 2426 vestram
2191 2403 2235 2427 ex

1298 2432 1442 2467 fortuitis
1461 2433 1585 2467 casibus
1607 2458 1616 2465 .
1642 2434 1703 2469 Sed
1725 2435 1877 2470 Domino
1899 2448 2042 2472 vertente
2071 2441 2159 2474 casus
2179 2440 2234 2475 ad·

1299 2481 1404 2516 versos
1425 2482 1460 2516 in
1485 2483 1604 2517 melius
1622 2483 1795 2519 deludetur
1811 2484 1902 2527 ipse,
1926 2487 1983 2529 qui
2004 2500 2063 2523 vos
2090 2489 2234 2532 sperabat

1299 2532 1445 2567 delusum
1456 2545 1471 2575 ,·
1483 2544 1538 2577 per
1550 2534 1614 2567 Dei
1626 2534 1880 2569 misericordiam
1893 2536 2014 2571 incidet
2026 2537 2059 2570 in
2075 2538 2240 2583 laqueum,

1299 2582 1334 2616 in
1346 2592 1443 2624 quem
1460 2582 1610 2627 optando
1633 2583 1775 2627 sperabat
1787 2596 1844 2619 vos
1856 2586 1889 2620 ἀ
1910 2596 1969 2626 tros
1980 2587 2128 2623 incidisse
2139 2613 2148 2621 .
2173 2589 2240 2624 Va-

1299 2632 1363 2667 leat
1373 2633 1535 2668 Sandtitas
1549 2633 1670 2674 vestra,
1692 2634 1748 2673 δε,
1774 2645 1812 2670 nt
1823 2633 1955 2678 inne-(it
1985 2637 2105 2679 nobis,
2132 2639 2238 2686 vigeat

1299 2683 1335 2717 in
1357 2692 1501 2726 tempora
1525 2683 1625 2729 longa
1639 2708 1647 2716 .

1425 2783 1836 2820 EPISTOLA
1936 2785 2103 2822 XXIII.

1326 2883 1499 2919 Alexander
1517 2886 1608 2928 Papa
1620 2883 1784 2918 thbelmo
1804 2885 1838 2922 θ
1855 2888 1958 2920 ottoni
1977 2888 2206 2923 Camenalibus.

1372 2983 1467 3019 OST
1493 2983 1665 3020 disceffitm
1685 2981 1822 3017 vestrum
1837 2995 1948 3029 graves
1971 2987 2009 3021 ad
2023 2999 2085 3022 nos
2107 2990 2237 3025 fuerunt

1398 3044 1544 3068 rumores
1563 3033 1700 3078 perlati,
1725 3032 1880 3069 dilectum
1904 3036 2027 3071 scilicet
2049 3038 2158 3073 filium
2178 3050 2235 3074 no·

1304 3086 1402 3119 strum
1425 3084 1585 3127 Joannem
1613 3082 1882 3119 Saresberiensem
1904 3087 2078 3124 Decanum
2110 3087 2239 3132 publice

1305 3133 1521 3180 proposuisse,
1547 3132 1637 3179 quod
1661 3133 1736 3167 cum
1759 3133 1957 3179 Episcopus,
1982 3137 2020 3171 ,δε
2038 3138 2118 3172 alias
2137 3139 2241 3182 perso-

1306 3195 1362 3219 nas
1384 3183 1643 3223 Eccstfiafflcas,
1669 3184 1702 3217 ἀ
1727 3184 1891 3226 saeculares
1912 3185 1954 3220 de
1967 3185 2089 3229 Regno
2115 3187 2256 3233 Anglw.

1306 3233 1405 3269 rum&
1424 3232 1665 3277 jurisdictione,
1690 3233 1892 3278 &potestate
1913 3235 2100 3270 venerabilis
2121 3238 2241 3272 Fratris

1308 3283 1407 3319 nostri
1433 3281 1578 3317 Thomae
1601 3281 1841 3318 Cantuarienfis
1863 3283 1963 3320 Archi
1979 3286 2151 3331 ·Episcopi
2172 3298 2242 3321 exe-

1307 3334 1479 3372 merimus,
1502 3332 1591 3375 juxta
1611 3331 1853 3377 beneplacitum
1869 3335 2120 3371 &voluntatem
2139 3335 2240 3379 Regis

1309 3383 1495 3428 Anglorum
1520 3406 1532 3424 ‚
1566 3381 1608 3418 ad
1626 3381 1695 3425 ejus
1715 3383 1950 3428 depofitionem
1970 3385 2087 3430 pariter
2106 3386 2140 3420 dt
2168 3393 2247 3418 eon-

1307 3433 1554 3473 demna-tionem
1564 3433 1832 3477 intenderemus,
1855 3435 1891 3470 ἀ
1904 3446 1960 3471 vos
1970 3445 2030 3481 pro
2040 3431 2102 3471 hac
2125 3443 2159 3490 ις
2172 3433 2249 3516 lspe-

2119 3492 2169 3519 cie
2185 3495 2209 3518 ι-
