2358 3776
473 110 511 156 S.
548 106 847 155 THOMAE
881 106 1287 155 CANTUAR.
1314 106 1466 153 'LIB.
1503 111 1573 154 11.

96 196 159 232 viri
173 221 185 239 ,
208 195 263 240 qui
283 197 389 231 secum
405 197 559 239 aderant,
583 200 744 241 caeperunt
756 196 912 234 asserere,
938 191 1027 234 quod

92 249 174 282 effet
188 246 339 290 deinceps
362 247 528 282 absolutus
549 273 560 289 ,
597 258 639 281 ex
660 258 727 291 quo
756 241 861 280 Archi
876 243 1026 286 -Episco-

95 306 159 340 pus.
173 296 334 332 recusabat
360 298 519 340 judicium
544 323 551 329 .
587 297 674 332 Cum
696 293 775 341 ergo
795 293 866 338 post
890 292 1025 327 multam

94 345 197 389 Regis
217 347 439 383 turbationem
450 346 573 383 Archi·
587 347 765 391 Episcopi,
791 343 968 388 Episcopi,
993 343 1026 377 &

92 393 241 430 Abbates
262 396 370 442 Regni
384 398 517 444 Angliae
527 407 602 432 cum
613 407 680 431 non
691 394 802 439 paucis
824 394 942 437 pariter
954 392 1025 427 Cle-

90 444 169 478 sicis
188 444 206 478 ὲ
230 447 324 481 nobis
347 447 502 482 instanter
514 447 752 492 perquirerent,
779 453 887 478 utrum
911 454 1024 487 praeno·

88 502 199 528 ¹catum
211 495 524 542 Archi-Episcopum
536 498 590 532 seu
600 508 640 531 ex
662 496 774 538 aliquo
785 492 914 538 speciali
938 504 1027 530 man-

93 543 195 586 dato,
222 548 276 581 seu
299 548 426 582 ratione
437 546 628 592 Legationis
639 546 680 585 ad
701 544 857 589 judicium
869 545 1027 587 possemus

88 593 286 640 distringere
298 621 309 638 ,
334 598 368 631 ὅ(
390 598 424 631 in
446 596 508 631 hac
527 606 616 640 parte
628 596 723 630 uobis
742 594 931 629 facultatem
945 594 1026 627 dees-

93 643 127 676 se
138 648 387 689 cognoscerent,
414 647 565 681 timentes
575 657 617 680 ne
627 647 787 690 praetaeius
810 643 914 678 Archi
929 644 1024 687 -Epi-

94 693 211 738 scopus
232 696 533 740 abjestojudiciario
554 697 689 737 ordine,
715 696 794 729 ficut
806 695 869 727 alia
890 695 961 727 vice
986 694 1026 726 fe-

91 755 184 780 cerat
204 770 217 786 ‚
252 746 414 790 aliquibus
434 747 544 791 Regni
565 746 710 790 personis
728 756 901 789 gravamen
931 745 1026 778 infer·

96 804 166 835 tet,
193 797 347 839 quoniam
358 797 463 831 nostra
476 796 531 830 fibi
554 793 795 829 taliterinutilis
814 804 880 828 erat
894 796 1028 837 praesen-

96 844 145 877 tia
160 866 173 884 ,
196 846 230 878 ἃ
251 847 291 880 ad
313 847 446 880 tutelam
470 853 583 880 contra
606 844 802 888 Episcopum
825 843 934 878 minus
946 844 1028 877 suffi-

98 893 186 927 ciens
203 918 213 934 ,
236 895 382 929 unanimi
397 897 525 938 sumpto
546 895 684 929 confilio
703 895 744 929 ad
759 893 893 928 vestram
916 895 1030 937 pariter

95 941 295 979 audientiam
307 945 507 989 appellarunt
517 970 528 985 ‚
541 945 753 989 appellationi
767 945 943 980 terminum
958 953 1029 987 prae-

95 992 277 1038 figentesin
290 993 434 1038 hyemali
457 995 552 1030 Festo
580 995 688 1031 Sancti
710 995 870 1035 Martini,
898 995 1030 1028 interim

95 1044 129 1076 se
142 1065 153 1082 ‚
177 1044 211 1078 ἃ
233 1045 289 1078 sua
303 1045 358 1079 sub
373 1045 565 1088 Apostolica
577 1044 775 1089 protectione
797 1054 973 1088 ponentes,
999 1044 1033 1077 &

94 1093 257 1137 quaslibet
270 1095 380 1137 Regni
393 1096 561 1138 personas,
574 1106 634 1130 nec
647 1107 714 1129 non
726 1097 760 1130 δε
772 1096 955 1129 universum
971 1092 1034 1127 Re·

96 1153 203 1186 gnum
224 1145 283 1178 sub
313 1145 453 1186 ejusdem
474 1145 698 1188 appellationis
721 1146 928 1180 includentes
959 1143 1034 1177 Edi-

97 1194 153 1224 sso
174 1217 182 1224 .
220 1195 374 1237 Denique
396 1205 456 1228 nos
478 1196 648 1239 negotium
672 1195 757 1229 istud
786 1196 821 1228 in
856 1196 1035 1227 maximum

98 1241 250 1276 Ecclefiae
284 1243 519 1277 detrimentum
543 1255 673 1287 vergere
692 1245 928 1287 cognoscentes
953 1266 963 1282 ,
988 1243 1037 1274 su-

96 1290 242 1333 praditto
254 1291 377 1325 Archi·
391 1293 553 1334 Episcopo
573 1291 771 1326 authoritate
795 1291 895 1325 vestra
920 1291 953 1325 &
979 1301 1036 1324 no-

97 1339 160 1374 stra
183 1338 386 1385 prohibendo
407 1341 648 1382 mandavimus,
678 1353 721 1375 ne
743 1341 784 1375 de
806 1352 940 1381 caetero,
967 1350 1036 1374 tum

97 1389 175 1433 quia
197 1390 304 1424 vestris
322 1399 389 1424 erat
409 1389 589 1425 inhibitum
613 1391 750 1432 litteris,
787 1401 858 1424 turn
881 1393 959 1434 quia
991 1391 1038 1423 so-

97 1438 252 1475 lemniter
272 1440 374 1474 fuerat
397 1440 595 1484 appellatum
616 1465 627 1481 ‚
663 1442 697 1474 in
719 1441 932 1485 praescriptum
969 1440 1038 1474 Re-

98 1497 225 1534 gnum,
251 1490 302 1525 vel
323 1491 494 1534 personas,
528 1491 578 1525 vel
601 1491 758 1525 Ecclefias
783 1491 891 1535 Regni
915 1489 1039 1533 aliquid

97 1540 299 1584 gravaminis
318 1549 508 1575 attentaret.
550 1541 579 1574 A
586 1541 751 1584 postolicae
771 1541 882 1584 itaque
901 1542 1038 1574 circum·

98 1590 274 1633 spectionis
295 1592 355 1626 erit
377 1591 533 1625 attentius
554 1589 742 1634 providere,
769 1602 810 1623 ne
831 1590 920 1624 idem
943 1601 1040 1633 nego·

99 1640 186 1673 tium
207 1640 241 1673 in
266 1651 364 1685 grave
385 1640 542 1675 damnum
575 1640 723 1675 Ecclefiae
749 1650 889 1674 vertatur
914 1664 925 1680 ,
961 1639 1041 1673 ficut

99 1688 163 1744 hi,
187 1688 244 1733 qui
263 1689 438 1725 attendunt
460 1691 620 1734 profectus
646 1690 795 1726 Ecclesia:
808 1714 821 1731 ,
845 1689 1042 1725 verentur&

105 1748 245 1773 timent.

225 1835 653 1871 EPISTOLAJ
740 1833 896 1868 XXIX.

122 1934 268 1972 Thomae
294 1935 521 1973 Cantuariensr
541 1934 800 1979 Archiepiscopo
820 1933 1017 1968 Wilhelmus

377 1987 411 2021 ὅ(
433 1987 518 2020 Otto
543 1985 752 2020 Cardinales.

154 2087 324 2123 Venerabili
343 2088 378 2120 (ἓν
397 2085 571 2125 dilefflffimo
590 2090 700 2120 Fratri
721 2083 840 2117 Thomae
855 2087 996 2117 Cantua-

199 2137 288 2180 riensi
308 2137 396 2172 Archi
411 2135 577 2179 —Episcopo
588 2156 742 2168 ........
767 2135 945 2168 Cardtnales

501 2188 634 2220 Salutem
645 2210 652 2217 .

168 2286 409 2321 NNOTUlT
421 2285 530 2331 Regi,
554 2285 633 2328 quid
646 2286 738 2330 supet·
748 2284 926 2321 concordia
940 2308 952 2324 ,
964 2282 1042 2327 quid

191 2337 291 2371 etiam
316 2338 408 2378 supet·
428 2337 521 2370 causa
534 2358 544 2374 ‚
569 2337 591 2369 fi
611 2347 725 2370 contra
741 2348 798 2370 vos
820 2346 914 2379 agere
927 2334 1042 2373 vellet,

195 2386 420 2430 respondistis,
445 2387 478 2419 ἀ
500 2385 576 2419 cum
586 2386 675 2429 prius
686 2386 784 2425 satis,
809 2385 889 2418 ficut
914 2379 1042 2427 ajebat,

107 2448 148 2470 ex
170 2435 419 2478 praecedentibus
437 2434 563 2469 acubus
586 2435 696 2469 vestris
716 2459 726 2476 ,
764 2436 797 2469 δε
822 2436 915 2478 supra
944 2445 1041 2477 quarn

108 2485 183 2520 satis
203 2485 310 2520 fuisset
329 2496 516 2519 commotus
530 2509 540 2526 ,
579 2484 730 2529 ampliori
753 2486 787 2519 &
809 2483 1043 2519 vehementiori

109 2537 172 2570 fuit
195 2546 283 2569 nunc
315 2535 544 2579 indignatione
579 2546 748 2578 permotus
771 2557 782 2573 ,
819 2535 913 2568 vestri
936 2534 1044 2568 cordis

108 2585 318 2620 altitudinem
339 2585 375 2618 &
393 2584 535 2618 Domini
551 2584 642 2628 Papae
665 2584 815 2627 injuriam
838 2596 914 2630 erga
934 2585 1042 2627 ipsum

108 2634 333 2670 indubitanter
346 2631 498 2668 accusans
511 2659 518 2666 .
548 2633 704 2678 Episcopi
724 2637 802 2668 vero
815 2659 825 2675 ,
853 2636 886 2668 ὅσ
901 2633 1047 2669 Abbates

108 2685 220 2730 Regni
238 2683 427 2728 Anglorum
441 2684 610 2718 audientes
625 2708 636 2724 ‚
663 2683 739 2727 quia
751 2694 809 2717 vos
820 2683 903 2717 nihil
915 2695 989 2717 cum
1002 2685 1048 2717 eis

109 2746 206 2780 agere
225 2759 235 2774 ‚
264 2746 368 2778 neque
390 2735 502 2768 nostro
526 2733 651 2775 judicio
672 2746 730 2768 vos
752 2735 929 2777 supponere
952 2733 1047 2767 velle-

108 2786 152 2819 tis
176 2809 187 2825 ,
223 2785 258 2818 in
279 2785 388 2818 nostra
408 2785 574 2828 praesentia
609 2785 727 2818 litteras
746 2784 887 2817 Domini
914 2783 1010 2826 Papae
1036 2807 1047 2823 ,

111 2836 230 2878 quibus
254 2835 350 2869 vobis
369 2833 532 2870 mandasse
546 2836 576 2868 se
595 2834 696 2874 dicit,
739 2846 779 2868 ne
807 2845 865 2868 vos
889 2833 1045 2878 Regnum

113 2885 301 2929 Anglorum
324 2885 494 2920 interditSio
514 2884 702 2927 supponatis
722 2909 733 2924 ‚
774 2895 884 2918 coram
907 2884 1046 2927 perlege·

111 2944 192 2968 runt
206 2957 216 2966 .
242 2935 469 2978 Requifierunt
489 2934 588 2969 etiam
609 2934 627 2967 a
646 2934 762 2973 nobis,
799 2935 821 2967 fi
841 2934 882 2968 ab
909 2944 1046 2977 utroque

113 2983 282 3022 nostrum,
306 2985 356 3018 vel
379 2986 481 3020 altero
499 2995 629 3028 accepta
650 2985 834 3029 Legatione
859 2985 895 3018 in
920 2984 1044 3028 Anglia

112 3033 371 3078 poffentavestis
382 3034 623 3079 gravaminibus
646 3035 798 3069 defendi.
827 3034 914 3068 Cum
936 3045 1045 3070 autem

112 3082 402 3127 respondiflemus‚
428 3084 537 3118 nosde
556 3085 698 3129 negotiis
722 3085 834 3130 Regni
857 3084 1044 3130 Anglorum

113 3133 300 3168 nullatenus
323 3131 439 3166 habere
451 3135 659 3176 potestatem,
686 3135 807 3170 ibidem
829 3136 862 3169 in
875 3136 1046 3170 continen-

113 3184 142 3217 ti
155 3206 167 3223 ,
193 3193 260 3218 tam
273 3193 330 3226 pro
354 3182 467 3226 seipfis
486 3207 497 3223 ,
524 3196 621 3228 quam
634 3195 776 3228 prototo
794 3186 914 3230 Regno
925 3184 964 3220 ad
976 3186 1045 3220 Do-

114 3233 242 3271 minum
255 3232 376 3276 Papam
389 3231 627 3276 appellaverunt
639 3258 651 3274 ,
671 3235 706 3269 &
718 3236 751 3269 in
763 3237 962 3279 protectione
975 3236 1045 3269 Do-

113 3282 197 3317 mini
219 3281 313 3326 Papa:
326 3305 336 3320 ‚
359 3283 395 3316 ὅ(
409 3282 516 3316 nostra
540 3284 686 3326 seipsos,
713 3287 746 3319 ἀ
758 3287 911 3331 Regnum
925 3297 1047 3330 ponen-

113 3344 182 3373 tes,
207 3331 296 3365 diem
309 3343 439 3376 quoque
450 3333 492 3368 ad
505 3332 622 3366 festum
645 3335 751 3369 Sancti
765 3336 1041 3371 Martiniconsti-

115 3391 242 3417 tuentes
255 3406 262 3413 .
291 3379 396 3416 Unde
408 3382 598 3417 mandamus
617 3381 784 3420 dilectioni
799 3387 925 3427 vestras,
951 3386 983 3419 &
1007 3398 1047 3420 ex

113 3434 200 3476 patte'
223 3431 366 3466 Domini
387 3431 522 3475 Papae&
546 3432 653 3466 nostra
674 3436 873 3479 praecipimus
887 3461 897 3478 ,
934 3446 1047 3478 quate-

208 3481 315 3523 Christ.
328 3484 407 3526 Lupi
418 3486 517 3526 Opera
527 3486 605 3519 Tom.
616 3485 659 3515 X.

1852 128 1951 173 ⁴193

1089 205 1150 230 nus
1158 192 1339 229 deferentes
1350 191 1576 236 Appellationi
1588 192 1737 236 praediaae
1748 222 1758 238 ,
1784 197 2020 234 inhibitionem

1086 246 1207 285 etiam,
1232 254 1330 287 quam
1342 243 1509 278 Dominus
1529 241 1618 286 Papa
1644 245 1675 278 se
1698 247 1790 281 vobis
1803 251 1910 285 fecisse
1928 249 2020 284 testa-

1087 305 1160 336 tur,
1185 293 1413 336 attendentes,
1437 292 1565 328 nullum
1579 292 1804 336 interdictum,
1828 300 1952 334 nullam
1962 301 2018 335 ex-'

1087 343 1419 380 communicationem
1432 344 1467 379 in
1485 344 1609 388 Regno
1621 342 1810 388 Anglorum
1834 345 2022 390 intendatis,

1087 396 1255 440 quousque
1268 395 1458 438 Apostolica
1469 393 1630 437 praesentia
1642 393 1775 428 adeatur
1784 416 1795 432 ‚
1820 395 1851 427 &
1863 399 1939 438 quid
1954 400 2023 433 Do.

1087 448 1179 480 mino
1191 444 1286 488 Papae
1295 468 1305 484 ‚
1333 446 1367 480 ὅ(
1380 446 1540 479 Romanae
1553 444 1698 478 Ecclesia:
1708 445 1799 486 super
1823 442 1874 477 his
1887 445 2023 487 placeat,

1087 496 1280 540 agnoscatur
1290 521 1297 528 .
1325 495 1383 539 Ipsi
1406 504 1536 538 quoque
1548 493 1751 537 Episcopi&
1766 491 1914 528 Abbates
1928 494 2026 527 Nun·

1088 549 1156 580 cios
1176 546 1322 588 proprios
1343 545 1382 579 ad
1407 556 1464 579 vos
1485 543 1710 578 transmittunt
1729 569 1740 585 ,
1766 544 1822 588 qui
1836 543 2027 588 appellatio·

1090 607 1163 631 nem
1186 596 1218 628 in
1244 596 1351 630 nossra
1374 594 1540 639 praesentia
1573 593 1688 628 fastam
1708 619 1720 635 ,
1754 595 1789 629 &
1810 593 1898 629 diem
1935 591 2029 629 vobis

1088 646 1287 680 denuncient
1301 671 1308 678 .

1243 744 1652 780 EPISTOLA
1756 743 1889 778 XXX.

1093 847 1259 880 Alexandro
1271 848 1364 888 Papae
1376 845 1504 879 Thomas
1516 842 1739 886 cantuariensis
1749 842 2030 886 Archi-Epistopus.

1206 945 1481 981 18ER1ARUM
1508 946 1686 984 cumulus,
1711 946 1744 979 ὅ(
1766 944 1921 979 dolorum
1945 955 2034 979 acet·

1232 997 1315 1031 bitas
1336 997 1484 1030 nostrum
1497 1020 1507 1035 ,
1537 998 1569 1030 ὃ(
1584 995 1842 1030 Coexulantium
1856 994 1952 1029 nobis
1966 1005 2036 1028 cor-

1094 1048 1134 1081 da
1146 1047 1321 1090 perculerat
1332 1071 1342 1086 ,
1369 1047 1403 1080 δι
1417 1045 1727 1080 Christianiffimum
1740 1045 1867 1088 Regem
1884 1045 1916 1078 &
1939 1047 2038 1087 Opti·

1096 1108 1196 1131 mates
1208 1098 1319 1142 Regni
1332 1098 1533 1131 Francorum
1546 1096 1764 1140 compassione
1779 1096 1927 1129 Ecclefiae
1942 1119 1952 1134 ,
1980 1094 2037 1127 da·

1096 1158 1157 1187 taz,
1184 1158 1220 1180 ut
1240 1146 1408 1181 videbatur
1421 1148 1454 1180 in
1475 1145 1617 1194 adventu
1633 1148 1766 1190 Joannis
1779 1146 1819 1179 de
1830 1143 2037 1181 Oxeneford,

1098 1210 1131 1229 ιη
1155 1208 1269 1231 manus
1291 1209 1427 1236 eorum,
1454 1197 1510 1239 qui
1535 1206 1681 1239 qucerunt
1704 1197 1849 1230 animam
1873 1195 1939 1237 ejus
1966 1218 1976 1234 ,
2002 1203 2039 1226 ut

1097 1245 1243 1279 auferant
1266 1258 1337 1280 eam
1363 1271 1374 1285 ,
1400 1246 1587 1290 gravissimo
1620 1247 1738 1278 laeserat
1775 1245 1927 1279 scandalo
1952 1268 1962 1283 ,
2000 1252 2038 1276 ut

1098 1294 1299 1328 exulceratus
1320 1296 1448 1327 animus
1460 1304 1643 1336 quereretur
1665 1292 1764 1326 fidem
1778 1316 1788 1331 ‚
1814 1294 1847 1326 &
1871 1295 2041 1325 veritatem

1100 1342 1238 1378 sublatas
1261 1346 1323 1377 effe
1346 1343 1387 1377 de
1406 1354 1506 1376 terra.
1534 1342 1596 1376 Sed
1621 1341 1708 1385 quod
1732 1341 1843 1384 pietati
1870 1342 1975 1376 vessrae
1994 1352 2040 1374 re·

1101 1393 1221 1428 tribuat
1249 1394 1345 1427 Pater
1365 1394 1658 1427 misericordiarum
1671 1418 1680 1432 ,
1708 1391 1911 1426 Sandiiffime
1925 1390 2041 1434 Iudex,

1102 1445 1320 1478 amantissime
1340 1443 1437 1477 Pater
1450 1467 1461 1483 ,
1486 1444 1517 1476 δε
1543 1443 1689 1476 Ecclefiae
1704 1443 1766 1475 Dei
1781 1442 1963 1476 fideliffime
1977 1441 2044 1474 Cu-

1103 1495 1187 1534 stos,
1215 1493 1392 1527 secundum
1418 1492 1664 1525 multitudinem
1686 1491 1839 1525 dolorum
1872 1493 1906 1524 in
1941 1489 2046 1523 cordi-

1104 1544 1162 1577 bus
1187 1543 1303 1576 nossris
1324 1543 1569 1576 consolationes
1593 1541 1957 1574 vessraelaetificavetunt
1970 1539 2044 1573 ani-

1105 1604 1173 1626 mas
1197 1592 1335 1627 nostras.
1365 1593 1436 1635 Jam
1456 1593 1543 1625 enim
1568 1591 1621 1633 spe
1644 1591 1721 1623 salvi
1744 1591 1819 1624 fasti
1852 1592 1985 1628 summ,
2011 1589 2044 1623 &

1107 1641 1395 1676 (hristianiffimus
1418 1642 1492 1676 Rex
1507 1665 1517 1681 ,
1550 1641 1583 1674 ὃς
1605 1642 1761 1684 Regnum
1783 1640 1851 1682 eius
1865 1665 1876 1680 ‚
1904 1637 2046 1683 Aposto-

1106 1692 1185 1726 latui
1213 1693 1317 1726 vestro
1337 1717 1348 1732 ,
1373 1702 1470 1735 quem
1495 1692 1587 1723 Deus
1608 1691 1774 1731 optimum
1797 1690 1917 1730 faciat,
1952 1690 1986 1723 &
2010 1689 2046 1722 in

1106 1751 1250 1783 tempora
1269 1741 1370 1783 longa
1385 1737 1583 1781 protendat,
1610 1739 1798 1772 innumeras
1823 1749 1957 1782 agentes
1976 1749 2047 1781 grae

1106 1790 1188 1829 tias,
1213 1799 1316 1822 totam
1331 1787 1598 1831 indignationem
1612 1789 1700 1822 suam
1713 1798 1900 1830 retorquent
1915 1789 1947 1821 in
1961 1788 2047 1827 illos,

1105 1838 1163 1882 qui
1186 1839 1218 1872 se
1238 1839 1279 1872 de
1300 1838 1473 1881 Maiestate
1500 1837 1598 1871 vestra
1630 1837 1819 1879 juramentis
1841 1839 1903 1871 suis
1935 1839 2048 1871 trium-

1106 1888 1213 1933 phasse
1237 1889 1465 1933 gloriabantur
1487 1911 1494 1917 -
1524 1888 1599 1921 Rex
1621 1889 1710 1922 enim
1735 1887 1801 1931 ipse
1823 1912 1833 1928 ,
1871 1886 2043 1931 postquam

1106 1939 1307 1983 dignationis
1322 1937 1429 1972 vestrae
1441 1938 1659 1971 excusatorias
1674 1938 1797 1980 recepit
1809 1937 1929 1970 litteras
1941 1962 1950 1976 ‚
1979 1948 2049 1980 pru-

1106 1989 1243 2028 dentiae,
1269 1987 1417 2029 justitiae,
1444 1988 1628 2021 sanctitatis
1647 2014 1658 2029 ,
1687 1988 1720 2021 &
1743 1987 1964 2021 Beatitudinis
1994 1998 2045 2019 ve-

1106 2037 1172 2070 strae
1191 2038 1332 2083 gloriam
1355 2037 1506 2081 praedicat
1529 2038 1562 2071 ὃς
1586 2037 1743 2076 extollit,
1770 2038 1813 2071 &,
1837 2038 1996 2071 malitiam
2014 2037 2049 2070 δε

1107 2088 1234 2122 fraudes
1255 2098 1390 2129 eorum,
1416 2088 1472 2131 qui
1495 2087 1579 2121 falsis
1606 2088 1790 2123 rumoribus
1810 2087 2046 2122 scandalizave-

1107 2148 1179 2171 rant
1203 2138 1379 2171 Ecclesiam
1401 2137 1611 2171 Gallicanam
1633 2161 1644 2177 ,
1678 2137 1936 2182 obloquentibus
1968 2147 2045 2180 gau-

1106 2187 1220 2221 denter
1239 2189 1398 2230 exponit,
1424 2188 1458 2222 &
1479 2188 1644 2222 interdum
1682 2189 1796 2222 invitis
1818 2188 1955 2222 adversae
1979 2199 2046 2230 par·

1107 2239 1170 2275 tis,
1195 2237 1217 2270 fi
1233 2238 1316 2270 forte
1337 2236 1454 2270 adsunt
1468 2260 1478 2275 ‚
1505 2238 1626 2282 ingerit
1645 2238 1796 2273 auribus.
1825 2237 1977 2281 Amplius
2003 2246 2047 2270 ta-

1107 2298 1183 2321 men
1204 2288 1329 2322 laetatus
1350 2285 1395 2320 est
1408 2285 1477 2330 post
1490 2288 1668 2321 vestrorum
1682 2289 1887 2331 colloquium
1906 2289 2048 2332 Legato-

1107 2347 1177 2372 rum
1191 2360 1201 2375 ,
1227 2347 1309 2380 quos
1328 2336 1694 2372 reverenteradmittens
1708 2362 1718 2377 ,
1743 2338 1859 2378 abeis,
1885 2338 2046 2379 sicutipse

1106 2389 1246 2427 fatetur,
1272 2386 1476 2421 didicitillos
1499 2398 1567 2421 non
1594 2390 1734 2429 venisse,
1761 2400 1797 2422 ut
1821 2388 1964 2422 libertati
1987 2386 2047 2420 Ec-

1106 2438 1203 2471 clefiae
1217 2436 1424 2481 praejudicent
1447 2448 1501 2471 aut
1524 2436 1640 2477 nobis,
1669 2437 1722 2470 sed
1744 2436 2044 2480 componantinter

1107 2488 1235 2532 Regem
1261 2487 1412 2532 Apgliae‚
1438 2488 1472 2521 &
1495 2499 1576 2526 nos,
1605 2489 1639 2521 ὅ(
1662 2488 1684 2519 fi
1710 2487 1777 2520 fieri
1803 2486 1930 2529 potest,
1957 2486 2044 2519 inter

1107 2538 1256 2582 ipsum&
1269 2538 1448 2571 Ecclesiam
1461 2538 1582 2570 faciant
1604 2547 1735 2580 pacem.
1764 2536 1807 2569 Et
1820 2535 1947 2570 utinam
1969 2536 2044 2569 Deo

1107 2587 1243 2622 authore
1254 2589 1476 2632 prosperentur
1492 2587 1525 2620 in
1548 2587 1598 2618 via
1622 2587 1701 2626 ista,
1730 2586 1763 2619 in
1776 2597 1837 2630 qua
1859 2598 1918 2620 nos
1941 2596 2044 2630 prom-

1108 2639 1263 2682 ptiffimos
1275 2637 1315 2671 ad
1340 2637 1499 2671 honorem
1523 2636 1611 2676 Dei,
1636 2637 1669 2670 &
1693 2636 1876 2670 libertatem
1899 2636 2044 2670 Ecclefiae

1110 2687 1273 2723 habebunt
1284 2687 1446 2730 adjutores
1457 2712 1464 2719 .
1493 2687 1536 2720 Et
1553 2688 1658 2720 vocati
1671 2687 1712 2720 ab
1725 2688 1771 2720 eis
1786 2687 1824 2720 ad
1836 2686 2043 2728 colloquium

1108 2739 1148 2773 ad
1170 2739 1258 2773 diem
1275 2737 1433 2770 decimam
1446 2736 1481 2770 in
1493 2745 1645 2770 terrarum
1657 2737 1812 2771 confiniis
1825 2763 1834 2777 ,
1860 2737 1934 2770 cum
1952 2746 2043 2776 tunc,

1108 2800 1143 2822 ut
1156 2800 1196 2822 ex
1216 2786 1414 2822 conscientia
1424 2787 1618 2831 loquamur,
1644 2799 1715 2820 non
1732 2787 1791 2820 nifi
1812 2798 1874 2821 tres
1895 2798 1997 2831 equos
2010 2786 2043 2821 in

1107 2837 1210 2873 domo
1233 2836 1338 2871 nostra
1361 2834 1569 2877 haberemus,
1597 2836 1802 2872 obtinuimus
1827 2837 1920 2872 nobis
1945 2836 2040 2879 adjici

1110 2890 1230 2933 septem
1247 2888 1335 2927 dies,
1361 2887 1479 2929 quibus
1503 2888 1667 2922 Coexules
1693 2889 1818 2922 nostros
1838 2911 1848 2927 ‚
1873 2888 1931 2931 qui
1952 2887 2045 2921 mise·

1107 2938 1251 2973 rabiliter
1271 2937 1397 2981 dispersi
1420 2939 1518 2978 sunt,
1546 2939 1708 2981 possemus
1720 2949 1923 2979 convocare,
1950 2949 2043 2981 utpo-

1107 2987 1139 3023 te
1159 2987 1349 3023 necessarios
1367 2986 1408 3021 ad
1429 2988 1583 3023 solatium
1607 2988 1734 3023 itineris
1766 2988 1940 3034 peragendi
1962 3012 1972 3027 ,
2008 2987 2041 3020 &

1106 3039 1282 3073 confilium
1303 3037 1392 3072 verbi
1413 3038 1568 3074 trastandi
1590 3063 1597 3070 .
1637 3037 1768 3083 Quibus
1783 3040 1837 3073 vix
1863 3050 1929 3072 tam
1953 3037 2042 3071 brevi

1107 3089 1271 3127 termino,
1294 3088 1429 3123 &tanta
1451 3100 1557 3123 rerum
1574 3090 1706 3132 penuria
1718 3089 1896 3123 convenire
1910 3087 2045 3121 valenti-

1108 3139 1167 3173 bus
1179 3162 1191 3179 ,
1217 3139 1252 3172 in
1265 3139 1378 3173 octava
1389 3140 1480 3174 Beati
1494 3138 1632 3173 Martini
1643 3139 1798 3173 Dominis
1813 3139 1922 3173 vestris
1934 3138 2040 3180 Lega-

1107 3189 1147 3223 tis
1158 3189 1452 3224 occurrimusinter
1462 3189 1644 3222 Gisortium
1666 3190 1701 3223 ἀ
1721 3189 1839 3222 Triam
1852 3213 1862 3228 ,
1890 3186 2041 3221 Christia-

1109 3239 1345 3284 niffimoRege
1363 3264 1374 3280 ,
1402 3238 1570 3273 destinatis
1589 3238 1628 3271 de
1651 3237 1715 3272 hoc
1739 3237 1921 3275 Ministris,
1949 3234 2038 3279 quod

1108 3290 1138 3323 ei
1154 3291 1187 3323 in
1202 3289 1421 3324 misericordia
1434 3288 1520 3322 verbi
1533 3289 1687 3323 retribuat
1705 3290 1795 3323 Deus
1807 3311 1817 3326 ,
1847 3298 1905 3320 nos
1917 3287 1950 3319 &
1967 3296 2038 3327 pro-

1109 3340 1240 3383 scriptos
1252 3338 1374 3373 Christi
1399 3338 1562 3373 Coexules
1573 3340 1701 3372 nostros
1719 3338 1862 3379 undique
1873 3334 2042 3369 confluen-

1108 3400 1156 3424 tes
1178 3415 1189 3432 ,
1215 3389 1389 3424 liberaliter
1409 3389 1442 3421 δε
1465 3387 1692 3432 benignissime
1710 3384 1884 3420 exhibente
1905 3410 1912 3417 .
1940 3384 1982 3418 Et
2008 3386 2043 3418 sr-

1109 3450 1163 3475 cut
1175 3440 1267 3476 vobis
1293 3438 1334 3474 ab
1349 3437 1512 3483 aliquibus
1526 3439 1714 3472 intimatum
1725 3435 1770 3471 est
1785 3459 1797 3478 ,
1824 3436 2039 3518 persecthtores

1660 3487 1689 3520 R
1891 3497 1935 3520 no
1966 3484 1990 3518 ri
