2358 3776
590 113 634 159 S.
669 107 962 157 THOMAE
996 103 1391 154 CANTUAR.
1438 109 1578 156 LIB.
1613 112 1672 159 V.

144 183 343 230 cilebrantes
355 196 443 233 velut
453 195 575 231 Altaris
594 207 717 231 cornua
740 191 908 239 sanguinis
929 191 1074 234 aspersio-

130 247 190 280 ,ne'
210 246 396 289 replentur,
422 249 499 291 quia
510 246 692 291 Martyrem
715 251 904 279 venerantes
922 242 1074 284 passionis

132 294 214 336 vejus
234 298 390 330 memoria
412 297 625 331 imbuuntur.
651 296 787 332 Illorum
808 302 917 327 autem
950 302 1075 325 mentes

146 345 305 380 memoria
328 346 489 390 Martyris
512 345 631 381 imbuit
659 372 671 389 ‚
703 354 843 389 quorum
871 342 1076 375 conversatio

149 395 354 430 fortitudinis
374 396 443 439 ejus
464 398 605 432 formam
616 397 651 431 in
675 393 874 429 seostendit.
904 392 1078 425 Imitantur

146 444 237 478 euim
250 445 454 490 Martyrem,
483 447 603 491 quibus
626 444 701 480 licet
722 455 791 478 non
816 443 852 476 sit
872 440 985 475 datum
1008 442 1074 485 pati

147 504 208 538 pro
221 492 356 531 Christo
367 522 379 539 ,
407 509 466 541 pro
483 497 551 540 ejus
560 507 667 531 tamen
680 505 790 530 amore
802 491 943 526 labentia
964 492 1079 525 cunsta

147 543 353 589 despiciunt,
380 558 511 582 carnem
532 546 709 591 affligunt,
744 544 779 579 ἀ
801 540 842 577 ad
867 542 1077 588 promerenda

148 594 310 631 Coelestia
323 599 356 631 se
366 606 513 640 potenter
524 598 703 641 accingunt
713 618 722 626 -

205 656 261 694 31.
287 646 396 682 Nobis
411 647 521 691 itaque
532 646 587 690 qui
598 643 727 690 speciali
739 643 896 686 Martyris
909 641 1081 688 promerio-

152 704 200 729 ἠε
221 697 419 740 gaudemus,
445 696 600 741 praecipue
620 693 795 740 congruit,
822 703 858 727 ut
884 704 945 728 nos
964 694 999 727 in
1015 691 1083 734 ejus

154 746 315 791 obsequio
336 747 513 790 specialiter
524 746 727 790 affligamus,
753 743 879 777 dicente
891 743 1046 787 scriptura
1073 756 1083 775 .-

156 797 224 838 ,ραι
243 797 391 838 transfere
412 798 530 839 lapides
549 796 743 839 affhgeturin
757 799 798 827 eis
810 818 817 825 .
844 793 1006 837 Lapidum
1029 803 1095 841 no·-

155 845 247 879 mine
271 847 433 890 Martyres
446 847 573 890 figurari
588 844 753 889 sequentia
767 843 976 878 declarabunt
989 867 996 875 .
1024 842 1082 876 La-

158 893 251 939 pides
271 895 350 941 ergo
363 897 578 934 transferunt,
607 895 664 939 qui
676 895 879 929 translationi
898 895 1086 935 Martyrum

157 943 312 988 obsequia
334 946 394 979 suae
411 946 600 979 devotionis
618 945 812 988 impendunt
835 968 843 976 .
870 944 940 993 Qi
965 942 1087 976 scilicet

155 1004 271 1027 eorum
295 995 465 1038 Reliquias
477 994 515 1028 de
530 996 610 1029 locis
622 994 805 1029 humilibus
815 995 945 1029 elevant
956 1017 967 1034 ,
995 1003 1030 1025 ut
1042 992 1088 1024 su-

156 1041 293 1077 blimius
313 1046 347 1079 δε
366 1046 543 1079 solemnius
552 1056 627 1080 cum
639 1045 748 1080 debita
769 1043 980 1079 veneratione
1002 1052 1086 1084 repo-

154 1103 256 1127 nant.
285 1093 360 1128 Nos
370 1095 471 1139 igitur
482 1095 622 1139 lapidem
634 1095 810 1140 pretiosum
833 1094 1054 1129 transtulimus
1078 1115 1089 1131 ‚

157 1143 236 1176 eum
259 1144 467 1179 translationi
482 1145 641 1190 Martyris
652 1145 845 1190 obsequium
868 1145 965 1188 quale
987 1141 1092 1187 potui—

154 1203 232 1226 mus
246 1216 257 1232 2
282 1193 436 1230 exhibere
455 1198 657 1230 curavimus.
688 1196 741 1231 Ut
766 1196 877 1238 itaque
897 1195 987 1237 supra
1009 1191 1092 1235 pofi·

162 1251 237 1276 tum
250 1243 409 1287 scripturae
422 1245 554 1280 verbum
566 1247 737 1290 impleatur
749 1246 783 1279 in
796 1243 890 1278 nobis
902 1268 911 1284 ,
937 1243 982 1277 ob
1003 1251 1094 1274 vene·

160 1293 324 1326 rationem
337 1295 456 1337 ipsius,
479 1297 578 1338 quise
591 1308 648 1338 pro
669 1295 823 1328 Domino
842 1294 983 1326 hostiam
1002 1290 1095 1323 obtu-

159 1341 226 1381 lit,
252 1353 380 1376 carnem
407 1345 550 1376 nostram
579 1344 730 1375 Domino
755 1344 921 1374 viventem
956 1339 1096 1373 hostiam

157 1390 392 1431 immolemus,
420 1391 482 1425 uta
506 1391 601 1426 nobis
623 1391 905 1434 concupiscentias
924 1389 1042 1424 noxias
1063 1388 1097 1421 δε

157 1450 258 1483 prava
269 1439 421 1474 desideria
434 1441 630 1474 resecemus.
657 1442 710 1474 Sic
734 1442 843 1481 itaque
864 1440 1017 1473 Domino
1040 1439 1095 1470 lar·

157 1489 275 1532 giente
288 1489 448 1523 servitutis
472 1490 583 1524 nostrae
607 1490 797 1533 mysterium
821 1490 1039 1532 impleamus,
1063 1496 1099 1519 ut

159 1548 223 1580 pro
236 1539 373 1573 modulo
382 1540 438 1572 suo
450 1541 550 1583 capiti
563 1541 703 1574 membra
728 1540 943 1583 respondeant
958 1561 968 1579 ‚
995 1539 1028 1572 δε
1042 1537 1099 1570 Pa-

159 1597 245 1621 trem
257 1587 334 1621 Filii
348 1600 406 1631 pro
421 1590 540 1624 viribus
558 1590 706 1624 studeant
719 1591 859 1624 imitari.

220 1647 274 1684 32-
302 1638 355 1671 De
366 1638 441 1673 viris
452 1650 581 1684 quoque
602 1641 692 1683 justis
713 1641 845 1674 additur
862 1640 1098 1681 consequenter

163 1686 201 1721 in
226 1687 324 1722 verbo
345 1687 546 1732 Prophetico
562 1715 572 1731 ,
609 1691 699 1732 quod
721 1691 918 1734 suscepimus
934 1698 1100 1733 exponen-

161 1735 268 1770 dum.-
296 1738 441 1772 salvavit
473 1751 520 1773 eor
543 1739 629 1782 quast
641 1752 759 1785 gregem
778 1741 878 1783 populi
896 1738 943 1782 sui
968 1764 974 1770 .
1002 1738 1101 1771 Illum

165 1797 310 1829 ”amque
343 1789 501 1831 populum
537 1793 706 1825 Dominus
726 1791 826 1834 elegit
859 1788 899 1823 ad
931 1789 1066 1821 salutern
1092 1810 1104 1826 ‚

162 1835 225 1879 qui
248 1835 323 1870 cum
345 1838 475 1873 ratione
502 1838 609 1883 vigeat
627 1861 638 1877 ‚
673 1850 728 1882 per
747 1838 913 1880 quandam
936 1846 1044 1870 tamen
1072 1836 1103 1868 si·

167 1885 397 1920 militudinem
421 1888 452 1921 se
473 1890 566 1934 gregi
587 1889 773 1923 conformat
801 1913 808 1920 .
848 1889 953 1922 Decet
973 1886 1064 1919 enim
1094 1908 1104 1925 ,

165 1943 206 1968 ut
227 1935 338 1970 fideles
357 1936 509 1971 Domino
531 1939 709 1972 servientes
728 1949 782 1982 per
809 1937 1000 1980 sapientiam
1013 1935 1101 1968 &di-

165 1985 363 2020 scretionem
385 1987 445 2020 sint
467 1988 606 2031 populus
627 2012 639 2028 ,
678 1999 732 2031 per
765 1985 1050 2020 mansuetudinem
1072 1984 1103 2017 &

170 2034 414 2076 simplicitatem
436 2035 497 2070 fint
517 2049 618 2083 grex.
647 2037 754 2072 Unde
776 2037 895 2071 dicitur
907 2047 960 2079 per
974 2034 1103 2068 Psalmi-

169 2083 279 2118 flam.-
306 2089 374 2118 Nos
390 2087 518 2127 populus
542 2089 576 2122 ό·
592 2098 660 2121 oves
687 2085 806 2130 Pascuae
828 2094 888 2120 tuae
913 2111 919 2118 .
959 2085 1106 2128 Populus

168 2133 245 2168 funt
266 2134 411 2175 &oves,
438 2137 497 2177 qui
516 2138 591 2171 sunt
612 2137 787 2181 prudentes
807 2147 843 2171 ut
864 2135 1015 2170 homines
1037 2159 1047 2174 ‚
1073 2135 1105 2167 ἃ

170 2183 335 2226 simplices
347 2185 437 2219 velut
452 2197 547 2220 oves.
576 2187 671 2221 Hinc
694 2187 812 2221 iterum
828 2198 880 2229 per
902 2185 1104 2219 psalmistam

170 2231 320 2267 dicitur.-
344 2236 408 2278 ,Qut
427 2236 548 2269 deducis
569 2238 651 2271 velue
674 2248 757 2270 ovem
765 2235 903 2283 Josepb.
936 2235 1107 2278 Virjustus

173 2293 231 2325 per
244 2283 309 2317 vias
321 2286 418 2318 restas
429 2283 602 2320 deducitur
624 2288 663 2321 ad
686 2289 839 2331 superna,
866 2286 942 2321 cum
966 2286 1000 2319 in
1014 2285 1107 2319 bonis

173 2332 329 2374 operibus
342 2335 472 2376 proficit
494 2336 580 2380 quasi
603 2337 741 2382 Joseph;
768 2336 884 2381 Joseph
906 2336 1105 2371 eniminter-

173 2392 318 2425 pretatur
335 2393 566 2428 augmentum.
597 2388 640 2422 Et
651 2398 760 2422 tamen
775 2387 891 2422 utovis
912 2397 973 2420 nee
993 2384 1106 2428 simpli·

177 2432 311 2466 citatem
324 2434 462 2476 deserit,
490 2448 549 2470 nec
574 2437 857 2471 mansuetudinem
878 2435 1074 2479 derelinquit
1100 2457 1106 2464 -

175 2479 253 2514 Viri
265 2481 372 2516 Sansti
381 2483 529 2520 Creatori
539 2486 679 2521 dedicati
696 2487 804 2520 taliter
828 2486 869 2520 ad
896 2485 1033 2529 patriam
1054 2483 1104 2518 de·

176 2528 366 2571 ducuntur,
391 2535 467 2575 quia
490 2537 647 2578 profectui
667 2536 841 2581 vigilanter
863 2535 1030 2575 insistunt,
1057 2544 1106 2577 pa-

174 2579 319 2622 storique
331 2581 390 2614 suo
411 2583 596 2626 simpliciter
616 2587 650 2619 ὅ(
671 2586 839 2620 humiliter
858 2585 1071 2629 aequiescunt
1099 2608 1107 2615 .

175 2629 286 2664 Unde
298 2629 483 2675 Religionis
494 2634 705 2668 eminentiam
730 2635 813 2669 bene
831 2635 991 2678 significat
1013 2634 1108 2668 turris

175 2679 311 2724 gregis»
338 2679 379 2715 de
400 2693 464 2725 qua
486 2683 605 2728 legitur
626 2684 660 2718 in
686 2684 839 2728 scriptura
859 2710 866 2716 .
894 2684 956 2718 Per
976 2694 1107 2728 gregem

174 2730 271 2763 enim
282 2727 453 2766 humilitas
464 2756 475 2772 ,
487 2744 541 2776 per
554 2733 667 2768 turrim
678 2733 818 2768 altitudo
830 2735 971 2779 signatur
981 2759 988 2766 .
1015 2733 1108 2780 Qid

178 2779 226 2812 est
244 2779 345 2823 igitur
356 2783 449 2816 turris
463 2784 573 2828 gregis
584 2808 595 2824 ,
622 2785 680 2818 nisi
695 2783 841 2818 sublimis
852 2783 1019 2818 humilitas
1029 2807 1039 2823 ‚
1052 2795 1110 2818 aut

177 2828 318 2864 humilis
327 2830 488 2866 altitudo?
514 2834 661 2880 Qarum
675 2845 842 2878 utramque
854 2835 951 2868 status
964 2834 1108 2878 Religio-

172 2880 233 2916 ,οἱς
244 2879 390 2915 observat
399 2907 410 2923 ‚
437 2883 513 2927 quia
525 2883 704 2919 sublimitas
714 2885 805 2918 estin
816 2895 912 2928 opere
921 2883 1108 2924 laborantis,

178 2931 218 2965 ἂι
231 2930 401 2964 humilitas
411 2932 446 2966 in
458 2933 672 2969 aestimatione
687 2935 803 2970 laboris
815 2958 822 2966 .
848 2933 952 2969 Unde
974 2934 1108 2968 Balaam

180 2979 298 3014 Castra
318 2981 481 3015 Filiorum
503 2982 597 3018 lsrael
620 2986 733 3019 videns
756 2986 825 3019 ait.-
864 2987 968 3028 ‚Quam
983 2983 1109 3026 pulchra

176 3030 386 3063 :sabernacula
396 3041 448 3064 tua
453 3035 486 3076 J
488 3033 557 3066 acob
570 3057 582 3073 ,
608 3037 642 3069 ὁ·
651 3041 776 3070 tentoria
788 3045 841 3068 tua
853 3035 947 3078 Israel
955 3034 1038 3077 quasi
1045 3034 1108 3068 val-

180 3082 226 3114 les
239 3078 415 3122 nemorosae.
445 3081 506 3116 Per
519 3083 629 3117 Castra
638 3086 795 3120 Filiorum
806 3086 899 3120 lsrael
921 3085 1108 3129 Religionis

183 3131 271 3167 acies
293 3131 478 3175 figurantur
499 3156 510 3173 ,
536 3144 607 3177 quae
628 3137 764 3171 vallibus
785 3136 960 3170 nemorosis
979 3134 1124 3179 egregie*

181 3190 413 3224 comparantur
423 3205 434 3221 ‚
444 3181 522 3225 quia
534 3184 626 3218 vallis
637 3185 681 3218 est
691 3183 820 3221 humilis
833 3210 843 3225 ,
870 3196 983 3220 nemus
993 3186 1123 3232 altum„

181 3231 278 3276 Qid
289 3231 333 3264 esi
345 3231 446 3276 igitur
457 3232 550 3266 vallis
563 3237 750 3277 nemorosa,
778 3237 833 3270 nisi
852 3236 991 3279 depressa
1013 3234 1123 3271 subli-]

185 3281 285 3314 miras
294 3304 305 3320 ‚
331 3291 385 3315 aut
395 3281 562 3317 humilitas
582 3286 744 3320 exaltata?
768 3287 876 3333 Qam
896 3287 1107 3320 conversatio-

185 3329 238 3366 nis
250 3331 390 3366 formam
405 3332 563 3377 Religiofi
572 3333 655 3368 bene
664 3336 855 3371 conservant
865 3362 875 3377 ‚
903 3337 978 3380 quia
990 3335 1107 3369 suntin

187 3380 343 3415 cordibus
356 3381 418 3415 suis
430 3382 568 3416 humiles
579 3384 656 3418 &in
670 3386 820 3429 operibus
834 3387 896 3421 suis
906 3385 1108 3420 excellentes.

240 3440 259 3483 3
264 3440 294 3477 3.
322 3431 473 3473 Sequitur
483 3433 517 3466 in
533 3434 630 3468 verbo
654 3434 868 3478 prophetico:
895 3437 1037 3471 salvavit
1061 3447 1109 3471 eos

289 3480 395 3522 Christ.
407 3485 486 3526 Lupi
496 3488 594 3526 Opem
605 3488 683 3519 Tom.
698 3488 740 3519 X.

1905 130 2000 175 377

1130 193 1287 225 ,Dominus
1300 193 1384 224 Deus
1405 202 1502 224 eorum
1515 216 1527 232 ,
1549 200 1622 235 quia
1628 198 1746 238 lapides
1758 197 1861 233 San&
1870 200 2066 233 elevabuntur

1136 241 1347 286 superterram
1359 243 1424 282 ejus
1450 264 1457 272 .
1484 242 1627 275 Salutem
1647 246 1725 289 ergo
1749 248 1894 284 fidelium
1915 260 2067 294 operatut

1141 291 1333 325 Sanctorum
1356 291 1520 335 Lapidum
1533 293 1675 326 elevatio
1693 297 1782 338 super
1801 311 1933 334 terram.
1962 297 2069 347 Qiod

1142 340 1285 384 lapidum
1297 343 1434 376 nomine
1446 342 1554 377 Sancti
1578 341 1739 385 Martyres
1756 347 1981 392 designentur,
2009 348 2069 394 qui

1141 390 1234 425 solidi
1246 391 1377 426 fuerunt
1389 392 1423 425 in
1434 393 1644 433 constantia,
1671 394 1813 427 fortesin
1838 398 1954 436 justitia
1975 425 1986 440 ‚
2011 400 2068 432 du.

1142 441 1167 474 ri
1180 452 1295 475 contra
1308 451 1490 483 tormenta,
1517 443 1649 476 testatur
1662 442 1718 476 ille
1737 443 1792 486 qui
1818 446 1883 477 ait:
1910 451 1991 491 Quos
2017 453 2073 480 im.

1140 490 1206 524 bres
1218 498 1359 525 montium
1370 494 1519 537 rigant,&
1530 504 1587 525 non
1597 492 1740 526 habentes
1752 495 1890 527 velamen
1900 499 2071 535 amplexata.

1140 543 1337 584 tuo-lapides.
1365 542 1535 577 Montium
1559 543 1674 577 imbres
1685 546 1815 587 rigant,
1840 555 1922 588 quos
1934 545 1994 577 viri
2005 556 2074 580 tam

1143 592 1277 626 scientia
1293 617 1304 632 ‚
1330 593 1428 636 quam
1441 593 1506 626 vita
1519 593 1673 627 sublimes
1688 593 1789 627 verbis
1803 595 1918 637 pariter
1928 594 1960 628 δι
1971 604 2075 629 exem·

1144 643 1205 685 plis
1218 641 1415 677 informant.
1445 643 1617 677 Velamine
1627 654 1738 677 autem
1748 654 1883 684 carent,
1908 646 1963 686 qui
1977 642 2079 677 bono-

1144 703 1358 735 rumoperum
1372 702 1566 727 ornamenta
1579 704 1646 726 non
1661 692 1781 727 habent
1793 719 1800 726 .
1827 695 1911 728 Sunt
1946 703 2077 736 nanque

1147 742 1302 776 virtutum
1313 753 1410 786 opera
1423 744 1508 786 quasi
1534 743 1633 777 vestes
1656 767 1667 783 ‚
1692 743 1812 786 quibus
1831 743 1940 777 anima
1964 743 2081 778 decen·

1147 802 1194 825 ter
1204 803 1358 833 ornatur,
1389 793 1422 827 δε
1434 793 1661 836 pudendorum
1675 794 1801 827 atinum
1814 793 1944 828 foeditas
1969 793 2082 838 operi-

1147 850 1220 881 tur,
1247 852 1289 875 ne
1301 843 1318 876 a
1332 843 1469 885 superno
1480 843 1589 886 judice
1601 843 1765 877 videatur.
1796 843 1901 878 Unde
1912 845 2078 888 scriptum:

1149 894 1262 924 Beatus
1273 898 1323 933 qui
1335 892 1455 931 custodit
1469 893 1645 934 vestimenta
1653 893 1709 936 sua
1724 918 1735 934 ,
1760 905 1796 926 ne
1811 894 1905 926 nudus
1928 894 2059 927 ambulet
2072 916 2085 933 ‚

1152 942 1193 974 Et
1207 941 1386 983 Apostolus
1412 942 1598 977 Corinthiis
1621 942 1762 977 scribens
1783 943 1847 977 ait:
1875 945 1986 977 Scimus
2011 954 2085 987 quo-

1151 997 1235 1024 niam
1239 991 1269 1034 fi
1275 991 1418 1032 terrestris
1445 995 1549 1027 domus
1562 994 1656 1034 nostra
1666 992 1757 1034 hujus
1770 992 1970 1027 habitationis
1993 993 2088 1036 diffol-

1153 1052 1267 1083 vatur,
1293 1044 1408 1076 domum
1418 1055 1475 1076 non
1501 1055 1594 1077 manu
1609 1043 1729 1086 fallam
1745 1043 1884 1077 habemus
1908 1050 1941 1076 in
1961 1045 2053 1077 Coells
2079 1067 2087 1074 .

1154 1091 1196 1125 Et
1209 1091 1307 1136 paulo
1319 1094 1389 1137 post
1402 1093 1513 1128 addit:
1540 1096 1571 1127 53
1582 1104 1684 1129 tamen
1693 1094 1791 1135 vestiti
1804 1119 1815 1134 ,
1841 1096 1944 1128 &non
1955 1095 2090 1127 nudun-

1153 1144 1327 1175 vem'amur.
1354 1143 1496 1178 Ducitur
1508 1156 1649 1189 namque
1664 1145 1795 1178 vestitus
1806 1145 1845 1179 ad
1862 1144 1980 1190 Regna
1995 1169 2006 1184 ,
2033 1140 2088 1177 sed

1155 1193 1262 1226 nudus
1272 1193 1402 1235 ejicitur
1413 1194 1452 1227 ad
1467 1204 1628 1229 tormenta
1644 1220 1651 1227 .
1679 1196 1772 1229 Hinc
1794 1194 1910 1228 iterum
1933 1195 2090 1236 scriptum

1156 1242 1199 1275 est
1218 1254 1225 1273 :
1253 1246 1363 1276 Nonne
1375 1243 1548 1283 vestimenta
1557 1245 1658 1278 calida
1663 1244 1736 1288 sunt
1749 1270 1759 1285 ,
1785 1242 2090 1288 cumperflatafuerlt

1158 1291 1363 1329 terraaustro?
1392 1292 1513 1325 Austro
1550 1305 1632 1326 terra
1654 1294 1827 1335 perflatur,
1853 1294 1929 1327 cum
1953 1294 2094 1336 Spiritus

1159 1340 1265 1372 Sansti
1279 1341 1381 1383 gratia
1394 1342 1552 1383 repletur.
1580 1340 1688 1375 Unde
1700 1342 1840 1383 Sponsus
1851 1341 1896 1374 ait
1918 1343 1952 1374 in
1977 1342 2096 1375 Canti-

1158 1389 1223 1422 cis:
1252 1390 1340 1432 Surge
1356 1392 1470 1431 Aquilo,
1499 1396 1569 1423 veni
1591 1390 1692 1430 Auster
1714 1415 1725 1429 ,
1749 1390 1842 1431 perfla
1862 1391 1979 1424 bortum
2001 1402 2096 1423 meum

1160 1441 1193 1472 et
1201 1438 1295 1478 fluent
1307 1449 1443 1470 aromata
1453 1440 1534 1471 illius
1548 1463 1555 1470 .
1586 1439 1769 1472 Restiffime
1781 1440 1883 1482 potest
1905 1441 1971 1474 dici
1984 1438 2098 1474 hortus

1163 1488 1303 1522 Domini
1316 1490 1407 1531 quies
1431 1488 1570 1522 Claustri
1588 1512 1598 1527 ,
1624 1488 1659 1522 in
1679 1500 1745 1532 quo
1759 1489 1919 1524 Doctrina
1941 1489 2095 1524 Coelestis

1162 1538 1311 1572 inseritur
1322 1562 1332 1578 ,
1358 1539 1472 1573 Sansta
1484 1539 1688 1572 conversatio
1701 1550 1896 1584 propagatur
1908 1565 1918 1582 ,
1942 1539 2098 1574 vitiorum

1164 1588 1294 1621 frutices
1305 1589 1513 1622 succiduntur
1525 1613 1532 1621 .
1562 1589 1731 1622 Dominus
1744 1590 1842 1633 igitur
1854 1590 1898 1624 est
1912 1590 2076 1635 rogandus
2087 1613 2099 1630 ,

1164 1648 1199 1671 ut
1213 1637 1254 1671 ab
1264 1650 1338 1672 ortu
1351 1639 1406 1673 suo
1418 1638 1530 1673 flatum
1546 1639 1721 1681 Aquilonis
1735 1641 1888 1673 excludat
1900 1666 1911 1681 ,
1927 1652 1962 1674 ut
1975 1640 2015 1674 ad
2026 1649 2101 1673 eum

1164 1687 1264 1722 libere
1284 1688 1379 1722 flatus
1402 1688 1561 1722 Australis
1583 1689 1731 1722 accedat:
1760 1690 1836 1733 quia
1863 1690 2101 1724 Claustralibus

1166 1739 1326 1772 incumbit
1339 1749 1451 1777 orare,
1478 1736 1564 1780 quod
1577 1738 1882 1771 Dominusinimici
1901 1740 2032 1773 insidias
2058 1750 2106 1773 re·

1166 1788 1265 1831 pellat
1278 1787 1318 1821 ab
1327 1788 1372 1821 eis
1382 1812 1392 1827 ,
1416 1788 1449 1821 ὅ(
1463 1787 1618 1830 Spiritum
1633 1788 1784 1822 Sanctum
1796 1789 1992 1831 requiescere
2007 1789 2106 1823 faciat

1167 1838 1256 1881 super
1265 1849 1321 1871 eos
1333 1862 1340 1869 .
1369 1838 1457 1871 Facit
1471 1847 1578 1871 autem
1592 1849 1736 1871 aromata
1750 1837 1848 1871 fluere
1861 1838 1957 1872 flatus
1971 1839 2104 1879 Austri,

1168 1886 1200 1920 id
1228 1888 1293 1927 est,
1322 1888 1457 1930 Spiritus
1469 1887 1576 1921 Sansti
1588 1889 1692 1931 gratia
1706 1898 1899 1931 procurante
1919 1900 1974 1932 per
1998 1889 2108 1923 lauda-

1168 1937 1242 1970 bilis
1257 1938 1347 1970 famae
1371 1937 1535 1980 praemium
1559 1937 1600 1971 ad
1622 1947 1702 1977 eos,
1730 1939 1786 1982 qui
1801 1938 1880 1973 foris
1903 1939 1976 1972 sunt
1991 1963 2002 1979 ,
2028 1939 2107 1972 odo-

1169 1985 1261 2019 rifera
1283 1987 1515 2021 Claustralium
1541 1998 1638 2030 opera
1674 1987 1861 2022 derivantur
1897 2014 1907 2030 ,
1946 1998 2106 2032 quatenus

1169 2037 1315 2080 exempla
1335 2036 1492 2079 justorum
1516 2037 1743 2079 confundant,
1770 2038 1889 2082 impios
1900 2050 2008 2073 autem
2020 2050 2106 2073 con·-

1170 2097 1313 2121 vertant.
1343 2087 1398 2121 Est
1423 2088 1534 2131 itaque
1557 2089 1693 2131 Spiritus
1716 2090 1849 2123 Sandius
1863 2088 2106 2132 Auster&ejus

1171 2137 1336 2180 inspiratio
1356 2137 1452 2171 ssatus
1477 2137 1608 2171 Austri.
1635 2138 1744 2182 Opera
1769 2140 1845 2173 vero
1868 2139 1953 2174 bona
1976 2165 1987 2180 ,
2024 2139 2107 2173 ficut

1170 2189 1333 2228 diximus,
1360 2199 1415 2231 per
1436 2187 1630 2222 vestimenta
1652 2189 1841 2232 signantur.
1870 2190 1965 2224 Facit
1993 2190 2103 2232 itaque

1173 2238 1359 2286 vestimenta
1372 2237 1477 2271 calida
1489 2237 1583 2273 flatus
1596 2237 1710 2272 Austri
1725 2265 1734 2280 ,
1760 2239 1836 2283 quia
1849 2240 2006 2274 virtutum
2030 2250 2106 2282 ope·

1171 2299 1203 2321 ra
1225 2287 1330 2321 reddit
1352 2285 1533 2320 devotione
1554 2288 1713 2323 ferventia
1748 2289 1897 2323 Coelestis
1932 2288 2106 2331 inspiratio

1171 2349 1227 2372 cor
1239 2337 1429 2370 illuminans
1450 2335 1482 2368 ὅ(
1495 2334 1722 2371 inflammans:
1750 2338 1909 2380 quoniam
1921 2337 1961 2372 ab
1976 2338 2101 2372 Austro

1173 2387 1308 2421 veniunt
1327 2386 1383 2419 lux
1407 2384 1555 2419 &calon
1584 2386 1790 2431 Qosigitur
1801 2389 1967 2421 montium
1987 2388 2105 2422 imbres

1171 2437 1298 2482 rigant,
1324 2436 1357 2470 &
1369 2446 1436 2469 non
1449 2433 1605 2468 habentes
1618 2435 1765 2467 velamen
1782 2434 1903 2477 lapides
1921 2437 2109 2480 amplexan-

1170 2498 1222 2522 tur
1246 2511 1257 2528 ,
1284 2487 1361 2531 quia
1387 2492 1593 2527 peccatorum
1616 2483 1747 2517 Sarcina
1772 2488 1954 2530 praegravati
1980 2511 1991 2526 ,
2027 2487 2105 2522 cum

1170 2537 1292 2572 fuerint
1315 2533 1482 2570 Dod'rrinis
1519 2531 1696 2568 salubribus
1719 2534 1837 2568 eruditi
1859 2560 1870 2575 ,
1897 2537 1946 2569 vel
1974 2537 2104 2580 propria

1170 2587 1333 2622 clamitate
1356 2582 1510 2627 compulsi
1525 2607 1536 2623 ,
1562 2582 1750 2627 Martyrum
1764 2584 1936 2629 Reliquias
1953 2597 2106 2621 veneran-

1169 2648 1221 2674 tur
1246 2662 1257 2679 ‚
1284 2646 1320 2670 ut
1354 2643 1468 2670 eorum
1489 2632 1619 2668 nuditas
1647 2634 1838 2670 Sanctorum
1871 2637 2098 2672 intercessione

1170 2697 1299 2734 tegatur
1320 2710 1328 2717 -

1220 2746 1271 2784 34.
1298 2733 1470 2770 Rursnsde
1481 2733 1643 2779 lapidibus
1653 2734 1720 2770 istis
1729 2737 1879 2781 scriptum
1893 2738 1938 2772 est
1951 2752 1961 2772 .·
1975 2743 2010 2771 ln
2019 2746 2099 2780 prae·

1168 2792 1265 2829 ruptis
1281 2785 1408 2829 filicibus
1421 2787 1532 2829 aquila
1557 2796 1767 2820 commoratur.
1795 2787 1857 2822 Per
1884 2789 2042 2832 Aquilam
2056 2788 2103 2822 vir

1169 2836 1445 2878 contemplativus
1466 2835 1686 2881 intelligitur,
1714 2837 1842 2883 qwuisuae
1861 2839 1980 2872 mentis
2003 2837 2101 2871 intui-

1170 2885 1383 2930 tumjustitiae
1406 2886 1439 2919 in
1452 2886 1521 2920 sole
1544 2885 1683 2931 defigit,
1708 2888 1765 2935 qui
1787 2887 1935 2923 sublimia
1958 2888 2102 2922 volando

1170 2935 1362 2982 penetrans,
1388 2935 1644 2971 considerationi
1686 2938 1895 2980 supernorum
1932 2937 2073 2972 intendit
2096 2961 2104 2969 .

1170 2989 1370 3030 Praetuptum
1383 2994 1491 3021 autem
1503 2986 1548 3021 est
1563 3010 1574 3027 ,
1600 2996 1635 3020 ut
1648 2985 1729 3020 dicit
1741 2987 1860 3022 Beatus
1885 2988 2064 3031 Gregorius
2090 3009 2103 3026 ,

1168 3038 1259 3080 cujus
1270 3047 1340 3080 pars
1350 3035 1488 3074 cecidit,
1515 3048 1586 3080 pars
1599 3035 1735 3070 subsistit
1747 3062 1754 3069 .
1783 3037 1955 3080 Praeruptis
1973 3037 2053 3082 ergo
2065 3036 2101 3068 si-

1169 3087 1284 3122 licibus
1296 3086 1374 3120 reste
1387 3087 1550 3129 Martyres
1560 3095 1788 3129 comparantur
1798 3112 1808 3128 ,
1835 3097 1974 3132 quorum
1986 3095 2099 3128 corpo-

1169 3149 1201 3172 ra
1213 3149 1266 3181 per
1278 3136 1476 3180 Martyrium
1490 3135 1698 3176 ceciderunt,
1725 3137 1851 3179 spiritus
1861 3148 1968 3170 autem
1981 3136 2014 3169 in
2039 3134 2100 3177 Ce-

1168 3188 1299 3222 lestibus
1318 3187 1539 3231 requiescunt,
1564 3184 1598 3218 &
1619 3185 1699 3220 sicut
1720 3187 1762 3222 de
1785 3186 1858 3221 viris
1868 3186 1992 3221 Sanstis
2012 3185 2100 3219 cani·

1167 3250 1218 3273 tur
1231 3262 1242 3278 ,
1269 3236 1438 3273 reddentes
1457 3244 1542 3268 terrae
1563 3245 1698 3278 corpora
1723 3261 1735 3278 ,
1772 3237 1886 3271 Beatas
1908 3236 2006 3270 Coelo
2028 3234 2099 3268 ani-

1167 3288 1441 3322 masintulerunt.
1471 3284 1508 3319 In
1520 3287 1682 3329 praeruptis
1704 3286 1783 3330 ergo
1807 3285 1948 3320 filicibus
1972 3284 2097 3327 Aquila

1166 3347 1387 3372 commoratur
1407 3359 1418 3376 ,
1445 3337 1521 3378 quia
1545 3336 1789 3378 contemplativi
1802 3335 1985 3378 Martyrum
2006 3334 2096 3369 obse-

1167 3390 1247 3432 quio
1259 3384 1401 3430 deputati
1415 3386 1448 3418 in
1461 3396 1574 3419 eorum
1586 3384 1742 3418 memoria
1758 3386 1980 3426 requiescunt,
2004 3385 2038 3418 &
2049 3394 2104 3417 eo-

1168 3449 1240 3474 rum
1252 3434 1495 3473 venerationi&
1524 3434 1704 3470 imitationi
1735 3435 1766 3468 se
1791 3445 1880 3470 totos
1917 3433 2110 3477 impendunt

1625 3482 1642 3517 1
1664 3483 1676 3517 i
1730 3494 1748 3530 3
1969 3483 2065 3519 Alio·
