2358 3776
270 122 310 167 S.

80 204 181 245 Sede.
207 202 462 247 Cujustarnenfi
487 204 635 247 promiffa
659 202 866 246 praecesserint
891 222 902 239 ,
927 199 1027 234 &eo-

78 251 178 299 ¹rum,
194 265 263 299 quae
273 252 454 297 juramento
468 255 592 288 firmata
607 255 680 287 sunt
696 277 706 292 ,
727 250 806 286 fides
819 250 914 285 fuerit
928 249 1031 282 adim-

84 308 188 350 pleta,
228 301 524 348 Archi-Episcopus
546 305 579 338 ὅ(
601 298 646 337 sui
678 298 972 336 reconciliabuntur
997 299 1028 330 in

83 355 167 390 brevi
182 379 193 394 ,
217 354 251 389 ἀ
265 364 327 398 pax
338 366 412 388 cum
428 353 593 387 honestate
611 350 753 387 Ecclesiae
776 351 862 384 inter
876 348 1029 392 Regnum

82 404 118 440 &
138 401 361 439 Sacerdotium
384 403 607 439 reformabitur
626 426 634 434 .
671 401 804 436 Interim
826 398 914 443 quod
938 398 1030 432 vobis

84 454 261 489 innotuisse
273 455 377 498 potest
392 479 402 494 ‚
429 454 469 488 ad
481 452 639 488 silentium
651 461 765 485 eorum
787 475 798 490 ,
822 460 892 494 quae
915 448 1027 482 Romae

83 502 282 548 gestasunt,
308 497 644 540 neceffitatemandati
668 503 841 536 arctamur.
870 498 931 532 Sed
955 497 1029 532 cum

80 554 120 587 de
133 553 196 589 fide
209 561 263 588 aut
276 555 407 598 perfidia
418 551 598 587 eonstiterit
610 551 796 594 pastionum
811 574 822 589 ,
865 549 1031 592 propalare

85 603 197 638 licebit
210 605 373 639 universa.
406 603 493 653 Qia
504 612 583 647 ergo
596 600 762 635 Dominus
790 598 1031 633 Saresbericnfis

83 652 119 687 ἃ
131 652 335 700 Reginaldus
349 650 635 687 Archi-Diaconus
646 661 698 685 me
709 652 742 685 in
754 660 811 684 cau
818 650 846 683 sa
869 648 926 682 ista
946 648 1030 681 solli-

81 702 185 738 citant
198 728 208 744 ,
235 713 384 747 rogantes
394 710 429 736 ut
441 700 529 746 quod
544 703 700 735 invenero
723 701 770 735 eis
792 698 959 732 rescribam
975 707 1030 732 aut

84 753 202 794 vobis,
227 764 338 797 precor
349 753 523 793 attentius,
551 751 662 793 utjam
682 750 767 785 dieto
794 748 1030 799 Archi-Diaco-

82 803 283 842 uentrem,
310 813 388 846 quas
401 802 428 836 ei
442 803 564 841 mitto,
592 799 709 835 habere
730 799 877 838 faciatis,
902 799 936 834 δε
959 798 1030 833 feli·

84 862 155 886 cern
171 849 245 886 De‘o
256 851 406 887 Authore
414 851 611 895 provideatis
623 851 747 886 exitum
758 861 817 885 cau
823 851 860 883 sae
873 874 880 882 .

246 1000 656 1038 EPISTOLA
732 1000 871 1036 CLVn„

98 1117 104 1122 ·
153 1105 190 1148 -J
194 1113 303 1137 oannes
314 1099 535 1142 saresberiensis
548 1101 719 1136 Roberto-de
733 1099 936 1135 Feveresbam
949 1123 954 1130 .

135 1250 431 1286 NHUMANUS
457 1253 501 1285 est
516 1275 527 1291 ,
554 1252 587 1285 &
609 1260 756 1285 extremae
776 1246 951 1292 impietatis
969 1257 1032 1280 ma·

88 1254 130 1355 I
155 1299 263 1334 culam
286 1300 465 1333 incurrit&
479 1311 612 1339 noram,
638 1300 836 1342 quipaterna
854 1297 1032 1331 afflictione

58 1380 62 1390 ,
158 1360 226 1384 non
250 1348 391 1382 laeditur.
421 1349 595 1383 Praesertim
611 1348 666 1382 ubi
688 1347 831 1382 Paternae
852 1346 1032 1391 benignita·

57 1391 60 1397 ’
90 1395 180 1432 eisin
190 1399 295 1432 filium
306 1398 585 1443 plura&grandia
607 1399 679 1432 luce
701 1397 817 1432 clarius
836 1397 963 1431 radiant
988 1407 1032 1430 at-

85 1457 244 1491 gumaenta
255 1472 262 1480 .
287 1448 429 1482 Constat
438 1449 526 1483 enim
539 1461 579 1482 ex
593 1448 751 1482 sententia
764 1447 903 1482 Domini
919 1470 929 1484 ,
941 1445 1033 1480 Cha-

87 1506 267 1541 naneorum
280 1509 412 1542 gentem
424 1509 572 1542 perpetua
585 1499 734 1532 servitute
747 1497 945 1537 damnatam,
962 1497 1033 1540 quia

85 1544 182 1582 Pater
192 1559 307 1583 eorum
319 1548 427 1583 Cham
439 1572 450 1590 ,
475 1549 493 1583 ὲ
505 1559 570 1592 quo
581 1559 684 1593 genus
704 1547 738 1580 &
762 1557 884 1581 nomen
910 1554 1037 1580 contra-

85 1608 227 1639 xerunt,
254 1598 454 1633 inhumanus
466 1598 589 1633 exstitit
609 1599 643 1634 in
664 1597 834 1632 Parentem
848 1621 855 1628 .
885 1596 973 1630 Nam
995 1608 1035 1630 ex

88 1648 261 1682 commisso
272 1646 432 1681 Authoris
446 1647 539 1690 impii
552 1656 621 1681 tota
633 1647 800 1690 posteritas
813 1645 1035 1689 praejudicium

88 1697 167 1730 tulit
182 1721 189 1729 .
218 1697 260 1730 Et
272 1697 351 1730 dum
365 1696 488 1731 odibile
501 1696 662 1731 servitutis
679 1694 803 1739 excipit
824 1695 937 1740 jugum
948 1718 958 1735 ‚
985 1695 1037 1729 de-

88 1745 417 1788 vitandaeimpietatis
429 1748 562 1780 salutare
572 1746 728 1782 omnibus
749 1755 901 1787 procurat
925 1755 1038 1778 exem·-

89 1796 178 1839 plum
191 1819 199 1827 .
226 1795 355 1828 Sane&
367 1803 431 1837 ego
443 1805 495 1827 me
504 1793 696 1828 deteriorem
721 1791 905 1834 Chananeo
933 1792 1038 1833 quoli-

91 1844 147 1878 bet
157 1843 312 1884 arbitrer,
340 1843 466 1877 ssPatrl
490 1854 558 1878 non
584 1851 783 1887 compaterer
800 1839 988 1881 laboranti,
1014 1841 1037 1874 fi

86 1893 215 1939 flagella
232 1892 299 1937 ejus
318 1903 387 1929 non
409 1893 632 1928 exulcerarent
656 1893 800 1927 animam
820 1902 925 1927 meam
948 1892 1040 1935 super

87 1944 236 1978 dolorem
248 1943 418 1978 vulnerum
431 1944 648 1988 propriorum.
679 1943 788 1986 Hujus
809 1943 855 1977 rei
881 1941 968 1976 testis
993 1941 1036 1975 est

86 1993 304 2034 conscientia,
328 1994 474 2028 testisest
494 1992 703 2029 conscientiae
727 1994 883 2027 scrutator
904 1993 938 2026 &
959 1991 1039 2024 a-rbi·

87 2044 256 2084 cerneus,
285 2044 340 2088 qui
357 2043 443 2078 forte
466 2043 585 2084 citius,
613 2044 711 2088 quam
734 2041 942 2081 credebatur,
966 2041 1038 2074 illu-

87 2093 199 2128 arabit
210 2093 397 2129 abscondita
409 2094 634 2135 tenebrarum,
659 2094 694 2127 &
718 2090 939 2126 manifestabit
962 2102 1039 2124 con-

89 2144 159 2177 silia
175 2141 344 2179 cordium.
369 2144 414 2178 Et
424 2144 488 2186 jam
510 2145 643 2188 quidem
667 2143 830 2176 adstamus
856 2149 933 2175 ante
956 2139 1038 2174 Tri-

88 2194 187 2229 bunal
204 2193 291 2237 eius,
319 2194 353 2228 δε
368 2204 446 2228 eum
465 2194 499 2227 in
521 2195 614 2228 causa
633 2193 741 2227 nostra
767 2191 913 2235 Iudicem
927 2191 1037 2233 exspe-

87 2245 235 2283 namus,
259 2243 344 2277 utin
354 2244 527 2286 conspestu
541 2244 634 2286 ipfius
645 2243 779 2276 stultum
803 2242 841 2276 fit
863 2242 1039 2275 &temera—

88 2294 174 2327 rium
189 2292 379 2326 mentiendo
391 2294 493 2327 totius
504 2292 623 2328 laboris
634 2293 668 2328 ὅ(
684 2293 779 2334 vitae,
804 2291 827 2324 fi
840 2291 918 2335 quid
929 2301 1035 2324 tamen

91 2342 260 2377 salubriter
275 2342 414 2386 patimur
423 2353 479 2376 aut
490 2342 574 2377 reste
595 2344 743 2388 agitnus,
767 2340 946 2376 mercedem
971 2351 1039 2382 per·

90 2393 186 2426 dere.
212 2391 374 2426 Laboravi
396 2403 500 2436 ergo,
525 2393 607 2427 ficut
629 2393 696 2435 ipse
717 2391 810 2426 novit
825 2416 835 2432 ,
861 2388 946 2433 apud
971 2391 1037 2423 Do·

89 2443 218 2477 minum
242 2441 545 2483 cantuariensem„
582 2452 676 2476 utens
697 2453 787 2475 nunc
808 2440 1001 2485 mitigativis
1026 2462 1036 2478 ‚

89 2489 426 2532 nunc-acerbioribus,
452 2491 591 2526 &omni
615 2493 797 2526 sermonum
821 2501 957 2536 genere,
983 2489 1036 2523 sed

89 2540 180 2575 labor
199 2551 291 2580 meus
304 2565 315 2581 ,
349 2539 440 2583 quod
463 2542 584 2582 doleo,
610 2542 698 2576 ceffit
718 2542 753 2575 in
769 2542 912 2575 cassum.
940 2540 1037 2585 Qos

87 2591 194 2626 autem
218 2590 329 2625 obices
351 2590 408 2624 ille
428 2591 576 2635 precibus
597 2591 892 2635 &persuasionibus
920 2590 1037 2624 nostris

86 2651 259 2685 opponat,
285 2641 320 2675 δε
341 2650 486 2675 retexere
508 2642 644 2685 longum
665 2641 710 2675 est
732 2665 743 2681 ,
780 2640 813 2674 &
836 2639 900 2675 fere
927 2642 1036 2683 super-

88 2691 212 2731 fluum,
235 2700 310 2725 cum
321 2691 475 2736 magister
486 2691 691 2730 Gilebertus‚
717 2701 814 2733 quem
839 2689 934 2723 vobis
955 2689 1033 2723 fide-

89 2736 154 2775 lem
164 2742 226 2775 esse
236 2752 303 2775 non
318 2741 454 2787 ambigo
466 2763 477 2782 ,
503 2741 616 2775 omnia
641 2739 820 2784 plenissime
839 2739 977 2773 audierit
995 2750 1034 2772 ex

88 2801 147 2825 ore
170 2791 256 2835 ejus.
292 2792 402 2825 Deum
427 2802 535 2826 tamen
557 2792 669 2825 testem
691 2790 810 2823 invoco
832 2789 865 2822 in
890 2789 1032 2823 animam

89 2850 216 2882 meam,
240 2841 346 2884 quod,
373 2852 409 2876 ut
420 2853 459 2875 ex
483 2841 586 2875 animi
609 2841 674 2874 mei
697 2840 857 2875 sententia
881 2839 996 2882 loquar
1022 2863 1033 2878 ‚

91 2889 387 2935 Archi-Episcopus
399 2891 595 2935 Episcopum
607 2891 723 2925 sincere
736 2889 847 2934 diligit
867 2912 879 2929 ,
905 2889 939 2923 δε
953 2887 1032 2922 salu-

89 2940 116 2974 ti
130 2951 168 2973 ac
179 2940 387 2976 indemnitati
398 2942 464 2985 ejus
475 2944 566 2986 cupit
577 2941 638 2976 effe
651 2941 848 2984 prospectum
870 2963 877 2970 .
905 2937 967 2973 Sed
986 2939 1032 2972 in-

28 3030 30 3032 v
91 2989 194 3029 fistit,
219 2991 321 3034 utqui
332 2991 725 3026 inobedientiae&illiciti
751 2992 844 3023 ausus
855 2989 926 3022 aliis
939 2987 1030 3023 dedit

92 3041 252 3078 formam,
279 3039 411 3083 seipsum
434 3043 568 3077 salubris
589 3043 623 3076 δε
639 3041 815 3076 necessariae
837 3038 1030 3073 obedientiae

89 3089 212 3123 caeteris
223 3089 345 3132 praestet
353 3091 553 3135 exemptum.
584 3089 685 3137 Qod
695 3090 718 3124 fi
729 3091 787 3124 fibi
800 3090 1025 3132 scripturarum

89 3137 288 3175 authoritate
304 3163 316 3180 ,
341 3137 533 3179 Amicorum
544 3142 682 3176 confilio
699 3166 711 3182 ‚
728 3141 762 3175 &
773 3140 914 3175 Domini
935 3138 1028 3183 Papae

91 3188 245 3224 mandato
256 3189 434 3233 persuaderi
446 3194 638 3234 permiserit,
663 3192 764 3236 ipsum
779 3189 1027 3234 &chi-Episco-

90 3250 190 3282 pum,
221 3250 317 3279 quem
340 3251 427 3273 nunc
449 3241 576 3276 fortaffe
599 3244 669 3285 plus
688 3242 772 3285 justo
795 3243 908 3281 timet,
936 3240 1028 3282 piiffi-

90 3300 184 3323 mum
207 3287 331 3322 Pa'trem
353 3290 496 3325 inveniet
517 3309 528 3329 ‚-
553 3292 586 3325 &
607 3291 707 3336 longe
727 3292 912 3336 proniorem
937 3291 1025 3334 igno·

88 3340 174 3372 scere
193 3361 204 3377 ‚
229 3339 324 3382 quam
346 3339 455 3374 ulcisci
477 3366 484 3373 .
510 3338 649 3375 Potestis
668 3342 779 3382 enim,
806 3343 840 3377 &
861 3341 990 3384 expedit
1016 3364 1027 3380 ,

89 3388 278 3428 reminisci,
305 3390 383 3431 quid
395 3388 597 3434 super-hocs
619 3391 699 3425 Sede
709 3391 901 3435 Apostolica
925 3401 1027 3434 nuper

90 3438 240 3485 Domino
252 3438 491 3474 Constantienfi
511 3439 697 3484 rescriptum
718 3441 891 3477 sst.1Nam
911 3440 953 3476 ad
975 3451 1025 3475 ve·
1042 3475 1045 3479 ,
1089 3442 1149 3478 tari
1200 3440 1357 3477 Amicum
1401 3463 1409 3474 .

157 3486 264 3529 Christ.
276 3491 354 3533 Lupi
364 3493 463 3533 Opera
474 3493 552 3523 Tom.
565 3493 607 3523 Χ.

382 115 757 165 THOMAE
826 106 1770 178 CANTUnR'IENSIS.

1886 136 1901 166 ¹
1919 132 1939 179 5
1947 128 1985 175 9

1092 198 1183 232 stram
1205 204 1260 231 aut
1285 195 1391 236 venit,
1431 194 1485 230 aut
1506 198 1622 232 debuit
1644 205 1817 243 pervenisse
1845 207 1999 241 notitiam
2029 200 2045 239 ,²-

1090 249 1184 282 Scitis
1195 247 1292 281 etiam
1306 247 1384 291 quid
1407 247 1512 281 solatii
1538 247 1615 282 inde
1637 251 1780 287 retulerit
1806 257 1959 291 Decanus
1983 268 2041 290 ve-

1091 298 1170 332 ster.
1198 295 1268 332 Aut
1287 297 1308 329 fi
1335 296 1485 337 nescitis,
1512 297 1638 331 utinam
1662 300 1795 341 omnia,
1822 317 1891 347 quae
1917 307 2032 342 Romae

1090 347 1204 393 geffit,
1231 346 1344 380 tamin
1357 345 1416 381 hac
1428 348 1520 381 causa
1532 348 1627 390 quam
1652 348 1685 380 in
1710 352 1851 392 caeteris,
1879 368 1944 390 non
1971 367 2044 390 mm

1091 397 1134 431 do
1147 395 1236 442 vobis
1249 421 1258 437 ,
1285 396 1337 430 sed
1351 398 1383 431 δε
1396 398 1457 431 toti
1471 398 1675 432 innotuerint
1688 398 1812 433 mundo
1839 425 1846 432 .
1874 402 1915 435 Et
1926 407 1946 437 fi
1965 407 2043 440 lice·-

1091 456 1137 481 ret
1159 445 1267 480 adhuc
1286 458 1323 480 ea
1351 447 1527 489 publicari,
1556 459 1609 491 per
1632 460 1692 482 nos
1710 449 1803 484 facile
1827 450 2047 488 innotesceret>

1091 496 1168 541 quid
1179 498 1285 530 astum
1299 497 1429 531 fit&de
1439 498 1730 533 consuetudinibus
1752 523 1763 540 ,
1791 499 1881 534 unde
1893 501 2040 545 litigium

1092 547 1225 580 vertitur
1239 548 1323 581 inter
1335 547 1490 592 Regnum
1505 548 1538 581 ὅτ.
1550 547 1772 583 Sacerdotium
1788 574 1798 590 ‚
1823 549 1865 584 de
1877 557 1956 594 pace
1981 550 2042 583 Ar-

1091 594 1307 640 chi-Episcopi
1320 597 1512 632 &libertate
1523 598 1672 633 Ecclefiae
1683 623 1693 639 ,
1719 599 1759 633 de
1775 600 1898 645 integra
1913 600 2040 634 restitu-

1091 647 1402 682 tione&securitate
1413 649 1563 683 omnium
1574 648 1709 683 exulum
1729 674 1735 680 .
1766 650 1858 697 Quid
1882 650 1979 686 etiam
1994 649 2043 692 ju-

1091 697 1227 738 raverit,
1254 698 1289 730 &
1310 708 1372 740 qua
1392 699 1547 733 cautione
1565 699 1739 733 firmaverit
1762 700 1924 742 pactiones
1949 724 1956 731 .
2000 699 2044 732 Et

1092 747 1219 780 interim
1234 746 1360 782 memus
1373 749 1552 782 necessitate
1564 749 1707 783 mandati
1722 773 1731 788 ,
1757 749 1836 782 dum
1863 748 2045 792 promiffio-

1094 808 1171 831 num
1183 797 1323 841 speratur
1342 798 1377 832 δε
1399 799 1600 841 exspestatur
1622 799 1723 834 fides.
1750 799 1814 832 Sed
1837 798 1920 832 nihil
1944 810 2043 843 oper-

1092 856 1160 892 tum
1173 871 1184 887 ,
1211 847 1302 891 quod
1324 858 1390 881 non
1415 849 1597 891 reveletur,
1625 849 1722 893 idque
1742 847 1879 882 authore
1897 851 1973 884 Deo
2006 850 2049 883 in'

1095 897 1197 932 brevi.
1225 897 1323 940 Juxta
1334 899 1422 932 enim
1445 898 1489 932 est
1516 900 1585 934 dies
1605 900 1796 943 perditionis
1816 911 1932 933 eorum
1947 924 1957 940 ‚
1984 898 2044 943 qui

1095 949 1129 981 in
1152 947 1324 981 mendacio
1345 947 1628 991 deprehendentur
1649 975 1662 992 ,
1695 951 1728 983 ἀ
1757 949 1982 984 retributionis
2005 959 2049 983 ac

1094 998 1240 1032 vindistae
1260 998 1365 1032 adesse
1389 999 1542 1033 festinant
1565 1010 1726 1043 tempora.
1756 999 1860 1048 Qod
1883 1000 1904 1032 fi
1929 1009 2045 1033 meum

1095 1048 1262 1082 confilium
1276 1048 1406 1082 interim
1419 1050 1568 1090 quaeritur
1581 1074 1591 1090 ‚
1617 1062 1693 1085 ecce
1706 1061 1817 1084 coram
1830 1051 1905 1085 Deo
1919 1074 1930 1090 ,
1945 1058 2046 1094 quem

1097 1097 1190 1141 hujus
1201 1096 1288 1132 verbi
1304 1098 1337 1132 in
1349 1109 1495 1134 extremo
1507 1101 1660 1134 examine
1671 1100 1783 1134 testem
1801 1101 1923 1135 invoco
1938 1125 1948 1140 ,
1975 1109 2049 1134 tota

1096 1148 1222 1191 spiritus
1235 1147 1401 1191 libertate,
1427 1150 1504 1184 &in
1519 1150 1583 1184 fide
1601 1151 1650 1184 illi
1670 1151 1825 1195 tanquam
1850 1150 1939 1184 Patri
1969 1159 2054 1193 pro⁴

1096 1195 1230 1232 misia&
1242 1198 1349 1233 debita
1362 1201 1542 1244 respondeo
1554 1225 1564 1242 ,
1591 1201 1681 1244 quod
1709 1202 1741 1234 in
1763 1200 1856 1234 omni
1880 1200 1978 1234 ardua
1990 1198 2052 1233 du-

1096 1247 1217 1280 bietate
1238 1250 1355 1282 censeo
1377 1250 1565 1283 faciendum
1589 1275 1596 1282 .
1636 1250 1772 1284 Scilicet
1795 1260 1830 1283 ut
1854 1250 1963 1292 primo
1980 1258 2055 1283 om-

1098 1296 1189 1330 nium
1203 1299 1419 1339 quaeramus&
1436 1299 1606 1341 sequamur
1616 1298 1706 1341 quod
1727 1299 1815 1340 supet
1838 1298 1902 1332 hoc
1926 1300 1979 1332 lex
1992 1297 2053 1331 Di-

1098 1348 1171 1380 vina
1183 1346 1388 1389 praescripsit:
1416 1347 1531 1395 Qaefi
1544 1345 1629 1380 nihil
1642 1355 1764 1381 certum
1788 1347 1943 1390 exprimit
1956 1371 1967 1386 ,
1995 1358 2049 1392 ref

1096 1406 1240 1431 curratur
1250 1396 1289 1430 ad
1302 1396 1457 1430 Canones
1469 1397 1501 1430 ἀ
1518 1397 1665 1441 exempla
1688 1397 1870 1432 sanstorum
1886 1423 1893 1430 .
1922 1396 1996 1431 Ubi
2028 1393 2052 1430 si

1101 1444 1182 1480 nihil
1197 1456 1321 1480 certum
1334 1447 1476 1481 occurrit
1495 1471 1506 1487 ,
1532 1447 1663 1481 tandem
1686 1447 1898 1490 explorentur
1918 1446 2051 1491 ingenia

1101 1499 1134 1531 &
1155 1497 1288 1531 consilia
1312 1498 1493 1539 sapientum
1517 1497 1548 1529 in
1574 1497 1692 1530 timore
1706 1496 1871 1537 Domini,
1899 1497 2014 1540 illique
2040 1520 2052 1535 ,

1103 1549 1151 1580 seu
1166 1546 1331 1591 pauciores
1352 1547 1405 1580 seu
1429 1546 1532 1589 plures
1554 1545 1636 1586 lint,
1662 1546 1783 1579 caeteris
1808 1547 2012 1590 praeferantur
2039 1569 2051 1586 ‚

1101 1598 1155 1640 qui
1170 1595 1331 1629 honorem
1347 1594 1412 1629 Dei
1423 1595 1609 1629 commodis
1630 1595 1784 1629 omnibus
1806 1605 2014 1639 anteponunt
2042 1620 2051 1628 .

1102 1646 1222 1680 Nullus
1237 1646 1325 1679 enim
1339 1645 1505 1679 salubriter
1519 1645 1662 1685 incedit,
1689 1645 1760 1689 lege
1781 1645 1869 1683 Dei,
1897 1657 1968 1689 quae
1982 1656 2054 1678 om·

1102 1695 1197 1729 nibus
1207 1695 1251 1729 est
1263 1695 1432 1729 certiffima
1445 1696 1549 1727 forma
1565 1693 1714 1733 vivendi,
1743 1695 1907 1736 neglesta.
1939 1696 1981 1728 Et
1992 1694 2050 1738 qui

1103 1746 1236 1778 Patrum
1256 1743 1388 1786 vestigia
1406 1743 1561 1777 detrestat
1585 1741 1704 1775 imitari
1730 1765 1741 1781 ,
1778 1741 1818 1776 ad
1850 1745 2055 1779 consortium

1105 1793 1234 1836 Regni,
1260 1803 1326 1835 quo
1340 1792 1387 1826 illi
1402 1791 1547 1837 gaudent
1560 1817 1570 1832 ,
1582 1791 1703 1827 intrare
1716 1804 1786 1826 non
1800 1794 1941 1836 potesit.
1964 1793 2055 1827 Nam

1099 1843 1132 1875 ἃ
1146 1842 1445 1887 Josue&Seniores
1468 1842 1561 1876 Israel
1587 1842 1619 1876 in
1647 1842 1768 1876 foedere
1789 1842 2055 1880 Gabaonitarum

1100 1900 1273 1937 patuerunt
1294 1893 1398 1937 culpe
1419 1917 1429 1932 ‚
1468 1894 1544 1936 quia
1566 1893 1645 1926 ficut
1672 1892 1823 1935 scriptura
1854 1893 1942 1928 testis
1967 1893 2011 1927 est
2042 1919 2055 1935 ,

1101 1943 1236 1987 sumptis
1249 1954 1360 1976 eorum
1378 1943 1508 1977 cibariis
1522 1955 1558 1977 os
1580 1942 1720 1976 Domini
1745 1954 1812 1976 non
1834 1942 2056 1988 interrogaver

1100 2003 1192 2026 runt.
1220 1991 1314 2039 Qid
1337 2003 1445 2027 autem
1470 1992 1671 2038 significatur
1685 2003 1738 2036 per
1757 2003 1795 2027 os
1810 2017 1820 2033 ,
1847 1993 1904 2027 niti
1917 1992 2055 2028 verbum

1102 2042 1270 2082 Domini,
1296 2053 1362 2086 quo
1373 2042 1469 2077 semel
1484 2045 1611 2077 locutus
1622 2042 1666 2076 est
1684 2067 1695 2084 ,
1724 2051 1759 2077 ut
1785 2044 1924 2089 idipsum
1949 2044 2053 2087 repeti

1101 2102 1169 2126 non
1183 2099 1330 2136 oporteat
1345 2118 1351 2125 .
1380 2093 1490 2137 Hujus
1505 2104 1613 2128 autem
1633 2093 1794 2138 perspicua
1806 2094 1851 2129 est
1874 2095 1907 2128 &
1920 2094 2001 2127 clara
2018 2096 2052 2128 in

1100 2142 1173 2187 lege
1199 2143 1377 2177 sententia:
1405 2146 1558 2187 ,Quoniam
1577 2146 1680 2177 melior
1701 2143 1737 2184 est
1766 2141 1932 2178 obedieniia
1954 2147 2050 2188 quam

1103 2192 1258 2226 vidi'imae.
1283 2195 1371 2236 ,Quia
1393 2196 1428 2227 <w
1443 2196 1596 2227 ariolandi
1617 2200 1728 2228 crimen
1743 2193 1779 2234 est
1803 2204 1991 2240 repugnare,
2017 2196 2053 2229 (ν

1099 2241 1182 2284 quafi
1194 2240 1288 2284 scelus
1318 2243 1501 2276 Idololatriae
1525 2246 1598 2278 nolle
1609 2243 1805 2287 acquiescere.
1837 2246 1936 2279 Hanc
1957 2243 2054 2278 Chri-

1100 2293 1165 2326 stus
1186 2292 1291 2325 edisto
1313 2292 1555 2337 promulgavit,
1580 2295 1613 2327 &
1637 2296 1780 2331 firmavit
1800 2295 1977 2339 exemplo,
2005 2296 2055 2329 fa-

1099 2344 1167 2376 stus
1177 2342 1335 2376 obediens
1347 2343 1446 2385 usque
1457 2340 1495 2376 ad
1509 2352 1648 2378 mortem
1662 2367 1672 2384 ‚
1700 2344 1824 2379 docens
1844 2346 1965 2387 quibus
1978 2346 2054 2379 fini-

1100 2390 1158 2426 bus
1180 2390 1369 2426 obedientia
1387 2391 1501 2426 debeat
1524 2393 1677 2427 limitari.
1703 2394 1935 2430 obediendum
1957 2396 2049 2430 enim

1099 2442 1144 2476 est
1157 2453 1226 2476 non
1240 2441 1393 2477 modoad
1415 2442 1569 2486 jacturam
1587 2444 1813 2487 temporalium
1840 2446 1875 2477 &
1897 2446 2046 2487 corporis

1099 2493 1280 2531 cruciatus,
1309 2491 1362 2526 sed
1375 2493 1523 2537 usquead
1540 2493 1669 2528 exitum
1691 2494 1824 2526 mortis.
1851 2493 1894 2526 Et
1917 2494 1937 2526 fi
1966 2493 2046 2527 citra

1098 2543 1130 2576 in
1143 2542 1325 2577 necestitate
1341 2543 1498 2580 cessatur,
1538 2543 1636 2576 virtus
1658 2541 1852 2576 obedientiae
1879 2554 1945 2576 non
1968 2544 2049 2577 asse-

1098 2592 1207 2636 quitur
1218 2591 1359 2636 palmam
1374 2615 1382 2624 .
1409 2591 1628 2634 Sapientiores
1640 2589 1754 2625 Amici
1773 2590 1890 2625 melius
1914 2593 2046 2627 fortasse

1097 2643 1269 2680 consulent
1282 2667 1293 2682 ,
1320 2640 1372 2675 sed
1385 2652 1474 2686 ego,
1501 2642 1576 2675 Deo
1597 2641 1692 2682 teste,
1722 2640 1762 2674 ad
1782 2643 1914 2685 praesens
1934 2643 2044 2678 nescio

1096 2691 1311 2728 commodius.
1333 2691 1386 2724 Sic
1397 2691 1484 2724 enim
1497 2691 1636 2725 Domini
1651 2691 1713 2726 mei
1727 2690 2040 2734 JESU-CHRISTI

1096 2744 1199 2787 gratia
1215 2741 1376 2786 persuasus
1387 2741 1460 2774 sum
1478 2765 1489 2780 ,
1514 2741 1548 2775 &
1569 2751 1684 2776 omnes
1702 2741 1841 2776 Amicos
1861 2742 2042 2785 persuaderi

1094 2793 1274 2831 desiderio,
1310 2789 1399 2834 quod
1418 2788 1569 2833 sumnum
1587 2791 1671 2825 credo
1695 2790 1782 2832 nefas
1807 2798 1940 2824 animam
1961 2800 2040 2834 prae-

1087 2842 1172 2884 ferre
1180 2842 1287 2884 pudori
1299 2864 1310 2881 ,
1337 2842 1501 2883 &propter
1514 2846 1612 2875 vitam
1624 2843 1754 2876 vivendi
1764 2843 1889 2884 perdere
1913 2840 2017 2885 causas
2029 2866 2037 2874 .

1252 2990 1661 3030 EPISTOLA
1725 2992 1879 3028 CLVm.

1241 3139 1360 3175 Tbomae
1386 3140 1598 3182 cantuariensi
1620 3141 1731 3175 Archi·
1744 3140 1888 3186 Episcqpo

1415 3193 1539 3234 quidam
1567 3195 1684 3226 Amicus
1704 3217 1712 3224 .

1160 3338 1402 3379 ERVENTls
1427 3341 1460 3375 &
1488 3340 1662 3376 indubitati
1690 3342 1805 3386 pignus
1822 3341 1922 3375 exstat
1935 3350 2027 3375 amm

1182 3392 1226 3426 ris
1247 3391 1346 3425 etiam
1358 3390 1392 3424 in
1412 3391 1549 3431 exilium
1573 3403 1708 3435 corpore
1729 3392 1763 3424 ὅ(
1795 3391 1908 3427 animo
1933 3390 2032 3424 comi-

1459 3441 1613 3476 Profecto
1662 3441 1816 3478 novimus
1863 3441 2035 3485 plerosque

1572 3491 1605 3523 Ο
1656 3501 1678 3526 2
1878 3489 1980 3525 domi
