2358 3776
2 2566 6 2573 *
40 2596 42 2599 ,
68 2579 118 2604 tes
139 2576 272 2601 currunt
282 2576 357 2599 curn
367 2575 426 2604 e0,
452 2565 558 2599 immo
569 2566 673 2609 praevii
686 2566 833 2600 ductores
843 2566 876 2600 &
889 2566 1011 2600 Docto-

447 146 487 192 S.
536 143 831 193 THOMAE
877 103 1282 192 CANthAR„
1336 142 1473 188 LIB.
1510 146 1577 190 11.

40 232 278 272 Nuncautem,
303 229 393 275 quod
416 230 544 276 Regem
563 229 770 266 contristavit
788 229 882 272 supra
906 237 976 262 mo-

37 286 143 327 dum,
153 281 294 319 eundem
306 279 409 315 Archi
419 297 431 307 ·
444 281 641 326 Episcopum
652 305 663 321 ,
676 290 772 324 quem
785 278 888 313 verbis
900 287 975 312 con·

40 333 214 372 solanum,
239 331 331 366 rebus
352 331 535 375 opprimitis
552 356 563 372 ,
589 332 622 365 dt
645 330 700 374 qui
722 329 858 364 nomine
880 338 974 363 tenus

39 384 247 422 honoratur,
271 380 383 416 debita
402 382 546 425 privatur
569 381 744 424 potestate.
769 377 898 414 Placeat
919 377 976 411 ita·

42 445 110 479 que
128 430 320 467 Clementiae
359 432 468 466 vestrae
497 430 674 466 cancellare
694 439 830 470 manus,
856 428 889 461 δε
911 437 976 470 per-

38 491 172 518 mutare
191 481 275 517 vices
293 481 452 517 solvendo
483 481 693 516 innocentem
712 503 722 520 ,
756 479 792 513 δε
826 477 977 512 Ecclesiae

41 532 222 575 ,Tortorem
235 531 515 571 condemnatione
531 528 639 565 debita
654 527 831 575 vinciendo
842 553 852 560 .
881 527 976 562 Alio·

42 582 126 626 quin
142 583 324 617 certumest
344 581 553 621 scandalum,
580 579 668 623 quod
695 589 794 623 nuper
813 578 939 613 emersit
966 602 977 618 ‚

42 633 81 668 dc
101 630 303 678 Apostolicae
333 630 425 667 Sedis
447 629 596 677 denigrat
615 628 817 665 honestatem
839 652 851 670 ,
878 627 978 663 sedari

43 692 119 727 non
140 683 251 728 peffe-

193 779 596 817 EplsToLA
695 777 870 813 thu.

72 914 74 916 ,
106 878 325 916 Bartholomaeo
344 878 602 922 Exomenfidrcbt
618 882 768 914 ·Diacono
776 882 922 924 Joaennes

394 927 634 971 Saresbntenfit.

127 1028 482 1066 XPECTATIONE
508 1030 609 1075 longa
630 1030 767 1073 suspensi
782 1053 793 1070 ‚
825 1030 860 1064 ὅ(
885 1028 985 1072 impa-

48 1124 61 1129 r,
153 1081 267 1116 tientia
287 1080 430 1115 desiderii
444 1079 634 1121 aestuantes,
660 1080 788 1115 Nuncii
800 1079 900 1114 nostri
914 1089 984 1122 prae-

47 1130 248 1166 fiolabamur
263 1131 461 1169 adventum,
487 1131 648 1174 sperantes
667 1131 703 1164 in
715 1129 823 1164 reditu
835 1129 902 1172 ejus
925 1138 986 1162 nos

47 1182 230 1215 amicorum
252 1180 423 1224 diligentia
445 1181 514 1214 fore
535 1180 585 1215 vel
605 1181 784 1215 litterarum
805 1178 922 1213 solatio
935 1188 982 1211 re·

45 1230 207 1265 creandos
223 1253 233 1264 .
261 1229 305 1263 Et
324 1230 456 1272 quidem
477 1230 566 1264 secus
575 1230 694 1264 accidit
706 1254 717 1271 ,
742 1228 819 1263 curn
841 1228 897 1261 ille
916 1237 984 1260 non

49 1280 194 1316 retulerit
211 1280 278 1322 jota
300 1278 351 1312 vel
375 1279 503 1320 apicem
529 1303 537 1310 .
566 1279 639 1312 Nec
663 1278 728 1312 hoe
750 1276 892 1310 dicimus
913 1298 924 1314 ,
950 1284 986 1307 ut

49 1335 108 1364 'aut
129 1327 294 1363 charitatis
314 1326 475 1362 defectum
494 1335 550 1361 aut
580 1325 818 1371 negligentiam
851 1324 987 1358 velimus

23 1410 29 1414 ,
48 1379 88 1414 in
107 1378 221 1412 amicis
240 1387 396 1421 arguere,
422 1387 505 1419 quos
516 1376 610 1410 tanto
621 1374 767 1410 acerbius
783 1373 889 1418 affligi
909 1385 986 1408 con·

50 1428 203 1472 ficimus,
229 1425 354 1471 quanto
375 1425 484 1460 minus
505 1426 627 1460 audent
647 1426 718 1459 suas
741 1424 911 1469 angustias
934 1423 988 1457 de-

49 1477 177 1522 plorare
190 1502 198 1508 .
224 1477 498 1520 comprimuntur
514 1475 608 1510 enim
638 1473 857 1519 castigatione
876 1473 989 1508 crude-

52 1527 99 1567 li,
124 1536 296 1571 puerorum
320 1535 410 1559 more
429 1549 441 1566 ,
473 1535 555 1569 quos
576 1534 808 1568 praeceptorum
840 1523 990 1557 severitas

52 1577 147 1623 cogit
166 1601 179 1617 ‚
205 1585 242 1610 ut
262 1575 392 1610 eduCtas
414 1574 539 1610 doloris
559 1574 727 1618 impetu&
744 1582 886 1608 extortas
919 1584 990 1607 ver-

53 1626 183 1662 beribus
214 1624 398 1669 lachrymas
418 1624 522 1660 redire
545 1625 668 1659 faciant
685 1626 723 1658 in
744 1625 848 1659 finum
878 1623 991 1657 oeulo-

52 1686 127 1712 rurn
139 1701 151 1718 ,
175 1676 210 1710 δε
231 1675 367 1710 latentes
386 1673 432 1708 sui
450 1674 553 1708 fontis
571 1674 717 1719 origines
735 1699 742 1706 .
769 1671 992 1707 Metiebamur

51 1736 166 1761 eutem
186 1725 329 1768 pericula
353 1722 559 1759 conditionis
581 1725 717 1765 nostrae,
742 1723 903 1758 malitiam
914 1733 992 1758 tem-

48 1775 162 1820 poris,
187 1774 390 1809 debilitatem
414 1771 579 1812 Ecelefiae,
616 1773 741 1807 rabiem
760 1772 991 1814 persecutoris.

53 1824 120 1861 Sed
143 1822 163 1857 ὲ
184 1823 282 1856 latere
303 1821 503 1868 sperabamus
516 1844 528 1860 ,
555 1819 632 1863 quia
651 1816 808 1861 iniquitas
828 1817 992 1853 cohaerens

51 1874 180 1910 talento
197 1870 324 1916 plumbi
339 1870 398 1905 diu
422 1870 459 1904 in
492 1870 621 1904 summo
656 1869 739 1903 stare
760 1879 829 1903 non
854 1868 958 1912 potest
985 1891 993 1900 .

53 1923 102 1958 Et
125 1921 328 1958 Amorrhaeus
348 1919 445 1954 citius
466 1920 499 1953 δε
517 1918 657 1955 νιΙίᾶίὺε
676 1917 810 1953 eliditur
833 1918 865 1952 ὃς
886 1918 994 1952 detru-

57 1974 150 2009 ditur
170 1972 211 2008 ad
229 1970 296 2006 ima
319 1979 407 2005 terrae
418 1993 429 2010 ,
456 1969 532 2004 curn
545 1968 723 2013 adimpleta
745 1968 869 2002 malitia
887 1969 923 2002 in
935 1979 997 2001 ex-

58 2022 142 2059 celsa
161 2021 362 2066 prorumpit.
390 2019 518 2053 Amicis
529 2029 608 2063 ergo
619 2020 863 2061 compatimur,
888 2018 922 2050 &
940 2016 998 2049 Ec-

59 2073 162 2108 clefiae
182 2069 424 2106 desolationem
445 2069 480 2103 in
503 2068 626 2112 Regno
640 2067 829 2112 Anglorum
863 2065 999 2111 ingemi-

61 2122 202 2162 scimus,
226 2121 262 2155 δε
282 2121 438 2155 miramur
447 2118 620 2162 quomodo
643 2117 757 2152 abierit
770 2116 857 2151 zelus
875 2125 925 2150 tot
938 2115 1001 2149 Re-

62 2172 257 2218 ligiosorum
274 2171 308 2205 δε
328 2170 563 2205 Litteratorum
580 2193 592 2209 ,
626 2167 703 2202 cum
729 2167 785 2201 vix
804 2177 888 2201 unus
905 2166 939 2200 ἀ
960 2165 1002 2200 al-

63 2232 115 2257 ter
137 2230 287 2265 appareat
307 2220 508 2263 speculator,
544 2218 600 2260 qui
620 2218 715 2261 juxta
738 2216 1002 2251 commotionem

60 2271 300 2314 'propheticam
333 2267 450 2302 audeat
482 2268 528 2301 im
554 2269 587 2301 io
611 2267 814 2312 impietatem
845 2267 935 2300 suam
963 2277 1003 2300 ex

65 2332 124 2355 ore
144 2319 286 2354 Domini
308 2317 480 2352 nunciare.
507 2318 522 2351 1
559 2316 605 2361 pii
626 2329 706 2363 ergo
728 2318 763 2351 in
793 2316 877 2351 facie
900 2317 1006 2359 specu·

66 2369 208 2405 lator-um
220 2368 420 2403 descendunt
431 2367 464 2401 in
477 2366 641 2402 infernum
653 2367 812 2406 viventes,
821 2375 858 2400 ut
869 2365 887 2399 a
899 2366 1005 2408 specu-

73 2419 231 2454 latoribus
250 2418 379 2461 sanguis
401 2427 513 2451 eorum
536 2416 606 2459 jure
627 2414 787 2450 &merito
809 2415 1005 2460 exquiratur.

70 2469 134 2506 Sed
146 2467 225 2512 quid
246 2466 385 2501 dicimus
401 2476 458 2500 eos
479 2466 541 2513 effe
562 2477 604 2500 ex
622 2466 728 2500 cauffa
739 2464 859 2500 filentii
874 2466 1007 2509 punien-

69 2518 152 2554 dos?
176 2515 259 2553 Sane
281 2516 416 2560 quidam
436 2526 550 2550 eorum
570 2517 665 2555 sunt,
691 2516 748 2559 qui
768 2516 874 2549 furem
898 2515 1007 2549 viden-

70 2629 120 2654 tes
131 2617 234 2661 ipsum
245 2617 279 2650 in
293 2616 377 2649 furta
391 2613 591 2658 praecipitant
601 2615 634 2648 δε
645 2616 771 2658 rapinas
781 2640 792 2656 ,
807 2615 841 2649 δε
852 2616 942 2650 suam
955 2627 1011 2659 po-

71 2673 158 2703 nunt
182 2668 216 2701 in
248 2665 367 2710 quovis
399 2663 578 2708 iniquitatis
607 2663 763 2707 symbolo
794 2675 868 2697 cum
904 2665 1012 2708 impiis

71 2717 261 2762 portionem
272 2740 279 2747 .
307 2716 460 2764 Qorum
472 2714 593 2758 primus
611 2714 657 2748 est
672 2712 777 2748 Archi
790 2731 803 2739 -
814 2714 1011 2760 Synagogus

71 2766 194 2807 vester,
219 2767 252 2801 δε
274 2765 330 2809 qui
351 2766 456 2808 primo
479 2775 560 2798 auro
594 2762 787 2798 videbantur
808 2763 941 2806 induti,
977 2765 1011 2798 δε

72 2817 238 2851 columnae
256 2814 449 2849 videbantur
462 2813 631 2853 Ecclefiae‚
656 2813 833 2858 amplexati
853 2814 926 2848 sunt
936 2813 1010 2848 ster-

74 2877 152 2901 cora
166 2891 175 2900 .
205 2864 347 2900 Dederat
367 2866 414 2899 eis
440 2874 670 2908 argumentum
693 2865 728 2899 &
750 2874 864 2897 aurum
897 2864 1011 2899 Domi·

77 2927 158 2955 nus,
182 2915 217 2949 &
237 2916 315 2950 ficut
335 2916 400 2959 ipse
412 2926 466 2959 per
478 2913 674 2958 Prophetam
694 2913 924 2958 conqueritur,
952 2912 1008 2958 ipfi

77 2978 121 3002 ex
137 2974 179 2999 eo
198 2965 320 3007 operati
342 2967 415 2999 sunt
426 2965 526 3005 Batai,
551 2963 629 2998 dum
652 2965 757 3010 magis
779 2974 926 2999 verentur
952 2963 1010 2998 ho-

72 3015 206 3050 minem
222 3012 321 3057 quam
343 3016 476 3054 Deum,
499 3015 658 3049 &colunt
682 3015 871 3049 &serviunt
890 3024 1009 3049 creatu-

78 3077 121 3100 τε
142 3062 273 3109 Ροῑίὺς,
299 3063 395 3106 quam
413 3065 584 3105 Creatori,
610 3065 700 3106 quod
721 3065 800 3099 ficut
818 3066 936 3099 Beatus
955 3064 1008 3099 do-

79 3123 132 3150 cet
143 3111 338 3158 Apostolus,
347 3111 534 3148 idololatriae
545 3114 711 3150 resti-[lima
722 3115 756 3148 &
769 3115 938 3151 certiffima
949 3115 1010 3149 dis-

34 3187 37 3192 ·
81 3164 194 3200 finitio
213 3162 276 3196 est.
303 3162 393 3196 Nam
415 3163 503 3206 quod
521 3165 655 3208 quisque
673 3165 754 3200 colit
777 3177 835 3210 prae
855 3165 974 3200 caeteris
1000 3190 1010 3205 ,

80 3213 253 3250 constituit
264 3211 322 3246 fibi
336 3213 468 3252 Deum,
495 3223 530 3246 ut
552 3213 632 3248 alius
645 3226 792 3251 venerem
807 3215 937 3250 libidini
952 3216 1009 3249 ser-

81 3266 173 3299 viens
184 3262 322 3306 praeferat
335 3288 346 3303 ‚
370 3263 453 3296 alius
474 3262 552 3295 dum
576 3275 708 3299 munera
727 3266 840 3310 quaerit
861 3267 894 3299 ὃς
926 3265 1010 3300 retri-

81 3313 234 3349 butiones
257 3336 269 3352 ‚
306 3312 338 3346 &
360 3313 520 3347 interdum
542 3312 576 3344 in
609 3315 732 3349 fraudes
754 3317 789 3351 δι
818 3316 1008 3360 rapinasirn·

81 3363 192 3408 pingit
202 3387 212 3403 ‚
234 3362 413 3396 Lavernam
428 3372 593 3396 veneretur
606 3388 613 3395 .
641 3363 737 3398 Alius
748 3365 880 3400 inflatus
894 3376 1009 3400 terram

76 3412 202 3447 Merob
220 3410 381 3446 inhabitet
414 3411 448 3445 in
468 3412 640 3455 supercilio
673 3414 853 3457 Babylonis
882 3439 894 3456 ,
927 3415 1010 3450 alius

84 3461 198 3509 gulam
210 3463 343 3509 sequens
355 3472 487 3507 porcum
501 3461 613 3497 induat
631 3463 776 3508 Epicuri.
804 3465 908 3514 Qod
920 3466 1009 3502 enim

1796 166 1893 211 215

1037 230 1078 265 de
1100 228 1218 266 taiibus
1239 225 1408 267 scribitur,
1429 229 1593 271 quoniam
1614 239 1728 267 eorum
1744 236 1834 270 Deus
1850 245 1963 273 veum-

1037 281 1081 315 est
1092 304 1103 321 ‚
1130 281 1163 315 δε
1178 277 1283 323 gloria
1305 277 1341 311 in
1353 278 1567 320 confufione,
1591 279 1632 314 ad
1644 289 1756 316 caetera
1773 296 1903 331 quoque
1914 287 1958 321 vi.

1038 331 1083 365 tia
1108 327 1314 375 probabiliter
1332 327 1468 363 dilatata
1494 329 1766 373 interpretatione
1791 337 1961 374 protendi-

1038 390 1106 414 tur.
1135 377 1242 415 Unde
1259 379 1357 414 etiam
1377 377 1413 412 in
1439 379 1624 425 Evangelio
1646 381 1762 416 veritas
1772 380 1868 417 docet
1885 386 1961 421 Deo

1038 431 1071 465 δε
1087 429 1289 465 Mammonae
1305 428 1398 463 simul
1411 428 1519 464 serviri
1533 440 1600 464 non
1613 430 1701 474 poffe
1712 456 1720 463 .
1749 429 1792 464 Et
1803 432 1864 474 qui
1885 435 1964 467 ami-

1038 492 1094 516 cus
1115 479 1220 515 saeculi
1240 480 1303 514 effe
1314 478 1486 521 defiderat,
1522 479 1589 514 Dei
1610 481 1641 514 se
1657 479 1828 515 constituit
1859 480 1968 514 inimi-

1038 542 1132 565 cum.
1159 530 1287 565 Doctor
1306 529 1468 564 Gentium
1485 540 1682 573 praeconatur
1704 554 1715 570 ‚
1751 531 1784 564 δε
1814 529 1933 565 elamat
1953 542 1970 561 ’.-

1040 583 1124 624 ,Quia
1137 579 1168 621 fi
1184 579 1350 614 bominibus
1365 580 1486 621 placere
1509 579 1639 621 vellem,
1664 579 1776 620 Christi
1791 578 1900 623 servus
1911 590 1970 614 non

1040 631 1123 674 effem
1147 654 1155 662 .
1185 630 1229 665 Et
1257 636 1309 673 qul
1340 629 1506 664 bominibus
1535 630 1658 673 placent
1680 655 1692 670 ,
1727 629 1836 672 confusi
1858 629 1933 673 sunt
1964 651 1972 662 .

1042 683 1194 724 ,Quoniam
1216 683 1298 713 Deus
1315 678 1433 722 spernit
1451 681 1517 714 illos
1531 704 1538 712 .
1564 680 1628 716 Sed
1649 679 1712 714 alia
1744 678 1887 724 profecto
1905 680 1972 717 Ar,-

1043 729 1347 774 chi-Synagogi&
1365 729 1578 774 complicum
1602 730 1671 774 ejus
1693 730 1854 765 sententia
1888 729 1935 762 est
1962 753 1974 770 ,

1045 781 1101 825 qui
1117 779 1324 814 fraudulenta
1347 779 1518 814 verborum
1541 780 1809 824 interpretatione
1829 778 1870 813 ad
1890 777 1978 812 arbi-

1045 832 1143 865 trium
1162 829 1307 864 authoris
1318 827 1515 874 detorquent
1525 831 1673 876 Legem,
1697 831 1792 874 eique
1813 831 1905 864 suum
1918 840 1976 863 vo-

1047 882 1120 915 lunt
1139 879 1390 915 accommodare
1410 880 1628 915 intellectum.
1656 880 1719 915 Sed
1740 880 1774 915 id
1794 891 1894 925 agunt
1906 889 1976 913 mo-

1046 931 1097 966 dis
1116 927 1292 971 omnibus,
1319 937 1354 964 ut
1365 929 1455 973 quod
1475 925 1674 965 eis'libitum
1701 931 1829 971 fuerit,
1849 929 1977 963 Divino

1047 992 1177 1026 quoque
1196 980 1259 1024 juri
1279 980 1534 1016 consentaneum
1559 981 1726 1016 videatur.
1763 980 1857 1015 Dicit
1886 978 1977 1013 enim

1045 1031 1135 1075 quod
1157 1041 1227 1064 non
1244 1029 1290 1065 est
1312 1042 1372 1074 pro
1383 1029 1532 1065 libertate
1556 1031 1706 1066 Ecclesiae
1728 1029 1973 1065 decertandum.

1047 1081 1110 1116 Sed
1156 1081 1258 1115 fallax
1291 1080 1326 1114 δε
1361 1080 1439 1115 falsa
1476 1079 1655 1124 hypocrisis
1692 1105 1706 1122 ,
1741 1080 1810 1125 quo
1851 1089 1980 1124 progre-

1046 1130 1155 1166 deris?
1179 1130 1274 1179 Qid
1294 1129 1428 1166 haereses
1451 1132 1580 1166 moliris
1599 1133 1634 1167 ἀ
1654 1129 1847 1166 schismata?
1875 1129 1979 1162 Non-

1049 1192 1089 1215 ne
1105 1179 1147 1214 ab
1168 1181 1267 1215 initio
1280 1180 1441 1215 nascentis
1463 1180 1564 1226 Legis
1584 1182 1626 1216 ad
1645 1181 1829 1216 libertatem
1841 1178 1907 1214 Dei
1927 1189 1984 1212 vo-

1047 1239 1139 1264 catus
1159 1229 1204 1263 est
1220 1230 1382 1274 populus,
1408 1231 1441 1264 δι
1464 1231 1638 1275 AEgyptus
1659 1228 1922 1265 intolerabilibus
1939 1228 1986 1261 af-

1047 1279 1131 1312 flicta
1148 1279 1253 1321 plagis
1276 1302 1288 1317 ,
1326 1290 1397 1319 quae
1415 1279 1594 1314 Ecclesiam
1614 1279 1656 1312 de
1672 1280 1807 1322 antiqua
1829 1279 1864 1312 δε
1899 1277 1986 1311 avita

1047 1325 1303 1366 consuetudine,
1330 1327 1365 1360 δε
1388 1326 1457 1360 fere
1478 1338 1533 1370 per
1554 1336 1720 1361 trecentos
1743 1336 1850 1360 annos
1872 1325 1986 1359 vendi-

1048 1377 1140 1412 cabat
1161 1376 1196 1411 in
1218 1376 1402 1410 servitutem
1422 1377 1435 1410 ?
1474 1376 1599 1411 Nonne
1620 1375 1804 1412 Machabaei
1826 1375 1992 1418 Martyres

1049 1439 1108 1472 pro
1130 1426 1278 1461 libertate
1303 1427 1454 1461 Fratrum
1477 1428 1609 1461 suorum
1631 1425 1838 1461 laudabiliter
1861 1426 1895 1459 ὅ(
1916 1423 1991 1458 reli-

1050 1477 1142 1523 giose
1162 1476 1368 1510 sanstiffimas
1385 1476 1513 1509 animas
1535 1477 1712 1518 posuerunt
1732 1478 1746 1508 ἒ
1772 1475 1883 1509 David
1906 1483 1991 1508 nun-

1051 1527 1130 1571 quid
1155 1537 1224 1559 non
1248 1525 1358 1560 stravit
1370 1524 1594 1569 Allophylum
1605 1524 1766 1568 lapidibus
1780 1524 1822 1558 de
1844 1531 1988 1558 torrente

1051 1575 1215 1621 congestis
1229 1599 1240 1615 ,
1266 1585 1303 1608 ut
1323 1574 1465 1609 Domini
1478 1576 1679 1609 exercituum
1692 1573 1825 1619 agmina
1838 1573 1879 1608 ab
1902 1572 1993 1607 inde·

1051 1627 1126 1661 bitae
1153 1625 1313 1671 servitutis
1336 1624 1439 1669 jugo,
1466 1624 1702 1670 &Religionis
1713 1623 1892 1668 opprobrio
1913 1621 1993 1656 libe·

1053 1677 1159 1711 taret?
1185 1674 1247 1709 Sed
1261 1674 1342 1718 quid
1366 1686 1466 1717 pauca
1480 1675 1513 1708 δε
1523 1686 1617 1717 parva
1630 1684 1861 1717 proponuntur
1882 1683 1993 1706 exem-

1053 1726 1131 1770 pla?
1156 1724 1320 1766 Scriptura
1333 1723 1400 1756 fere
1419 1732 1490 1756 tota
1513 1745 1525 1761 ‚
1551 1733 1622 1764 quae
1642 1723 1676 1755 in
1695 1721 1838 1755 historiis
1867 1722 1992 1765 digesta

1051 1774 1120 1813 est,
1146 1771 1265 1806 talibus
1287 1771 1432 1805 virorum
1454 1770 1629 1804 illustrium
1663 1771 1780 1805 referta
1809 1770 1855 1805 est
1890 1770 1995 1805 moni-

1053 1821 1193 1857 mentis.
1221 1821 1306 1854 Duae
1328 1819 1462 1864 quidem
1479 1821 1594 1855 cauffae
1615 1821 1714 1861 sunt,
1741 1832 1820 1864 quas
1840 1818 1994 1855 homines

1054 1869 1306 1907 affeetuofiffime
1328 1879 1464 1904 tuentur
1476 1894 1488 1911 ,
1514 1870 1548 1904 δε
1564 1882 1644 1914 quas
1665 1878 1854 1914 proponunt
1866 1871 1988 1903 anima-

1055 1922 1116 1956 bus
1129 1919 1211 1954 suis:
1239 1921 1338 1955 altera
1358 1919 1539 1961 libertatis,
1565 1920 1664 1954 altera
1684 1919 1759 1954 fidei
1781 1920 1816 1954 &
1848 1919 1997 1964 Religio·

1056 1971 1166 2016 giouis
1184 1995 1191 2002 .
1218 1970 1279 2004 Illa
1300 1980 1412 2004 tamen
1426 1981 1494 2013 quae
1505 1970 1582 2004 fidei
1596 1969 1663 2010 est,
1689 1968 1829 2004 creditur
1839 1969 1902 2004 effe
1923 1980 1992 2012 prae.

1059 2020 1197 2054 stantior
1212 2043 1224 2059 ,
1248 2019 1283 2053 δε
1305 2019 1534 2063 proculdubio
1556 2018 1669 2062 justior
1689 2020 1735 2054 est
1761 2045 1767 2054 .
1806 2017 1906 2053 Adeo
1926 2018 1995 2063 qui-

1060 2069 1183 2104 demut
1202 2068 1236 2102 ὃς
1252 2067 1426 2112 prophanae
1448 2069 1637 2114 Religionis
1659 2069 1811 2104 homines
1830 2068 1896 2103 hoc
1919 2080 1998 2103 con-

1064 2117 1295 2153 ssantisfimum
1314 2116 1476 2154 habeant.
1505 2120 1594 2154 Nam
1617 2120 1652 2154 &
1673 2119 1816 2160 Achab,
1841 2130 1938 2164 quem
1950 2130 1997 2152 re-

1062 2168 1201 2214 probum
1223 2169 1315 2203 suiss'e
1333 2170 1482 2210 constat,
1508 2169 1595 2214 Regi
1606 2170 1728 2217 Syriae,
1753 2180 1829 2206 eum
1841 2169 1997 2212 subjicere

1063 2218 1210 2260 volenti,
1237 2229 1408 2262 argentum
1427 2219 1604 2260 &aurum,
1632 2217 1737 2255 servos
1771 2220 1806 2254 δι
1826 2219 1960 2254 ancillas
1985 2243 1996 2258 ‚

1062 2270 1095 2303 &
1109 2268 1336 2302 omnimodam
1357 2269 1583 2311 supellectilem
1597 2294 1608 2310 ,
1633 2282 1770 2304 uxorem
1790 2293 1803 2312 ,
1830 2270 1937 2310 filios,
1963 2267 1998 2302 &

1064 2318 1173 2358 filias,
1197 2318 1232 2352 &
1252 2317 1385 2351 tandem
1410 2317 1443 2351 se
1462 2318 1566 2360 ipsum
1596 2320 1787 2354 constanter
1806 2319 1960 2364 exposuit
1987 2342 2001 2358 ,

1065 2369 1099 2403 δε
1123 2379 1181 2412 pro
1203 2368 1293 2412 Lege
1312 2367 1439 2402 Divina
1459 2368 1632 2402 dumtaxat
1656 2369 1783 2403 nonest
1805 2370 1925 2404 veritus
1937 2369 1999 2402 ini-

1066 2429 1099 2453 re
1110 2428 1288 2452 certamen.
1315 2417 1403 2452 Cum
1415 2417 1503 2452 enim
1529 2418 1585 2451 ille
1598 2418 1695 2452 vellet
1706 2419 1837 2453 scrutari
1859 2419 1997 2452 domum

1067 2479 1104 2503 ut
1123 2469 1250 2512 Legem
1261 2467 1415 2511 diriperet
1429 2493 1440 2509 ‚
1464 2468 1663 2502 contradixit
1685 2467 1716 2500 ei
1731 2466 1871 2506 Achab,
1897 2467 1998 2500 vic'lo·

1068 2518 1213 2562 riamque
1232 2518 1426 2562 promeruit.
1455 2518 1544 2563 Qia
1565 2517 1619 2550 etsi
1642 2516 1721 2550 alias
1743 2516 1919 2559 reprobus,
1945 2514 1995 2548 vel

1068 2568 1102 2603 in
1125 2565 1185 2603 hac
1207 2578 1295 2612 parte
1322 2568 1507 2602 Dominum
1531 2565 1721 2600 honoravit.
1747 2565 1813 2599 Pro
1835 2577 1898 2609 qua
1916 2576 1995 2610 ergo

1068 2620 1174 2653 cauffa
1194 2617 1348 2663 religiose
1364 2615 1595 2655 contenditur,
1621 2616 1642 2648 si
1665 2626 1733 2650 non
1746 2627 1805 2660 pro
1825 2615 1892 2649 Dei
1903 2616 1995 2659 Lege

1071 2667 1221 2703 servanda
1241 2670 1254 2701 ἒ
1283 2668 1411 2709 Nempe
1430 2664 1498 2699 haec
1525 2666 1732 2710 iniquitatem
1753 2664 1903 2709 prohibet
1925 2688 1936 2704 ‚
1959 2665 1994 2699 δε

1071 2718 1248 2763 pastoribus
1263 2717 1410 2751 Ecclefiae
1422 2715 1596 2758 praescribit
1610 2740 1621 2756 ‚
1648 2726 1684 2749 ut
1695 2726 1829 2750 omnem
1841 2715 1999 2750 ulciscan-

1069 2777 1121 2803 tur
1134 2767 1393 2803 inobedientiam
1404 2790 1411 2798 .
1439 2764 1500 2800 Sed
1518 2765 1647 2800 fortasse
1660 2765 1762 2800 Archi
1773 2784 1784 2791 -
1797 2767 1994 2811 Synagogus

1071 2818 1276 2863 iniquitatem
1300 2816 1415 2856 novit,
1441 2826 1537 2857 quam
1561 2815 1651 2850 Deus
1664 2828 1731 2851 non
1744 2815 1913 2860 prohibet,
1940 2825 1997 2850 aut

1070 2879 1168 2911 quam
1180 2868 1263 2903 nolit
1286 2867 1327 2901 ab
1350 2865 1501 2900 Ecclefiae
1520 2865 1696 2910 pastoribus
1719 2866 1897 2909 increpari,
1923 2865 1958 2900 δε
1983 2891 1995 2906 ,

1071 2920 1092 2952 fi
1105 2919 1173 2953 fieri
1186 2917 1310 2962 potest,
1337 2916 1483 2951 mandari
1497 2916 1664 2963 vindidiae.
1691 2917 1790 2951 Hanc
1801 2917 1876 2951 sane
1896 2916 1998 2959 Moy-

1071 2969 1159 3003 ses&
1184 2970 1309 3002 Dostor
1321 2966 1482 3001 Gentium
1494 2978 1561 3001 non
1575 2977 1750 3001 noverunt.
1783 2967 1846 3002 Sed
1869 2975 1998 3010 praeten-

1069 3018 1140 3059 dit,
1168 3017 1244 3061 quia
1266 3018 1406 3061 Joannes
1426 3017 1581 3062 arguebat
1592 3015 1808 3052 Herodemin
1832 3016 1943 3060 spiritu
1957 3015 1997 3049 le·

1070 3068 1202 3108 nitatis,
1229 3067 1383 3102 illicitum
1396 3067 1458 3102 effe
1467 3066 1692 3107 denuncians,
1718 3077 1755 3102 ut
1766 3067 1874 3102 fratris
1888 3067 1998 3100 viven-

1069 3118 1108 3153 tis
1129 3118 1313 3152 abuteretur
1325 3128 1427 3152 uxore
1439 3143 1447 3151 .
1474 3116 1576 3163 Qod
1590 3119 1703 3161 utique
1724 3116 1836 3152 dicens
1850 3128 1916 3151 non
1929 3125 1995 3149 tam

1069 3168 1253 3212 imperitiae‚
1291 3167 1389 3210 quam
1410 3168 1545 3213 ignaviae
1576 3168 1729 3202 solatium
1751 3169 1886 3211 quaerit‚
1921 3164 1995 3198 cum

1067 3219 1239 3253 certumfit
1261 3218 1420 3261 Ioannem
1433 3218 1479 3251 ibi
1500 3227 1568 3251 nou
1586 3218 1710 3260 geffiffe
1731 3219 1901 3262 personam
1911 3215 1996 3248 Pon-

1069 3268 1186 3310 tificis,
1214 3270 1268 3303 cui
1294 3267 1495 3302 incumberet
1515 3267 1670 3301 correctio
1689 3268 1879 3301 delictorum
1903 3288 1915 3304 ‚
1942 3260 1994 3296 sed

1071 3319 1222 3361 praeconis
1244 3318 1351 3352 verbis
1365 3341 1375 3356 ,
1401 3327 1497 3360 penes
1509 3327 1604 3362 quem
1626 3328 1693 3352 erat
1706 3316 1875 3351 dumtaxat
1886 3323 1996 3357 geren·

1069 3366 1185 3403 dorum
1204 3367 1417 3403 denunciatio
1434 3367 1467 3400 δε
1483 3367 1663 3410 increpatio
1687 3366 1840 3399 vitiorum
1861 3387 1869 3395 .
1915 3358 1995 3395 Heli

1069 3417 1200 3462 quidem
1212 3417 1369 3460 corripuit
1390 3416 1476 3451 filios
1496 3441 1508 3457 ,
1535 3417 1588 3451 sed
1609 3417 1720 3449 affeetu
1741 3412 1896 3456 potius&
1906 3423 1995 3446 man-

1070 3468 1244 3505 suetudine
1264 3467 1369 3505 Patris
1389 3492 1400 3511 ,
1426 3466 1523 3511 quam
1547 3466 1712 3501 severitate
1733 3465 1765 3498 &
1795 3461 1994 3500 authoritate

1869 3514 1953 3551 Pon-
