2358 3776
311 97 354 143 s.
431 85 817 140 THoMAE
887 82 1821 136 CANTuARIENSIS.·
1929 106 1992 155 27

143 185 167 200 ξφ·-

327 220 701 265 cAPUT
799 210 842 254 X.

1103 191 1106 196 .
1118 177 1176 204 tem
1179 168 1210 212 fi
1215 169 1254 202 ab
1265 168 1316 210 isto
1327 168 1472 211 Propofito
1497 172 1639 204 vellemus
1651 175 1754 214 resilire
1763 202 1774 218 ‚
1799 178 1842 211 ad
1861 179 1925 219 eju,-
1945 189 2061 222 recum,

1119 221 1250 253 randam
1256 225 1390 263 gratiam
1410 219 1521 252 nullius
1545 220 1681 263 Personae
1692 235 1836 266 egeremus
1853 234 2024 263 interventu
2047 252 2056 260 ,

1122 271 1229 303 Verum
1241 270 1312 311 quia
1322 268 1540 310 Cantuariensis
1552 270 1678 311 Ecclefia
1685 275 1703 303 5
1704 274 1732 304 ol
1734 272 1808 314 solet
1831 279 1881 319 effi,-
1892 281 2058 313 occidentis

124 336 271 378 ,Qualiter
283 330 372 364 Archi
382 348 392 356 -
403 328 518 373 Praesui
535 329 555 359 ἃ
577 328 653 366 Rege
665 326 693 354 F
694 328 847 355 'mmmm
860 318 899 362 fi?
919 327 1064 361 exceptffl·
1122 321 1156 354 δ’
1169 318 1269 358 nostris
1282 320 1461 361 temporibus
1472 318 1626 362 obfuscata
1637 320 1675 360 est
1685 323 1807 354 claritas
1816 347 1827 362 ,
1847 329 1992 367 quodlfbn
2003 339 2062 362 tor-

316 418 882 463 HER'J‘B'ERTUS.

219 470 478 515 RCHI-Praesul
496 473 573 508 vero
586 497 597 512 ‚
626 481 723 517 quem
748 471 839 512 supra
867 471 899 502 in
914 467 1067 502 Flaudria

242 531 326 573 apud
338 515 730 564 Sanciut'n'Aud‘omarum
752 520 794 556 inv
809 520 915 559 Sanc‘ii
941 518 1067 552 Bertini

128 582 270 616 Abbatia
282 565 477 617 dimisimus,
503 567 637 616 propter
651 580 736 609 terrae
748 580 826 613 quas
838 567 1007 602 verebatur
1019 569 1066 601 in-

125 632 240 668 sidias,
267 619 379 676 paucos
410 624 455 658 ibi
479 623 604 658 faciens
627 620 723 659 dies,
751 620 848 653 noctu
876 619 1064 652 Flandriam

125 668 330 725 egreditur'in
345 673 434 717 equis
447 673 648 706 &comitatu
672 669 870 703 multorum.
898 668 1065 712 Siquidem

126 731 220 766 bonae
228 725 390 760 memoriae
405 724 509 761 Milo,
540 732 619 755 tunc
630 719 861 753 Terruanensis
874 719 1066 762 Episcopus,

124 781 160 815 ὃς
179 780 270 820 supra
294 776 480 809 nominatus
504 771 610 805 Sansti
638 769 763 804 Bertini
787 767 922 809 Abbas,
961 769 1066 812 ipsum

125 837 256 872 propter
268 822 326 859 viae
337 824 538 858 securitatem
553 819 703 854 comitati
716 819 899 852 eduxerunt
911 819 951 852 de
964 827 1044 851 terra
1057 839 1067 855 ‚

125 877 210 912 &ad
231 875 392 915 inclytam
417 873 507 906 illam
520 871 702 904 Galliarum
725 868 904 902 Civitatem
926 868 1066 902 Sueffio-
1090 890 1093 895 .

125 937 203 961 nem
217 925 436 969 perduxerunt
449 947 456 955 .
480 920 538 959 Ad,
550 932 646 964 quam
660 943 670 957 ‚
695 918 848 952 Domino
872 927 1065 962 procurante

123 978 188 1017 fic,
214 976 248 1009 in
259 974 401 1009 crastino
413 971 628 1006 suiadventus
650 968 723 1002 Rex
737 969 936 1002 Francorum
960 968 1067 1001 Ludo·

125 1027 218 1066 vicus
229 1024 333 1059 venit.
361 1024 429 1071 Qi
445 1034 522 1056 mox
533 1031 567 1053 ut
581 1018 848 1054 Cantuariensem
864 1018 977 1051 Archi·
994 1018 1067 1060 Epi·

127 1079 266 1120 scopum
276 1076 310 1110 in
323 1071 469 1108 Civitate
482 1070 605 1104 audivit
630 1093 642 1109 ‚
666 1069 706 1103 ad
722 1067 898 1111 hospitium
912 1069 1003 1101 suum
1018 1067 1069 1123 de:

129 1119 275 1166 stendit,
302 1126 333 1158 ἃ
349 1125 379 1157 in
395 1121 589 1156 salutatione
611 1121 785 1162 praevenit,
813 1119 917 1165 ipsum
931 1118 964 1151 in
977 1128 1069 1172 omni

130 1178 297 1219 alacritate
319 1175 352 1208 ὅτ.
384 1171 588 1215 exultatione
599 1167 790 1215 suscipiens.
821 1165 863 1201 Et
886 1166 991 1214 Regia
1003 1178 1070 1208 qui·

108 1223 205 1262 'dem
226 1224 397 1258 clementia
412 1221 580 1254 vexationi
596 1219 655 1251 suae
667 1220 701 1252 ὅ(
713 1217 815 1251 labori
827 1218 1032 1259 compatiens
1060 1239 1071 1255 ,

123 1265 172 1316 ἐκ
195 1273 300 1318 Regia
337 1270 579 1315 magnificentia
603 1279 714 1311 pacem
736 1266 992 1301 &securitatem
1006 1265 1072 1313 'do'

132 1316 231 1364 nans,
267 1323 299 1357 &
319 1332 360 1354 ex
379 1321 483 1364 Regia
509 1317 733 1352 munificentia
756 1318 796 1351 ad
820 1317 1010 1351 necessarios
1031 1316 1072 1349 de

128 1365 208 1410 fisco
218 1375 382 1416 sumptus,
409 1369 563 1415 quamdiu
585 1368 728 1401 exularet
749 1367 958 1410 accipiendos
987 1376 1070 1399 com·

132 1424 273 1468 pellens.
303 1421 424 1454 Archiss
435 1420 549 1453 Praesul
563 1416 639 1451 vero
651 1417 763 1452 videns
774 1428 829 1451 cor
844 1416 948 1460 Regis
967 1416 1011 1449 ita
1027 1427 1074 1448 er·

130 1468 173 1519 ga
185 1475 239 1515 se,
264 1471 382 1505 Deo&
411 1468 497 1515 Regi
521 1470 653 1502 devotas
674 1469 793 1513 gratias
816 1464 949 1516 retulit:
977 1466 1073 1499 lllum

131 1523 302 1568 presertim
314 1522 348 1555 ὃς
368 1521 467 1554 corde
481 1520 513 1553 &
526 1530 583 1552 ore
605 1519 727 1552 summa
755 1518 947 1561 prosequens
960 1517 1077 1560 gratia—

132 1583 206 1613 rum
224 1573 372 1609 actione,
400 1571 433 1603 in
446 1569 538 1612 cujus
563 1579 663 1602 manu
686 1568 783 1601 corda
808 1567 880 1600 su'nt
909 1567 1040 1610 Regum
1066 1589 1072 1596 .

133 1620 178 1658 Et
191 1623 234 1656 ita
245 1621 413 1656 Dominus
425 1620 498 1652 Rex
511 1619 545 1652 ὅ(
558 1617 787 1651 Archi-Praesul
797 1628 851 1658 per
862 1616 992 1658 aliquot
1008 1615 1076 1646 dies

131 1671 326 1707 incivitate
346 1676 588 1701 commorantes
600 1689 607 1695 .
635 1665 772 1698 Receffit
792 1662 828 1697 vin
853 1664 955 1697 multa
974 1663 1076 1706 gratia

136 1715 431 1755 Archi-Praesul‘a
453 1714 568 1756 Rege,
594 1715 732 1750 Senonis
754 1714 794 1745 ad
808 1713 993 1752 Dominum
1018 1711 1075 1742 Pa-

215 1754 419 1809 ‘ssrbperang
441 1760 594 1803 cuntes<
616 1759 787 1792 ssacim‘de
809 1757 1075 1792 ministerialibus

133 1779 222 1856 iffi,
249 1814 306 1857 qui
319 1813 423 1856 ipsum
436 1820 491 1854 per
501 1810 587 1843 viam
601 1808 771 1852 neceffiri'a
781 1806 1002 1842 'ministrando
1012 1804 1074 1839 du-

131 1874 265 1915 cerent?
289 1860 451 1898 commisit
462 1884 470 1893 .

385 1959 418 1997 C
438 1957 476 2006 ‚A
504 1957 532 1993 P
560 1957 599 1994 U
625 1958 663 1993 T
762 1957 829 1992 XI.

128 2070 138 2098 ἰ
187 2050 327 2108 ‚Qualiter
354 2057 638 2102 Arcu-‘Epifropus
666 2056 686 2089 ἃ
713 2062 781 2091 Viro
812 2056 963 2099 apostolico
987 2055 1027 2097 fit

337 2120 494 2155 exceptus.
521 2111 566 2143 Et
582 2109 667 2143 exilii
684 2107 732 2152 sui
757 2106 861 2151 causa.

186 2261 371 2308 TAQUE
398 2258 712 2302 Archi-Episcopus
734 2256 774 2290 ad
802 2255 989 2291 Dominum
1020 2254 1074 2287 Pa-

215 2322 290 2355 pam
305 2310 442 2345 Senonis
460 2309 573 2348 venit,
600 2307 707 2349 tepide
729 2306 862 2349 quidem
885 2315 1040 2350 exceptus
1060 2305 1076 2338 a

138 2359 387 2401 Cardinalibus,
412 2358 452 2391 ad
465 2357 606 2390 Domini
621 2367 730 2392 tamen
751 2356 952 2400 piaesentiam
973 2356 1015 2390 esi
1032 2357 1074 2387 in-

137 2410 320 2452 tromissuS‚
345 2409 401 2452 qui
413 2406 596 2441 venientem
608 2406 648 2440 ad
661 2407 691 2440 se
709 2415 841 2450 paterna
852 2407 990 2450 suscepit
1022 2405 1078 2439 be-

139 2462 306 2507 nignitate
327 2484 341 2500 ,
372 2458 465 2501 super
488 2457 664 2491 vexatione
684 2457 779 2500 ipfius
804 2456 996 2490 multimoda
1010 2480 1020 2495 ‚
1044 2457 1077 2490 ὅ(

138 2509 398 2556 peregrinatione
408 2517 475 2542 tam
488 2507 663 2550 periculosa
675 2507 707 2540 ὃς
718 2506 796 2540 dura
808 2506 941 2550 paterne
953 2517 1075 2551 compa-

141 2563 243 2596 tiens.
271 2560 428 2602 Dumque
439 2557 546 2591 haec&
557 2557 611 2590 illa
623 2556 815 2591 verbotenus
829 2556 873 2590 ibi
897 2568 1078 2602 agerentur,

135 2611 273 2647 demum
282 2609 402 2653 recepit
415 2608 450 2642 in
462 2606 644 2648 mandatis,
671 2608 705 2640 in
738 2606 914 2640 crastinum
925 2608 1016 2641 exilii
1031 2608 1078 2641 sui

142 2663 254 2697 causas
264 2670 374 2695 coram
386 2655 550 2692 Fratribus
559 2662 721 2699 exponere
732 2682 740 2689 .
768 2657 919 2700 Sequenti
934 2668 1014 2701 ergo
1027 2657 1080 2690 die

142 2714 223 2747 dum
242 2718 431 2753 quaereretur
453 2708 538 2741 inter
554 2706 705 2745 Sodakes,
731 2707 803 2750 quis
826 2708 1077 2740 eorumcausam

141 2762 436 2804 hancexponeret‚
461 2757 596 2801 singuiis
618 2756 680 2790 sese
700 2757 930 2790 excusantibus
953 2780 964 2796 ‚
991 2757 1077 2790 verbi

142 2811 271 2858 pondus
300 2809 385 2853 apud
409 2807 743 2850 Archi-Episcopum
765 2805 886 2840 recedit
910 2830 917 2837 .
955 2806 1080 2840 Dostus

144 2862 272 2908 igitura
283 2861 359 2894 Deo
369 2884 379 2899 ,
392 2858 425 2890 &
437 2866 490 2901 per
502 2858 531 2890 se
542 2856 806 2900 inpremeditatus
817 2880 828 2896 ,
855 2855 934 2890 dum
959 2856 1080 2899 primus

145 2913 163 2945 a
185 2911 337 2946 Domino
363 2908 450 2951 Papa
474 2906 595 2940 sederet
621 2931 631 2946 ‚
658 2907 691 2940 ὅ(
715 2917 843 2949 propter
867 2908 1080 2940 reverentiam

147 2962 243 2995 vellet
255 2961 378 3004 surgere
390 2983 401 2999 ‚
427 2958 526 3000 jussus
538 2956 705 2990 residendo
716 2956 857 2989 caussam
870 2955 995 2990 edicere
1006 2981 1016 2996 ,
1042 2958 1082 2989 sic

148 3010 285 3052 incepit:
313 3010 396 3042 Licet
408 3019 466 3040 non
486 3008 610 3040 multum
625 3004 769 3048 sapientes
785 3030 796 3046 ‚
822 3016 873 3039 nec
883 3015 983 3039 tamen
996 3004 1082 3048 usque

147 3058 419 3102 adeosumusfatui
429 3083 439 3099 ‚
465 3066 498 3090 ut
509 3061 616 3099 Regem
630 3056 746 3100 Angliae
757 3080 768 3097 ,
793 3053 859 3098 suos
875 3058 908 3090 (5
926 3054 982 3098 sua
997 3080 1007 3096 ,
1027 3065 1083 3098 pro

149 3109 241 3152 nihilo
263 3108 488 3149 relinqueremus
501 3131 508 3138 .
535 3112 622 3139 Nam
636 3106 666 3146 fi
678 3107 818 3140 vellemus
837 3104 965 3150 suaeper
985 3112 1083 3138 omnia

146 3160 259 3202 placere
270 3158 460 3196 voluntatt,in
468 3155 526 3200 sua
537 3156 682 3196 Potestate
692 3157 744 3189 vel
753 3160 853 3203 Regno
865 3168 922 3188 non
931 3156 996 3204 effet
1006 3162 1083 3198 quis,

149 3216 201 3252 qui
211 3208 292 3241 nobis
316 3216 372 3238 non
393 3205 518 3239 obediret
525 3215 581 3248 pro
591 3206 674 3239 libito
687 3231 694 3238 .
722 3209 767 3240 Et
779 3208 851 3239 dum
856 3204 913 3249 sub
925 3205 979 3239 hac
989 3207 1081 3240 condi-
1141 3231 1143 3233 -

151 3266 231 3293 tione
242 3263 267 3290 ei
278 3258 473 3289 militavimus
485 3279 496 3294 ,
504 3254 647 3298 quidfutt
659 3257 739 3298 quod
750 3256 833 3289 nobis
845 3267 902 3289 non
909 3254 1029 3298 succeffit
1042 3258 1086 3288 ad

150 3319 254 3342 votum
269 3308 281 3339 ἒ
293 3309 321 3338 E
325 3318 346 3339 x
357 3316 411 3347 quo
423 3307 491 3338 verb
501 3306 594 3338 altam
607 3303 825 3348 ingreffisumut
836 3331 847 3347 ‚
861 3316 1001 3339 memores
1016 3309 1081 3338 Pro-

142 3358 272 3404 ftffionis
282 3356 316 3388 δ’
330 3355 501 3389 obedientiae
512 3376 522 3393 ‚
547 3365 633 3396 quam
642 3363 697 3396 pro
709 3354 951 3399 Deosuftepimus
964 3379 974 3393 ‚
1002 3366 1084 3397 quem

1122 378 1252 402 mentum
1263 394 1273 410 ,
1300 367 1354 411 sed
1361 371 1396 404 (5
1411 371 1489 403 mille
1499 377 1602 402 mortis
1608 383 1722 414 genera
1733 396 1744 412 ,
1765 371 1795 413 fi
1800 382 1843 405 tot
1865 386 2040 412 occurrerent
2047 402 2059 418 ‚

1121 419 1262 452 libentius
1276 426 1474 461 exciperemus
1488 425 1520 453 in
1532 424 1658 453 Domino
1667 445 1677 460 ‚
1691 424 1781 463 quam
1788 421 1996 464 sustineremus
2005 426 2062 471 sub

1121 470 1336 509 diffimulatione
1347 470 1395 502 his
1408 469 1512 502 diebus
1539 472 1622 503 mala
1635 495 1646 511 ,
1673 483 1740 513 quae
1755 472 1877 514 patitur
1889 498 1896 505 .
1924 476 2014 508 Porro
2028 489 2064 512 ne

1121 520 1230 552 videar
1248 522 1358 553 curiose
1377 522 1428 553 vel
1448 518 1567 552 obtentu
1578 531 1671 555 vartae
1678 522 1782 564 gloriae
1804 522 1868 556 haec
1887 523 2027 567 inchoasse
2052 550 2063 566 ,

1122 570 1247 610 expedit
1258 579 1290 601 ut
1302 571 1414 602 oculata
1431 570 1493 612 fide
1503 569 1607 609 constet
1618 572 1655 603 de
1674 570 1792 611 efficia.
1821 572 1864 605 Et
1886 574 2066 616 producens

1124 620 1286 660 Scriptum
1298 643 1309 659 ‚
1336 620 1370 652 in
1383 631 1451 662 quo
1462 619 1717 654 continebantur
1728 623 1982 657 consuetudines
1994 623 2069 663 illae,

1124 664 1294 711 dequibus
1317 668 1576 703 contendebatur
1589 694 1599 709 ,
1627 681 1702 704 curn
1725 672 1901 715 lachrymis
1923 673 2033 716 inquit
2058 686 2066 704 :

1125 722 1200 751 Ecce
1213 729 1280 759 quae
1287 717 1394 757 statuit
1407 723 1471 752 Rex
1484 721 1597 762 Angliae
1617 730 1719 753 contra
1741 721 1911 764 libertatem
1936 722 2069 763 Ecclefiae

1124 767 1286 801 Catholicae
1298 793 1305 800 .
1333 771 1364 801 51
1375 769 1437 803 haec
1446 771 1512 803 licet
1522 769 1761 812 diffimularefine
1770 770 1923 816 dispendio
1934 778 2043 806 animae
2057 796 2070 814 ,

1125 830 1179 852 vos
1195 818 1338 851 videritis
1350 843 1358 851 .

1177 867 1309 915 Qibus
1320 868 1464 911 pei-lestis
1478 870 1559 904 moti
1573 871 1646 905 sunt
1658 881 1773 905 omnes
1785 873 1882 915 usque
1895 873 1934 906 ad
1948 871 2073 916 lachry-

1127 928 1195 951 mas
1210 943 1217 949 .
1245 916 1319 952 Nec
1330 918 1352 950 ii
1367 919 1398 951 se
1408 919 1578 953 continere
1592 931 1739 964 poterant
1752 946 1762 961 ,
1789 923 1843 965 qui
1856 923 1943 966 prius
1955 935 2014 967 pro
2027 924 2074 956 vi·

1128 967 1214 1010 ribus
1235 968 1481 1002 adversabantur
1496 994 1507 1009 ‚
1535 972 1706 1004 communi
1752 983 1833 1006 voce
1872 975 1985 1007 Deum
2009 973 2074 1007 lau·

1129 1013 1240 1051 dantes
1253 1043 1264 1059 ‚
1289 1018 1368 1052 dum
1382 1019 1431 1052 vel
1446 1030 1547 1053 unum
1558 1019 1613 1053 fibi
1631 1023 1763 1055 servavit
1777 1046 1788 1062 ,
1812 1023 1867 1065 qui
1894 1035 1951 1066 pro
1965 1023 2075 1057 Eccle-

1130 1069 1169 1100 sia
1181 1068 1233 1101 sua
1248 1070 1279 1101 in
1295 1069 1349 1102 illa
1361 1070 1551 1111 tempestate
1574 1071 1666 1104 ansus
1687 1072 1800 1106 fuitex
1814 1074 1946 1107 adverso
1970 1075 2078 1106 ascen-

1130 1119 1222 1151 dere.
1254 1118 1295 1151 Et
1308 1121 1452 1162 quiante
1476 1116 1670 1154 'videbantur
1681 1122 1773 1164 super
1793 1121 1854 1156 hac
1875 1125 1968 1156 causa
1991 1121 2078 1157 varie

1130 1167 1306 1214 disceptare
1320 1192 1329 1207 ‚
1354 1168 1417 1209 jam
1432 1170 1463 1201 in
1478 1181 1576 1203 unam
1588 1182 1768 1204 convenere
1797 1174 1989 1206 sententiam
2003 1195 2013 1209 ‚
2041 1172 2080 1204 in

1132 1217 1271 1250 Persona
1296 1217 1537 1251 cantuariensis
1572 1220 1675 1252 Archi
1688 1221 1861 1263 -Episcopi
1897 1221 2074 1254 universali

1136 1266 1283 1301 Ecclesiae
1299 1269 1550 1301 succurrendum
1564 1293 1569 1299 .
1583 1267 1706 1302 Verum
1719 1269 1888 1303 Dominus
1900 1271 1986 1313 Papa
1999 1295 2009 1310 ‚
2037 1271 2081 1303 le-

1134 1317 1190 1351 ctis
1201 1318 1234 1350 ὅ(
1245 1317 1368 1350 releffis
1378 1341 1388 1356 ,
1415 1318 1448 1350 ὃς
1459 1313 1634 1363 diligenter
1644 1319 1678 1351 ὅ(
1697 1319 1819 1353 attente
1831 1320 1950 1354 auditis
1975 1321 2008 1354 δε
2021 1332 2081 1354 co-

1134 1365 1236 1411 gnitis
1254 1367 1387 1411 singulis
1408 1368 1714 1402 consuetudinibus
1735 1394 1745 1409 ,
1792 1370 1944 1404 acerrime
1970 1381 2078 1403 motus

1137 1419 1243 1450 statim
1259 1416 1435 1450 excanduit
1449 1419 1482 1450 in
1498 1416 1597 1451 Archi
1611 1436 1619 1442 -
1633 1418 1801 1452 Praesulem
1819 1444 1827 1459 ,
1855 1432 1991 1464 arguens
2004 1432 2079 1454 eum

1135 1468 1166 1500 &
1180 1467 1258 1501 dure
1272 1468 1439 1510 increpans
1451 1493 1461 1508 ,
1486 1469 1575 1511 quod
1589 1469 1623 1501 in
1640 1469 1768 1502 illarum
1784 1481 1850 1503 non
1866 1470 2086 1504 Consuetudi-

1139 1527 1215 1550 num
1229 1541 1239 1556 ,
1267 1517 1319 1551 sed
1333 1518 1577 1561 tyrannicarum
1587 1520 1834 1561 usurpationum
1860 1522 1981 1553 assensu
1997 1521 2061 1562 ipse
2073 1543 2084 1558 ‚

1138 1578 1173 1609 ut
1186 1566 1229 1600 ibi
1241 1567 1404 1599 confessus
1425 1567 1469 1599 est
1486 1591 1496 1605 ‚
1521 1570 1690 1608 caeterique
1715 1569 1863 1610 Episcopi
1891 1569 2085 1604 Sacerdotio

1140 1618 1195 1648 suo
1207 1614 1469 1647 renunciaverint
1481 1640 1492 1655 ,
1519 1616 1552 1649 ὃς
1565 1616 1626 1649 Dei
1645 1617 1820 1650 Ecclesiam
1834 1619 2083 1653 ancillaverint:

1141 1665 1291 1698 Afferens
1303 1663 1409 1696 multo
1432 1664 1538 1707 satius
1556 1675 1656 1702 omne
1677 1665 1857 1699 sustinuisse
1879 1666 2050 1701 discrimen
2074 1694 2085 1708 ‚

1138 1710 1238 1754 quam
1247 1712 1345 1743 tantis
1371 1709 1470 1753 Legis
1495 1710 1559 1743 Dei
1584 1711 1842 1747 subversionibus
1866 1715 2032 1757 praebuiti‘e
2043 1720 2087 1751 as-

1139 1760 1265 1792 sensum
1276 1781 1284 1792 .
1316 1759 1359 1792 Et
1367 1757 1503 1800 adjecit:
1533 1760 1640 1793 Verum
1660 1767 1741 1794 inter
1765 1760 1977 1799 abominabilia
1985 1766 2048 1800 haec
2076 1792 2087 1807 ,

1137 1820 1205 1852 quae
1216 1808 1263 1840 hic
1281 1807 1357 1842 let‘la
1370 1806 1443 1850 sunt
1469 1811 1502 1845 Θ,
1519 1812 1641 1849 audita,
1665 1814 1746 1844 nulla
1766 1816 1885 1854 quidem
1905 1816 1982 1850 bona
1996 1841 2006 1856 ‚
2028 1818 2088 1860 sed

1137 1860 1276 1901 quaedam
1291 1859 1452 1892 tolerabilia
1460 1857 1533 1901 fitnt
1546 1885 1555 1899 ,
1584 1872 1649 1902 quae
1670 1870 1822 1902 utcumque
1838 1867 1932 1906 potest
1954 1867 2083 1908 Ecclefia

1138 1910 1261 1942 tolerare
1274 1934 1280 1941 .
1308 1910 1368 1941 sed
1377 1908 1476 1942 horum
1487 1911 1582 1950 major
1589 1920 1666 1952 pars
1675 1913 1833 1952 reprobata
1848 1938 1857 1951 ,
1881 1916 1915 1947 δ’
1937 1917 1977 1948 ab
2002 1921 2085 1950 Anti-

1139 1967 1203 2002 quis
1218 1961 1336 2001 quidem
1349 1960 1380 1992 (τ’
1393 1958 1567 1994 authenticis
1583 1963 1731 1994 damnata
1741 1962 1778 2001 est
1791 1965 1933 1996 Cortciliis
1947 1990 1956 2005 ,
1983 1970 2083 2006 utpote

1139 2009 1250 2043 direc‘Je'
1271 2011 1369 2041 Sacris
1392 2012 1411 2041 5
1414 2010 1593 2042 amslionibus
1612 2010 1760 2054 adversa.
1792 2013 1833 2045 Et
1859 2013 1925 2046 haec
1952 2016 2082 2057 quidem

1140 2059 1306 2092 Dominus
1320 2059 1450 2100 Papain
1467 2057 1631 2092 audientia
1644 2061 1794 2094 omnium
1815 2063 1996 2105 reprobavit
2014 2089 2024 2104 ,
2050 2068 2082 2099 ὅ(

1140 2109 1182 2142 ab
1206 2108 1343 2142 Ecclesia
1367 2104 1574 2150 impo‘sterum
1596 2108 1780 2144 damnanda
1802 2114 1927 2146 censuit
1941 2138 1948 2145 .
1978 2115 2019 2149 Et
2041 2117 2082 2149 ad

1142 2155 1242 2192 Archi
1256 2176 1263 2182 ·
1279 2157 1477 2200 Episcopum
1491 2160 1519 2192 se
1537 2169 1729 2194 convertens
1741 2160 1848 2204 inquit
1862 2165 1984 2196 :Tecum
1995 2169 2081 2198 Fra-

1140 2218 1185 2242 ter
1196 2232 1207 2248 ‚
1233 2206 1354 2249 etsituus
1367 2209 1399 2240 (τ
1411 2214 1468 2241 Co·
1483 2207 1692 2251 Episcoporum
1699 2219 1815 2245 tuorum
1833 2215 1964 2256 grandis
1982 2214 2080 2255 fiterit

1138 2257 1258 2300 exceffus
1273 2258 1440 2290 &enormis
1453 2281 1463 2296 ,
1488 2260 1636 2302 agendum
1656 2259 1694 2299 est
1713 2264 1834 2301 parcius
1847 2288 1854 2295 .
1879 2264 2022 2307 Quietfi,
2049 2275 2083 2298 ut

1139 2307 1287 2349 confitens
1298 2305 1358 2350 ipse
1366 2307 1487 2346 cecidisti
1503 2332 1513 2347 ,
1538 2321 1605 2340 mox
1613 2308 1673 2351 post
1685 2309 1781 2353 casum
1793 2323 1875 2345 tuum
1887 2312 2032 2357 resurgere
2044 2328 2085 2348 co-

1141 2366 1229 2392 natus
1240 2369 1271 2391 es
1280 2365 1402 2399 propter
1412 2355 1510 2398 cafitm
1521 2359 1614 2391 multa
1616 2361 1685 2401 jam
1691 2369 1804 2405 gravia
1817 2365 1850 2396 &⁶
1863 2365 1939 2395 dura
1959 2364 2072 2407 perpes
2067 2382 2083 2387 —

1138 2407 1191 2452 sus
1201 2433 1212 2449 ,
1238 2407 1424 2450 &stan'mnut
1435 2409 1578 2442 cecideras
1592 2434 1603 2450 ,
1630 2421 1694 2443 cum
1706 2411 1803 2445 adbuc
1816 2415 1881 2454 effes
1892 2419 1925 2444 in
1936 2416 2044 2456 Anglia
2072 2440 2082 2454 ,

1142 2461 1162 2491 a
1173 2456 1253 2491 nobis
1263 2456 1382 2501 quaefisti
1393 2459 1574 2499 &invenisti
1584 2461 1621 2493 de
1633 2462 1797 2494 Clementia
1810 2462 1904 2500 nostra
1928 2463 2078 2505 ahsolutio-

1143 2515 1190 2541 nts
1203 2507 1371 2549 beneficium
1381 2533 1388 2540 .
1400 2509 1482 2543 Unde
1493 2510 1527 2543 Θ
1538 2511 1657 2553 dignum
1668 2510 1705 2551 est
1716 2536 1726 2550 ,
1753 2521 1787 2543 ut
1801 2523 1852 2543 nos
1864 2511 1918 2544 tibi
1932 2515 2085 2556 indulgea-

1141 2570 1230 2601 mus,
1258 2563 1352 2591 autin
1365 2565 1424 2592 tuis
1433 2558 1567 2601 adverfis
1593 2562 1766 2593 Clementia·
1789 2561 1893 2601 nostrae
1917 2561 2085 2604 confhlatio-

1142 2620 1208 2642 nem
1218 2610 1392 2652 &gratiam
1406 2618 1472 2651 prat
1483 2614 1596 2641 caeterls
1611 2608 1745 2651 Persbnis
1771 2610 1970 2652 Ecckfiastt'cls
2000 2616 2084 2646 tanto

1137 2660 1255 2701 plenius
1269 2661 1301 2691 ἐς
1319 2658 1492 2698 affeeluofius
1500 2657 1616 2700 [ωηατ
1628 2682 1639 2698 ,
1666 2662 1777 2700 quanto
1796 2668 1852 2702 pro
1879 2661 2016 2695 libertate
2030 2665 2087 2695 Ec-

1141 2707 1227 2750 clefiae
1244 2732 1253 2747 ‚
1280 2710 1313 2740 (9
1324 2716 1380 2748 pro
1387 2707 1448 2749 fide
1459 2709 1492 2741 <5
1503 2708 1656 2741 devotione
1666 2708 1763 2747 vestra
1773 2712 1891 2751 Majora
1906 2712 2045 2754 reliquisti
2077 2737 2088 2751 ‚

1141 2757 1479 2800 &gravioraperpessus
1490 2769 1521 2790 es
1534 2781 1541 2788 .
1566 2758 1607 2790 Et
1623 2759 1665 2792 ita
1681 2759 1731 2792 vir
1744 2762 1767 2792 Α
1777 2760 1952 2803 postolicus
1968 2761 2084 2795 Archi-

1143 2808 1310 2842 Praesulem
1334 2806 1438 2850 primo
1463 2817 1593 2850 paterna
1617 2809 1782 2842 severitate
1797 2834 1807 2848 ‚
1833 2810 2025 2855 objurgans,
2053 2812 2087 2844 &

1143 2869 1295 2892 maternae
1306 2857 1541 2891 consolationis
1552 2858 1759 2894 dulcedinem
1786 2870 1933 2904 reparans
1946 2872 2023 2895 tunc
2041 2861 2089 2895 di-

1145 2909 1246 2942 misit.

1339 2957 1370 2996 C
1424 2957 1455 2990 A
1504 2957 1532 2991 P
1582 2953 1624 2994 U
1674 2957 1712 2991 T
1811 2960 1845 2994 X
1858 2961 1909 2995 11.

1196 3057 1336 3100 ,Qualiter
1357 3063 1480 3092 Domino
1507 3060 1600 3099 Papae
1635 3058 1722 3098 Archi
1735 3059 1967 3103 ·Episcop'atum
1978 3060 2040 3102 resi·

1364 3114 1508 3152 gnaverit
1521 3132 1532 3148 ‚
1560 3110 1593 3141 <9⁰
1610 3115 1715 3142 iterum
1738 3117 1893 3152 receperit.

1450 3207 1478 3243 A
1508 3208 1535 3241 L
1559 3210 1589 3241 A
1619 3208 1654 3242 N
1683 3208 1722 3244 U
1749 3210 1788 3242 S.

1221 3256 1413 3295 OSTERA
1443 3257 1517 3291 vero
1528 3257 1582 3293 die
1606 3258 1638 3290 in
1666 3259 1827 3292 secretiori
1859 3258 2004 3292 thalamo
2016 3269 2091 3293 cum

1245 3308 1397 3341 Domino
1409 3306 1496 3349 Papa
1525 3306 1759 3341 Cardinalibus
1784 3308 2016 3347 residentibus,
2042 3308 2094 3341 ad·

1146 3357 1250 3391 fuit&
1265 3356 1367 3391 Archi
1386 3354 1583 3400 -Episcopus
1599 3380 1608 3395 ,
1637 3357 1703 3391 haec
1721 3357 1870 3399 inquiens
1884 3371 1894 3391 .-
1915 3360 2024 3390 Patres
2038 3364 2094 3390 mei

148 3409 255 3442 adnot
267 3402 391 3444 babuit,
415 3410 508 3447 tepuit
514 3403 643 3447 profeci&
652 3411 735 3446 prior
748 3405 870 3447 offellus
883 3431 891 3439 .
918 3404 1019 3440 Adhuc
1037 3417 1087 3439 au·
1132 3409 1181 3442 κς·
1207 3411 1329 3440 Domini
1354 3429 1365 3446 ,
1404 3412 1524 3443 mentiri
1551 3412 1660 3441 nemini
1698 3409 1763 3438 licet
1796 3406 1902 3440 alicubi
1937 3430 1947 3447 ,
1973 3409 2095 3440 necdum

248 3453 353 3496 christ.
372 3457 452 3498 Lupi
472 3457 572 3498 opera
593 3456 675 3488 Torn.
697 3457 739 3489 Χ.

1663 3455 1693 3491 C
1743 3466 1765 3492 2

1962 3467 2058 3491 coram
