2358 3776
571 56 614 107 ς.
649 56 957 107 THOMAE
988 47 1405 118 caunum.
1439 55 1684 107 LIB.11.

329 190 747 231 ἱιειηετοιιι
839 188 927 238 με.

254 295 428 331 Alexandro
455 297 551 338 Papa
568 298 713 343 Joannrs
736 291 777 326 de
799 288 993 326 saresberia.

77 390 82 397 ⁶
148 432 151 434 μ
219 394 282 429 Ide
298 396 403 432 exilio
415 396 596 431 clamamus
604 394 646 430 ad
669 393 801 429 Patrem
813 414 826 432 ‚
852 402 910 435 pro
923 401 990 436 quo
1009 390 1092 438 jugi·

241 455 289 481 ter
301 445 727 484 clamamusadDominum
741 466 753 482 ,
777 451 834 486 pro
856 442 948 484 cujus
968 442 1034 478 fide
1055 442 1090 478 ὃς

154 494 282 532 honore
299 507 413 534 contra
433 497 650 541 persecutores
669 492 818 529 Ecclesia
839 491 1052 527 clamavimus
1078 517 1089 534 ,

151 546 277 590 semper
297 547 576 586 declamabimus,
600 545 678 580 Deo
700 542 860 581 authore,
884 543 996 587 quoad
1019 543 1087 578 vita

151 596 391 639 fuerltcomes,
416 597 518 641 vestre
527 594 714 631 Paternitas
726 592 876 629 admirari
887 605 955 627 non
978 592 1089 634 debet,

150 646 230 682 cum
250 646 470 691 deiuopinata
490 656 598 682 terum
617 645 766 680 novitate
786 643 963 679 clamorem
978 653 1085 679 extor-

150 707 251 742 queat
265 698 312 732 vis
325 697 472 737 doloris,
495 697 532 733 ἃ.
552 697 744 740 importunae
765 694 799 731 ἀ
820 695 1020 731 amariffimae
1030 705 1084 728 ne-

150 747 304 783 ceffitaris
321 747 492 784 acerbitas.
523 746 714 782 Clamarnus
729 755 809 792 ergo
829 745 871 778 ad
892 746 1083 780 sucessorem

149 795 264 837 Petri,
290 796 460 833 vicarium
473 796 636 832 Crucifixi
647 820 660 837 ,
683 796 720 832 ἀ
741 795 870 831 utinam
883 796 1009 831 clamor
1025 807 1082 830 no-

147 844 212 880 ster
232 845 373 883 introeat
394 847 430 881 in
448 857 538 882 aures
561 845 700 888 vestras,
726 855 765 880 ut
786 846 878 890 super
898 846 1083 881 calamitate

143 894 323 937 Ecclesiae,
346 896 494 932 filiorum
516 896 747 932 afflictionibus
766 896 802 932 &t
823 896 1004 942 gemitibus
1024 894 1080 931 Pa-

145 945 206 980 tris
226 946 344 982 viscera
365 946 600 982 concutiantur
619 947 659 981 ad
676 947 922 982 miserationem
946 971 953 979 .
982 947 1026 981 Et
1044 946 1082 980 li·

144 994 201 1032 cet
222 996 358 1033 miserie
376 996 492 1032 nostrat
511 997 551 1032 de
562 998 685 1032 recenti
719 997 837 1043 injuria
860 997 1083 1040 multiplicatae

145 1046 211 1081 fint
231 1047 325 1092 super
337 1057 529 1087 numerum,
553 1048 588 1082 ἀ
600 1049 804 1083 excreverint
823 1048 915 1092 supra
934 1047 1082 1088 modum,

146 1107 257 1132 tamen
269 1122 281 1138 ,
308 1097 385 1132 Deo
405 1097 507 1138 teste,
533 1097 680 1133 acerbius
692 1098 842 1133 dolemus
853 1099 888 1133 ὅτ
900 1098 1082 1145 ingemisci-

145 1157 222 1183 mus
242 1148 348 1192 magis
367 1147 409 1182 de
429 1147 666 1183 imminutione
675 1149 788 1194 gloriae
801 1149 937 1188 vestrae,¹
952 1148 1082 1183 &fama

145 1197 310 1233 Romanae
323 1196 473 1233 Ecclefiae
481 1198 649 1242 denigrata
660 1222 672 1238 ,
693 1197 790 1242 quam
800 1198 843 1231 de
853 1197 1006 1236 damnis,
1032 1197 1080 1230 in-

144 1246 236 1290 'J‘uriis
249 1270 260 1286 ,
285 1247 321 1282 ἀ
340 1246 744 1289 oppreffionibusnostris.
769 1247 825 1289 Jus
842 1246 888 1279 est
901 1270 913 1286 ,
948 1244 1046 1278 Pater
1070 1269 1081 1286 ,

142 1294 196 1340 jus
205 1295 251 1330 est
263 1306 352 1330 veras
362 1304 552 1339 expromere
565 1307 662 1331 voces
672 1319 684 1335 ,
709 1295 884 1338 praesertim
894 1294 980 1338 apud
991 1304 1081 1334 eum,

144 1345 203 1387 qui
225 1353 350 1379 amator
369 1345 403 1379 ὅτ
432 1354 587 1388 patronus
606 1343 652 1378 cst
675 1343 819 1378 veritatis
832 1368 844 1385 ,
869 1345 904 1379 ἀ
917 1344 1010 1387 cujus
1023 1344 1082 1377 mi-

144 1394 280 1429 ainerio
303 1393 444 1438 Spiritus
463 1395 598 1429 Sanetus
618 1395 724 1430 totius
755 1393 904 1431 falsitatis
925 1395 1082 1440 figmenta

142 1445 349 1479 condemnat
374 1468 382 1476 .
404 1444 551 1478 Viduam
570 1445 798 1488 impatientius
827 1454 1083 1489 conquerentem

143 1493 311 1538 Propheta
331 1492 668 1537 habuitexcusatam‚
694 1493 828 1538 eoquod
839 1494 873 1528 in
896 1493 1082 1529 amaritudi-

144 1554 190 1579 ne
209 1553 278 1578 erat
296 1543 407 1578 anima
426 1543 496 1586 ejus
516 1544 562 1579 ob
584 1554 746 1579 recentem
768 1545 831 1579 filii
847 1553 1013 1582 mortem:
1051 1544 1086 1578 ὁ(

142 1604 206 1629 nos
222 1593 305 1640 quid
327 1594 488 1638 patienter
497 1594 589 1639 queri
609 1594 798 1638 possumus,
823 1595 908 1628 inter
929 1602 981 1628 tot
1000 1603 1084 1628 mor-

142 1654 216 1684 teS,
239 1654 406 1684 carceres,
431 1645 588 1683 vincula,
612 1644 736 1689 flagra,
758 1643 1002 1685 contumelias,
1027 1653 1086 1679 ter·

144 1703 254 1734 roreS,
279 1693 416 1734 esuriei,
441 1694 530 1734 litis,
558 1694 741 1735 nuditatis,
756 1692 1084 1733 ·&multirnodaeca›-

145 1742 302 1777 lamitatis
323 1743 487 1789 angustias
499 1745 517 1776 ,ἒ
542 1744 577 1780 Si
587 1754 672 1790 ergo
690 1744 785 1787 juste,
796 1743 1010 1778 amaritudini
1026 1741 1086 1777 de-

142 1792 240 1829 betur
249 1792 358 1833 venia,
368 1802 509 1836 quorum
520 1792 650 1832 querela
661 1791 840 1833 patientius
851 1790 1013 1826 audienda
1024 1790 1085 1830 est,

142 1851 283 1887 quorum
291 1839 468 1886 gemitibus
480 1840 585 1884 magis
607 1840 898 1884 compatiendum,
944 1850 1083 1883 quorum

144 1902 256 1937 preces
286 1888 458 1936 benignius
490 1890 660 1927 audiendae
677 1890 697 1926 a
728 1890 887 1925 Romano
909 1888 1086 1931 Pontifice,

145 1953 244 1987 quam
263 1940 409 1975 Exulum
433 1939 720 1976 Camuarienfium
741 1965 752 1982 ,
788 1940 847 1984 qui
870 1951 931 1984 pro
962 1940 1084 1975 tuenda

144 1992 295 2027 libertate
309 1991 480 2033 Ecclesia,
509 2002 568 2036 pro
580 1989 785 2027 adstruendis
798 1989 984 2033 privilegiis
996 1991 1085 2032 Apo·

144 2041 265 2077 stolia
282 2040 374 2076 Sedis
396 2041 567 2086 proscripti
584 2041 646 2074 esse
670 2040 873 2074 noscuntur?
901 2038 1047 2073 Utinam
1074 2063 1086 2079 ‚

140 2091 240 2128 Pater
251 2116 263 2132 ,
287 2092 389 2127 essent
411 2101 504 2125 aures
515 2090 619 2124 vestrae
631 2090 672 2124 ad
693 2101 751 2124 ora
763 2089 864 2135 Regis
876 2088 910 2122 δε
933 2090 1083 2133 Optima-

143 2152 217 2177 tum
228 2141 392 2178 Franciae.
422 2140 570 2177 Utinam
593 2140 767 2180 audiretis,
798 2137 970 2183 quomodo*
989 2138 1086 2184 insul-

144 2202 219 2227 tant
239 2190 334 2226 vobis
354 2190 462 2226 hostes
476 2190 623 2225 Ecclcfiae
640 2215 651 2231 ,
674 2191 708 2225 &
729 2188 795 2224 fere
818 2189 959 2224 universi
981 2187 1085 2223 detra·

145 2242 231 2277 hunt
243 2240 335 2275 vobis
349 2264 360 2275 ‚
383 2239 427 2275 Et
448 2241 471 2275 si
492 2251 566 2275 vera
591 2241 690 2282 sunt,
726 2238 1030 2285 quaelpraedicantur
1050 2237 1085 2271 in

145 2291 324 2334 compitis,
349 2301 419 2332 non
431 2288 527 2326 video
549 2289 722 2335 quomodo
739 2289 887 2334 majestas
899 2289 1000 2324 vestra
1015 2299 1086 2332 pro-

147 2341 301 2377 babiliter
321 2340 425 2374 valeat
451 2341 620 2375 excusari.
659 2340 813 2375 praterea
835 2339 927 2384 quod
949 2338 1085 2383 insignis

145 2392 205 2427 ille
223 2390 346 2433 jurator
355 2401 389 2423 re
400 2387 481 2423 bene
491 2390 578 2434 gesta
589 2390 630 2424 de
645 2401 746 2424 manu
761 2389 863 2423 vestra
876 2390 1084 2424 Decanatum

144 2440 269 2482 accepit
279 2461 291 2478 ,
315 2438 350 2473 δε
359 2449 469 2473 curam
480 2439 657 2474 multarum
668 2439 851 2473 animarum
864 2463 883 2479 ,,
901 2440 950 2472 vir
964 2438 1084 2483 proba·-

143 2501 183 2526 tre
203 2489 396 2534 Religionis
414 2490 447 2523 &
460 2489 550 2523 fama
570 2488 703 2531 hilaris,
727 2489 785 2536 qui
799 2500 860 2524 nec
883 2499 951 2523 uno
976 2489 1085 2524 mense

145 2539 408 2576 Ecclesiasticum
429 2537 586 2573 addidicit
607 2541 706 2575 ritum
725 2564 733 2573 .
763 2538 826 2575 Sed
846 2538 997 2583 nunquid
1019 2539 1086 2574 exi·

146 2588 293 2626 tuendus·
305 2597 374 2624 erat
383 2589 402 2623 a
414 2587 632 2631 jurisdictione
641 2591 796 2625 omnium
822 2587 1061 2634 episcoporum
1074 2613 1086 2629 ‚

146 2650 185 2676 ut
206 2639 237 2673 ei
253 2663 266 2681 ,
298 2639 379 2674 sicut
398 2639 540 2673 fautores
563 2638 611 2672 sui
632 2639 817 2682 gloriantur
837 2663 848 2680 ,
886 2639 1087 2674 authoritate

152 2689 350 2734 Apostolica
365 2687 478 2724 -saevire
494 2689 590 2722 liceat
603 2689 637 2721 in
655 2687 810 2732 subjectos
835 2699 904 2722 non
926 2690 1088 2726 reservato

147 2742 198 2775 eis
213 2739 442 2783 appellationis
453 2738 597 2773 remedio
610 2739 627 2770 ?
653 2737 814 2781 Nunquid
827 2739 925 2774 tantis
946 2749 1014 2778 crat
1027 2740 1086 2782 pri-

148 2790 278 2836 vilegiis
286 2787 506 2828 emoliendum
518 2797 553 2822 ut
563 2787 596 2821 in
613 2788 750 2833 introitu
760 2789 820 2822 suo
833 2788 933 2822 vestra
943 2787 1087 2823 authori-

148 2851 218 2877 tate
227 2841 418 2875 convocatis
429 2839 597 2883 Episcopis
606 2839 640 2872 &e
647 2839 751 2873 Clcro
766 2837 897 2883 Angliae
906 2837 1088 2879 mandaret,

149 2902 192 2925 ne
201 2890 425 2927 cantuariensi
438 2886 542 2923 Archi
553 2907 564 2914 -
577 2889 741 2933 Episcopo
763 2887 934 2923 obedirent
950 2913 961 2929 ,
985 2889 1036 2923 vel
1047 2889 1088 2923 ad

150 2940 256 2984 ipsum
265 2941 373 2975 vocati
392 2939 579 2974 accederent
591 2962 603 2979 ‚
628 2939 662 2973 ὅ(
674 2949 710 2973 ut
730 2938 799 2982 jure
808 2939 1087 2974 excommunicati

152 2990 219 3023 fine
231 2989 304 3024 satis
314 2990 467 3032 factione,
477 2990 509 3024 ἀ
523 2989 680 3024 cautione
689 2989 784 3023 omni
795 2987 1039 3024 absolverentur
1051 2990 1085 3024 in

150 3038 325 3083 sacrilegiis
336 3042 568 3083 perseverantes
580 3041 592 3075 ἲ
604 3040 654 3075 Os
663 3050 772 3073 meum
786 3039 819 3073 in
831 3039 954 3074 coelum
968 3050 1087 3084 ponere

150 3101 221 3135 non
242 3089 421 3134 praesumo.
443 3091 571 3132 fateor,
594 3090 628 3124 δι
648 3101 760 3124 verum
782 3088 829 3123 est
851 3089 966 3124 omnia
989 3091 1086 3125 licere

151 3140 311 3175 Romano
320 3138 475 3173 Pontifici
487 3163 498 3180 ,
522 3139 577 3175 sed
588 3151 629 3174 eo
641 3140 811 3175 dumtaxat
825 3164 836 3180 ,
862 3152 930 3185 quae
944 3141 1013 3183 jure
1025 3140 1084 3174 Di-

151 3191 232 3226 vino
253 3188 478 3226 Ecclefiasticae
489 3190 635 3227 concessa
649 3191 721 3225 sunt
732 3190 904 3234 potestati.
931 3189 1082 3225 Liceatei

151 3249 240 3273 nova
260 3237 327 3282 jura
346 3239 488 3274 condere
499 3262 517 3279 ,,
544 3249 647 3275 vetera
667 3240 845 3287 abrogare,
872 3240 952 3275 dum
974 3250 1081 3274 tamen

152 3288 210 3323 illa
221 3291 317 3331 quaea
329 3289 393 3324 Dei
406 3288 503 3323 verbo
522 3288 556 3322 in
577 3290 779 3335 Evangelio,
805 3291 862 3332 vel,
877 3291 950 3336 lege
978 3301 1081 3334 perpe·

153 3350 211 3374 rua
222 3341 361 3377 caussam
372 3338 494 3377 habent
507 3363 529 3388 ‚q
544 3347 667 3373 mutare
679 3352 745 3375 uon
757 3342 872 3386 poffit.
898 3340 1015 3376 Aufim
1034 3341 1081 3375 di·

153 3400 225 3426 cere
234 3414 247 3433 ,
273 3389 361 3435 quod
372 3399 431 3425 nec
441 3388 556 3426 Petrus
566 3399 759 3435 quemquam
773 3393 1025 3437 perseverantem
1045 3390 1080 3427 in

1157 135 1499 173 scelere&voluntate
1520 142 1675 180 peccandi
1686 144 1789 185 posset
1810 142 1991 183 absolvere.
2016 151 2094 187 Nee

1159 188 1264 223 claves
1276 186 1402 228 accepit
1412 209 1424 226 ,
1443 186 1561 230 quibus
1568 187 1701 228 januam
1710 195 1803 233 poffit
1810 195 2093 240 imitemibus

1157 236 1278 283 aperire
1288 261 1296 269 .
1323 234 1432 272 Unde
1441 246 1519 281 ergo
1530 236 1581 270 illi
1594 236 1659 270 haec
1671 238 1745 274 data
1758 246 1922 284 potestas?
1947 248 2001 283 Ad
2025 250 2092 285 haec

1141 287 1296 328 'dicitur,
1321 287 1410 331 quod
1432 286 1506 323 Rex
1528 286 1718 331 Anglorum
1735 295 1887 330 omnium
1911 296 2091 344 Episcopo.

1155 349 1227 372 rum
1250 337 1464 383 jurisdiflioni
1485 337 1674 374 subtrasius·
1686 338 1731 371 est
1756 340 1926 389 privilegio
1959 359 2050 384 novo
2076 364 2089 384 „-

1154 388 1241 432 quod
1255 387 1398 433 profesto
1412 388 1433 421 fi
1445 385 1608 427 obtinuit,
1635 399 1711 423 ecce
1720 389 1750 422 ei
1769 390 1889 427 collata
1906 396 1951 429 est
1974 398 2092 435 autho-

1153 440 1229 474 ritas
1251 439 1380 474 licitum
1402 437 1499 473 libito
1520 437 1730 482 coaequandi.
1757 432 1840 473 Non
1862 436 1971 478 tamen
1995 448 2090 484 facile

1151 489 1343 524 crediderim
1355 514 1368 530 ‚
1391 488 1484 534 quod
1500 486 1570 522 haec
1580 489 1696 524 omnia
1707 499 1773 524 tam
1785 489 1884 525 facile
1893 503 2011 528 contra
2031 499 2092 533 Ee.

1150 540 1275 574 clefiam
1290 541 1357 575 Dei
1367 540 1538 584 impetrata
1552 539 1616 573 fint
1629 564 1638 572 .
1662 538 1726 574 Sed
1749 539 1815 576 hoc
1834 541 2035 578 fiducialiter
2046 546 2093 580 di·

1148 591 1251 625 xerim
1261 614 1272 630 ‚
1288 591 1378 635 quod
1388 590 1565 639 antequam
1580 587 1646 624 haec
1657 591 1759 624 essent
1775 590 1863 636 apud
1877 603 1937 626 nos
1948 591 2097 640 divulga·

1147 642 1234 682 ta,de
1244 642 1401 676 diuturno
1414 641 1587 686 naufragio
1598 651 1789 675 veneramus
1800 642 1834 676 in
1849 642 2095 687 pennard-quo

1122 737 1125 741 f
1145 702 1206 726 nos
1217 692 1397 734 rejecerunt
1410 695 1444 725 in
1457 691 1591 735 pelagus
1600 715 1611 732 ,
1637 690 1695 735 qui
1707 703 1785 725 cum
1796 691 1968 736 triumpho
1977 692 1996 727 a
2008 694 2093 729 Sede

1121 743 1125 747 ”
1146 741 1339 786 Apostolica
1350 741 1604 778 redierunt-Nec
1612 741 1727 787 aliquo
1738 741 1842 776 modo
1855 742 2037 786 persuaderi
2049 755 2094 788 po

1143 792 1202 830 test
1215 790 1328 836 ‚quod
1340 791 1482 838 Legati,
1507 792 1567 837 qui
1590 791 1704 827 venire
1712 790 1870 826 dicuntur
1889 796 2095 837 procuraturi

1145 844 1332 877 voluntates
1352 842 1494 878 Domini
1506 842 1628 887 Regis,
1652 842 1883 877 conditionem
1895 844 2040 880 nostram
2051 853 2096 880 re-

1145 894 1285 931 formare
1307 892 1426 937 poffint
1449 894 1484 927 in
1505 904 1585 928 eum
1597 892 1788 934 calculum,
1824 893 1859 927 in
1878 905 1949 938 quo
1966 920 1967 923 η
1982 903 2053 929 crat
2077 917 2092 936 ,

1144 944 1279 986 quando
1292 942 1426 978 verbum
1438 941 1503 977 hoc
1523 943 1675 978 omnium
1693 941 1792 978 eorda
1810 944 1971 981 concuffit
1983 966 2005 977 .‹
2021 945 2095 981 Du-

1145 994 1238 1029 blnm
1250 1004 1360 1030 tamen
1380 994 1427 1028 est
1449 1006 1492 1028 an
1516 995 1640 1035 velint,
1665 994 1806 1029 fitamen
1828 993 1990 1036 dubium,
2014 993 2093 1030 cum

1146 1045 1282 1081 alterum
1297 1056 1411 1079 eorum
1421 1045 1622 1081 audierimus
1631 1045 1648 1079 a
1661 1045 1775 1080 multis
1787 1045 1820 1078 in
1832 1045 2011 1088 perniciem
2035 1056 2094 1081 no·

1147 1095 1263 1135 stram,
1289 1104 1346 1130 aut
1369 1094 1479 1139 potius
1502 1097 1536 1129 in
1561 1095 1766 1140 dispendium
1791 1105 1847 1130 aut
1868 1095 2096 1141 ignominiam

1150 1146 1296 1181 Ecclefiae
1305 1144 1494 1182 conceffiss‘e
1506 1146 1658 1180 Domino
1672 1145 1782 1191 Regi,
1808 1144 1842 1178 &
1854 1152 2027 1190 operatum
2043 1145 2092 1181 es·

1148 1197 1202 1235 se,
1228 1206 1390 1239 quantum
1411 1197 1445 1230 in
1469 1208 1510 1231 eo
1537 1196 1620 1236 fuit,
1645 1196 1882 1231 exterminium
1908 1195 2058 1238 nostrum
2082 1219 2093 1228 .

1147 1244 1234 1279 Eum
1251 1254 1332 1291 ergo
1344 1246 1477 1284 mififfe,
1502 1247 1589 1279 ficut
1610 1244 1786 1280 adversarii
1806 1246 1956 1288 jaaitant
1969 1269 1980 1285 ,
2005 1243 2094 1278 nihil

1145 1292 1232 1331 aliud
1244 1294 1290 1327 est
1302 1318 1314 1333 ,
1339 1295 1441 1337 quam
1453 1294 1551 1328 nobis
1561 1293 1757 1328 ministrasse
1776 1295 1917 1327 calicem
1939 1293 2094 1337 paffionis

1145 1343 1180 1379 ὅ(
1194 1341 1310 1378 mortis
1321 1367 1329 1375 .
1356 1342 1460 1390 Qod
1471 1342 1492 1375 fi
1507 1342 1663 1385 proponit
1676 1366 1688 1384 ‚
1714 1343 1816 1385 sepiat
1828 1344 1921 1379 Deus
1941 1343 2031 1376 viam
2042 1342 2097 1376 ad-

1147 1392 1353 1430 sciscentis&
1365 1393 1527 1428 venientis
1538 1391 1655 1436 spinis,
1687 1402 1725 1427 ut
1738 1393 1979 1437 praee-ipitentur
1992 1393 2027 1426 in
2048 1392 2095 1425 fo-

1148 1454 1241 1478 veam
1254 1467 1274 1484 r
1290 1453 1391 1486 quarn
1412 1440 1647 1480 innocentibus
1668 1452 1862 1486 paraverunt
1883 1469 1893 1476 .
1921 1442 2095 1485 Adjiciunt

1149 1494 1243 1528 malis
1256 1492 1375 1535 nostris
1387 1517 1399 1534 ‚
1426 1492 1483 1537 qui
1500 1502 1623 1529 contra
1643 1503 1706 1527 nos
1723 1492 1759 1530 r&
1770 1493 1876 1536 magis
1897 1501 2013 1526 contra
2036 1502 2095 1527 vos

1147 1542 1354 1587 gloriantur,
1380 1542 1471 1585 quod
1489 1541 1628 1576 exilium
1651 1539 1800 1578 nostrum
1813 1540 2033 1587 prolongastis
2059 1542 2094 1575 in

1149 1603 1294 1633 annum,
1322 1590 1466 1627 uttvobis
1477 1591 1668 1636 Anglorum
1691 1591 1765 1625 Rex
1789 1589 2096 1627 coufoedereturin-

1146 1642 1243 1676 terim
1259 1667 1267 1674 .
1295 1640 1366 1688 ,Sed
1386 1641 1606 1681 memineritis
1628 1640 1762 1676 foederis
1783 1641 1976 1682 Benadab,·
2002 1640 2095 1687 quod

1150 1693 1237 1736 Regi
1249 1689 1420 1727 lsraelsuit
1431 1693 1468 1724 in
1479 1690 1668 1724 scandalum
1680 1712 1692 1730 ‚
1719 1690 1754 1723 &
1766 1690 1890 1734 populo
1903 1692 1939 1725 in
1950 1692 2100 1733 ruinam,

1146 1741 1225 1784 quia
1237 1737 1807 1780 ultionemni‘vinitus-procuratam<
1829 1740 1863 1774 in
1877 1740 2016 1784 publicae
2031 1741 2095 1776 Re-

1150 1789 1287 1834 ligionis
1303 1786 1434 1823 hostem
1456 1787 1569 1822 noluit
1586 1797 1736 1823 exercere
1758 1813 1766 1821 .
1792 1787 1915 1823 Procul
1937 1789 2042 1825 dubio
2061 1791 2097 1828 ἀ

1150 1838 1230 1880 iste,
1255 1836 1418 1874 stetissetis
1440 1837 1482 1872 ad
1507 1838 1702 1878 modicum,
1728 1838 1794 1882 jam
1821 1837 1863 1875 ad
1887 1839 2095 1876 deditionem

1149 1889 1437 1932 compulsorem,
1462 1897 1499 1922 ut
1509 1890 1541 1923 se
1562 1888 1703 1924 traderet
1725 1888 1878 1925 manibus
1900 1890 2035 1933 vestris,
2061 1892 2095 1927 ὅ(

1152 1939 1294 1974 Ecclesia
1308 1940 1419 1974 subeo
1431 1938 1540 1972 debita
1554 1939 1709 1973 libertate
1727 1938 1899 1983 gauderet.
1928 1940 1993 1975 Sed
2017 1942 2093 1985 quis

1149 1989 1190 2023 de
1201 1989 1302 2023 unius
1313 1988 1393 2023 anni
1406 1989 1473 2022 viia
1485 1989 1588 2032 potest
1601 1990 1664 2024 esse
1681 1989 1809 2024 securus
1820 1990 1838 2022 ἓ
1864 1989 1921 2024 An
1934 1991 2070 2024 nescitis
2083 2015 2094 2032 ,

1149 2039 1309 2082 quoniam
1327 2039 1529 2083 quicumque
1542 2038 1684 2075 oderunt
1697 2039 1845 2074 Ecclefiae
1867 2039 2052 2075 libertatem
2080 2066 2092 2081 ,

1148 2089 1212 2123 five
1224 2088 1434 2125 schismatico
1446 2089 1637 2134 Imperatori
1661 2088 1875 2125 confoederati
1899 2090 1994 2130 sunt,
2021 2090 2093 2125 vitae

1149 2140 1258 2175 vesti-z
1274 2164 1286 2181 ,
1311 2150 1412 2183 quam
1426 2140 1563 2175 Deusin
1575 2140 1679 2175 multa
1703 2140 1880 2186 protendat
1902 2149 2052 2184 tempora
2078 2165 2091 2180 ,

1147 2191 1327 2224 terminum
1337 2190 1479 2234 optant?
1508 2190 1602 2226 Patet
1620 2201 1700 2237 ergo
1713 2215 1724 2232 ,
1748 2202 1848 2235 quam
1861 2190 2040 2235 periculosa
2053 2189 2092 2227 fit

1148 2239 1203 2272 ista
1216 2239 1349 2278 dilatio,
1377 2250 1433 2283 per
1445 2250 1542 2283 quam
1556 2243 1723 2276 temeritas
1733 2241 1875 2286 amplius
1894 2241 2061 2276 insolescit
2076 2251 2088 2284 '‚

1145 2288 1178 2323 ἀ
1202 2287 1355 2323 Ecclefiae
1364 2288 1517 2322 conditio
1528 2289 1653 2325 tristior
1665 2291 1697 2325 δε
1707 2291 1819 2326 durior
1832 2290 2024 2327 malitiosius
2035 2303 2091 2327 ex-

1148 2340 1325 2382 spectatur.
1353 2338 1446 2375 Mala
1455 2338 1606 2373 facienda
1619 2336 1688 2385 non
1708 2341 1806 2382 sunt,
1832 2351 1869 2376 ut
1892 2343 2089 2386 proveniant

1147 2389 1258 2429 bona,
1294 2399 1356 2422 nee
1377 2386 1513 2423 salubris
1536 2389 1598 2424 esse
1620 2392 1739 2433 poterit
1760 2391 1962 2435 dispensatio
1983 2417 1994 2432 ‚
2034 2404 2090 2435 per

1146 2449 1246 2482 quam
1269 2437 1498 2484 sacrilegorum
1520 2449 1727 2483 perpetuatur
1747 2441 1881 2474 audacia
1895 2466 1905 2473 .
1944 2442 2088 2477 Exceffit

1147 2488 1306 2530 modum,
1331 2488 1452 2534 &quis
1474 2489 1528 2524 cui
1549 2489 1760 2532 loqueretur,
1787 2490 1897 2522 minus
1919 2490 2046 2524 attendi
2076 2515 2088 2530 ,

1147 2537 1199 2574 sed
1218 2539 1413 2574 exulceratae
1433 2538 1552 2572 mentis
1575 2539 1735 2582 impetum
1760 2539 1966 2583 nequaquam
1991 2538 2087 2584 potui

1146 2587 1319 2628 cohibere,
1343 2588 1457 2623 videns
1470 2586 1560 2630 quod
1573 2588 1744 2623 occasione
1755 2589 1843 2623 verbi
1859 2588 1954 2632 hujus
1976 2590 2086 2624 crude⁴

1146 2641 1242 2675 scunt
1253 2638 1392 2682 amplius
1405 2637 1576 2672 adversarii
1592 2637 1692 2673 nostri
1704 2663 1715 2680 ,
1728 2638 1834 2673 immo
1847 2639 1939 2674 vestri
1953 2664 1964 2681 ,
1989 2640 2023 2673 &
2035 2640 2090 2674 be-

1146 2690 1338 2725 neficiorum
1352 2687 1537 2722 nostrorum
1546 2688 1721 2723 liberalitas
1732 2689 1865 2732 tepescit
1881 2714 1892 2729 ‚
1911 2698 1968 2724 aut
1979 2691 2086 2724 omni-

1146 2739 1192 2774 οό
1202 2740 1342 2774 extincta
1353 2738 1397 2771 est
1411 2762 1423 2779 ,
1448 2738 1657 2783 preterquam
1671 2738 1706 2773 in
1729 2739 1824 2784 Rege
1848 2739 2048 2775 Francorum
2073 2765 2087 2784 0

1146 2792 1181 2825 ὅ(
1195 2790 1303 2834 paucis
1313 2787 1405 2830 aliis,
1431 2789 1492 2834 qui
1504 2787 1601 2824 nobis
1613 2788 1746 2833 quidem
1761 2790 2008 2833 compatiuntur
2019 2801 2087 2824 am-

1148 2840 1231 2886 plius
1249 2862 1260 2879 ‚
1284 2839 1319 2873 &
1340 2838 1429 2872 unde
1449 2839 1600 2874 dolemus
1621 2839 1795 2883 plurimum
1809 2865 1819 2881 ,
1844 2850 2025 2881 queruntur
2044 2840 2088 2875 do

1147 2890 1259 2924 vobis.
1286 2888 1417 2923 Placeat
1438 2889 1547 2935 itaque
1573 2891 1775 2925 miserationi
1802 2890 1911 2924 vestrae
1941 2891 2086 2925 Cantua-

1147 2940 1301 2975 tiensibus
1318 2938 1426 2974 vestris
1447 2940 1583 2984 aliquod
1605 2952 1716 2985 para-re
1740 2941 1893 2975 solatium
1908 2965 1920 2982 ,
1945 2942 1977 2975 &
1991 2940 2083 2974 vestri

1147 2990 1293 3024 nominis
1302 2988 1441 3035 gloriam
1453 2990 1630 3027 reformare
1644 3015 1654 3031 ,
1681 2991 1885 3034 reprimendo
1897 2989 2004 3024 hostes
2025 2990 2084 3025 Ec-

1145 3039 1242 3074 clefiae
1256 3064 1267 3081 ‚
1291 3040 1540 3077 &retribuendo
1560 3041 1871 3075 circumventoribus
1894 3040 2003 3074 vestris
2024 3052 2081 3083 pro

1144 3091 1280 3125 merito.
1308 3087 1432 3129 Unum
1454 3103 1512 3135 pro
1531 3103 1622 3125 certo
1644 3091 1802 3126 noveritis
1816 3117 1825 3133 ‚
1851 3090 1942 3134 quod
1964 3091 1985 3124 fi
2007 3091 2082 3124 Rex

1145 3141 1243 3176 semel
1253 3141 1289 3175 in
1299 3152 1508 3186 quacumque
1520 3141 1681 3184 opinione
1694 3143 1851 3185 repulsam
1865 3139 2050 3174 sustinuerit
2067 3163 2078 3180 ‚

1141 3192 1293 3226 omnium
1304 3192 1496 3226 meritorum
1521 3187 1699 3225 vestrorum
1713 3193 1926 3236 quoaclipsum
1949 3200 2082 3224 evacua-

1141 3241 1227 3276 bitur
1237 3243 1358 3277 frustus
1372 3267 1379 3274 .
1409 3241 1548 3276 Necesse
1558 3241 1604 3275 est
1622 3252 1730 3276 autem
1742 3267 1752 3282 ‚
1781 3252 1815 3275 ut
1826 3241 1961 3284 patiatur
1974 3238 2078 3283 repul·

1140 3293 1205 3328 sam
1219 3316 1232 3336 ‚
1257 3291 1361 3339 quiin
1374 3290 1586 3336 petitionibus
1600 3292 1789 3328 modestiam
1804 3291 1923 3325 nescit.

1926 3437 2035 3472 EPI-
