2358 3776
320 108 419 155 252

252 180 359 226 gium.
388 181 477 217 Nam
495 179 602 215 torius
626 176 723 222 hujus
739 176 918 214 schismatis
940 178 1075 213 Author
1096 180 1139 212 esi
1152 190 1184 213 et

243 228 419 271 incentor,
443 241 476 265 et
497 230 584 273 quasi
609 231 705 273 perse
723 241 792 264 non
814 230 889 263 satis
912 229 1072 268 insaniat,
1097 228 1186 262 insli-

245 290 302 326 gat
318 282 460 324 Regem.
501 279 732 325 Supplicamus
752 281 864 322 itaque
878 277 1057 319 Maiestatis
1082 280 1186 312 vestiae

244 329 378 373 pedibus
391 330 578 372 provoluti,
603 341 639 364 ut
665 329 895 368 cantuariensi
910 327 1058 361 Ecclesiae
1079 329 1185 363 seratis

243 389 342 421 opem
363 390 413 420 ,et
436 390 502 414 tam
527 381 692 425 prefatum
716 377 917 420 Episcopum
941 376 1041 419 quam
1064 378 1147 412 alios
1174 404 1184 420 ‚

244 438 327 470 quos
350 428 452 463 Archi
465 447 476 453 -
491 430 672 474 Episcopus
692 426 777 469 justo
788 425 998 460 anathemate
1012 429 1147 469 perculit
1173 453 1182 469 ,

244 476 288 512 sic
298 480 498 520 conteratis,
526 491 563 514 ut
586 477 741 521 posteris,
768 475 827 519 qui
850 475 992 509 audituri
1007 478 1079 509 sunt
1094 488 1184 511 tanta

242 530 381 573 peccatis
394 530 510 563 nostris
522 525 729 572 exigentibus
752 525 845 560 fuisse
866 526 1079 569 praesumpta,
1107 538 1186 572 gau-

242 578 466 613 deantavobis
479 578 592 611 eadem
606 578 773 610 severitate
798 575 946 609 vindit‘iae
971 576 1122 616 sortiter,
1149 589 1184 611 ut

239 627 260 662 ὲ
279 628 454 663 successore
472 628 557 661 Petri
572 627 664 661 decet
686 637 719 661 et
743 624 868 660 Christi
891 625 1029 659 Vicario
1053 650 1063 666 ‚
1090 627 1184 662 fuisse

239 679 404 717 restinsta.
434 678 523 712 Nam
547 677 658 723 gloriae
678 676 809 715 vestrae,
834 686 933 718 quam
959 676 1050 709 Deus
1077 688 1186 720 perpe·

240 737 311 764 tuet
330 754 341 770 ‚
380 729 495 763 titulos
520 727 696 771 plurimum
720 725 893 759 illustrabit
915 749 927 766 ,
963 725 985 758 si
1008 736 1075 760 tam
1096 727 1185 770 justae

240 778 376 813 ultionis
397 779 431 811 in
455 778 609 822 reprobos
634 776 839 819 condignum
862 776 1054 820 relinquatis
1075 787 1183 813 exem·

241 828 334 872 plum
348 854 357 863 .
383 828 502 864 Valeat
517 830 638 875 semper
651 827 801 860 sanci-iras
812 825 911 861 vestra
921 851 930 859 .

405 926 812 964 EPISTOLA
900 926 1010 964 XVII.

267 1028 473 1065 &Thomas
500 1028 741 1065 Cantuarienfis
769 1025 1087 1075 Archi-Episcopus

490 1081 647 1123 Capituli>
674 1079 900 1113 Cantuariensi
917 1104 925 1111 .

238 1178 368 1214 Thomas
383 1183 439 1214 Dei
446 1186 551 1225 grana
562 1177 782 1220 Cantuarienfis
797 1177 886 1212 Arche
896 1198 905 1203 -
922 1178 1086 1222 Episcopus
1101 1204 1111 1219 ,
1139 1188 1181 1213 to-

288 1236 348 1264 tius
369 1234 489 1275 angliae
510 1233 630 1263 Primus
644 1255 653 1271 ,
676 1232 710 1264 «ἓν
735 1228 904 1271 Apostoltcae
913 1231 995 1262 Sedis
1010 1234 1142 1274 Legatus
1171 1254 1181 1268 ‚

288 1281 474 1322 dilecqiffimls
487 1287 519 1312 in
533 1280 646 1319 Christo
658 1281 747 1311 Falits
760 1302 769 1316 ,
799 1280 971 1312 VVilhelmo
992 1282 1147 1321 supprior!
1172 1301 1183 1317 ,

289 1333 323 1363 (⁸5
334 1332 451 1369 odoni,
478 1331 511 1363 (9
522 1323 638 1361 caeseris
655 1327 816 1361 Fratribus
834 1352 845 1367 ,
869 1334 919 1370 qui
942 1332 974 1359 in
984 1326 1092 1370 firnHa
1103 1333 1177 1361 Can‘

291 1378 568 1420 tuari'enfiEcht-fia
591 1381 714 1410 Domino
731 1376 951 1418 famulantur,
972 1375 1125 1420 salutem,
1150 1379 1184 1413 61

285 1439 414 1473 pacem,
439 1428 604 1470 quamficut
617 1430 747 1461 Mundus
767 1425 859 1469 nescit
870 1451 883 1468 ,
909 1432 955 1460 ita
972 1425 1068 1471 solam
1091 1428 1183 1462 cbri-

285 1479 349 1520 stus
359 1477 489 1523 agnoscit
501 1502 509 1509 .

338 1628 454 1666 UoT
478 1637 511 1663 et
535 1636 660 1670 quanta
669 1638 728 1671 pro
740 1625 869 1662 honore
891 1626 955 1662 Dei
970 1650 981 1666 ‚
1006 1638 1066 1672 pro
1088 1625 1201 1670 liber·t

363 1691 429 1715 tate
443 1678 591 1713 Ecclessae
603 1702 614 1718 ,
641 1689 699 1721 pro
709 1678 800 1711 Sedis
812 1677 1011 1719 Apostolicae
1035 1689 1180 1712 reveren·
1199 1677 1202 1685 '

240 1732 285 1766 tia
299 1755 309 1770 ,
334 1742 365 1764 et
377 1728 561 1774 privilegiis
571 1727 638 1770 ejus
658 1726 888 1760 conservandis
911 1726 974 1761 huc
1001 1727 1184 1771 usque’par-

241 1782 326 1816 vitas
346 1779 453 1814 nostra
478 1776 667 1822 pertulerit,
703 1775 800 1809 vestra
826 1775 960 1819 quidem
989 1789 1055 1810 non
1080 1776 1201 1823 potest]

243 1831 414 1876 ignorare,
447 1839 507 1863 nec
528 1826 724 1860 diffimulare
745 1824 840 1859 debet
865 1826 1083 1865 Fraternitas,
1110 1825 1201 1875 quae}

243 1880 323 1915 licet
346 1878 463 1914 nostris
486 1901 497 1918 ,
532 1887 565 1910 et
588 1876 708 1911 Christi
732 1886 909 1918 pauperum
935 1875 1030 1910 nobis
1054 1876 1087 1910 in
1112 1876 1200 1919 ipso]

243 1927 504 1966 coexulantium
527 1924 789 1967 neceffitatibus,
828 1937 863 1959 ut
879 1927 1027 1968 oportuit
1053 1950 1065 1967 ‚
1100 1934 1200 1959 non-1

242 1981 323 2015 dum
346 1977 661 2016 communicaverit,
681 1986 791 2010 tamen
822 1975 1029 2009 acerbitatem
1055 1975 1146 2009 exilii
1174 1958 1202 2017 ,i

244 2029 494 2077 proscriptionis
516 2027 668 2072 injurias,
698 2024 1142 2061 contumeliasdetraetorum
1170 2022 1204 2082 ‚i

242 2080 485 2126 pei-secutorum
496 2078 685 2112 atrocitates
701 2099 712 2116 ‚
739 2075 834 2110 dolos
847 2075 1066 2109 insidiantium
1080 2098 1091 2115 ‚
1113 2074 1186 2117 Ty·

243 2141 424 2167 sannorum
434 2130 561 2164 viresin
577 2129 744 2171 personam
766 2138 800 2162 et
823 2126 961 2160 domim
979 2125 1121 2159 nostram
1136 2126 1185 2158 so·

245 2180 369 2221 laxius,
394 2181 519 2220 acrius,
543 2190 573 2212 et
588 2177 783 2222 pertinacius
804 2176 944 2218 effusas,
972 2187 1012 2210 ex
1027 2174 1186 2209 relatione

245 2232 427 2266 multorum
448 2230 596 2270 audivit,
620 2239 652 2262 et
684 2228 802 2271 partim
824 2226 956 2260 oculata
977 2224 1041 2258 fide
1057 2225 1187 2265 conspe-

246 2281 315 2317 xit.
345 2280 507 2315 Caeterum
525 2281 559 2313 in
581 2277 736 2313 omnibus
761 2276 811 2309 his
822 2273 1005 2318 gravissima
1025 2273 1114 2306 fuere
1129 2283 1185 2305 no·

249 2331 300 2366 bis
312 2330 453 2375 pericula
467 2353 477 2369 ‚
504 2338 574 2370 quae
586 2327 775 2369 pertulimus
785 2326 800 2356 a
813 2323 896 2356 fallis
907 2323 1061 2358 fratribus
1074 2346 1084 2361 ,
1109 2332 1183 2368 prae·

247 2380 461 2416 tendentibus
481 2378 567 2422 pacis
588 2375 718 2415 officia,
744 2382 776 2406 et
798 2372 952 2416 obsequia
979 2372 1124 2416 pietatiS,
1152 2382 1185 2407 et

249 2432 336 2467 clam
359 2428 541 2463 tendiculas
557 2422 769 2468 operantibus
795 2446 802 2455 .
837 2421 1039 2458 Tendebant
1059 2433 1095 2456 ut
1117 2422 1185 2466 gla-

250 2483 348 2517 dium
362 2480 491 2524 linguas
502 2479 569 2511 suas
579 2500 590 2516 ‚
615 2484 648 2509 et
660 2473 798 2507 aliorum
813 2471 979 2507 machinas
992 2471 1160 2516 erigebant
1175 2496 1185 2512 ‚

251 2543 289 2568 ut
301 2529 395 2565 nobis
407 2539 439 2563 et
453 2525 568 2561 nostris
582 2524 707 2568 prorsus
722 2522 763 2557 de
781 2531 868 2557 coetu
894 2523 1076 2557 viventium
1099 2522 1183 2557 dele-

251 2583 307 2623 tis,
316 2581 428 2615 sanstae
440 2575 682 2612 Cantuarienfis
697 2573 844 2607 Eccleiiae
854 2573 992 2606 titulum
1006 2572 1173 2606 abolerent
1183 2596 1194 2612 ,

253 2642 288 2667 et
299 2632 460 2665 auferrent
472 2627 608 2661 honoris
617 2635 649 2660 ct
662 2622 911 2668 praeeminentiae
922 2621 1074 2666 gloriam,
1085 2634 1183 2666 quam

256 2682 442 2715 sanctorum
456 2701 467 2717 ,
493 2675 592 2719 quiin
605 2684 643 2708 ea
665 2674 892 2718 requiescunt,
919 2670 1046 2707 constat
1067 2672 1189 2717 sangui>

258 2742 301 2766 ne
314 2754 325 2770 ,
350 2739 382 2763 et
393 2726 561 2762 laboribus
572 2723 684 2758 multis
697 2734 728 2757 et
741 2723 869 2767 magnis
883 2721 1076 2766 adquisitam
1094 2747 1102 2756 .
1128 2724 1190 2756 Re-

260 2780 380 2815 tribuet
392 2778 456 2811 illis
468 2775 634 2809 Dominus
645 2772 817 2807 iecundum
832 2783 929 2815 opera
942 2783 1053 2806 eorum
1065 2797 1075 2812 ‚
1103 2783 1135 2807 et
1146 2773 1190 2806 se-

260 2829 408 2866 cundum
420 2823 734 2870 nequitiasipsorum
749 2845 757 2854 .
784 2821 918 2855 Horum
933 2822 1082 2858 incentor
1101 2833 1132 2856 et
1155 2822 1190 2855 si·

262 2879 370 2926 gnifer
381 2876 502 2911 exstitit
514 2872 667 2909 abinitio
690 2871 932 2906 Londoniensis
956 2872 1034 2914 ille,
1061 2874 1116 2917 qui
1133 2874 1194 2917 pri-

264 2940 338 2966 mus
360 2926 453 2961 scidit
477 2924 670 2968 Anglicanae
692 2921 838 2956 Ecclefiae
862 2924 1021 2956 unitatem
1047 2923 1079 2956 iri
1095 2924 1194 2966 perni-

264 2980 350 3015 ciem
372 2973 596 3011 Ecclesiasticae
614 2971 771 3007 libertatis
791 2983 823 3004 et
846 2973 984 3005 nostram
1002 2997 1009 3005 .
1039 2973 1140 3017 Regis
1164 2985 1195 3008 et

265 3026 470 3065 officialium
484 3025 611 3058 suorum
625 3024 754 3056 animos
763 3020 900 3054 armavit
919 3032 951 3055 et
973 3034 1106 3056 manus.
1135 3025 1196 3058 De-

267 3078 347 3113 inde
360 3076 463 3111 Fratri
480 3083 511 3108 et
532 3073 652 3107 Amico
676 3072 790 3105 nostro
806 3070 996 3104 Eboracensi
1010 3072 1149 3108 assistens
1165 3086 1195 3107 et

269 3127 454 3167 cohaerens,
478 3124 637 3167 quosdam
657 3122 697 3157 de
719 3121 885 3156 Fratribus
910 3121 1026 3155 nostris
1045 3125 1194 3166 exquisita

269 3177 448 3213 ealliditate
469 3173 707 3212 circumvenit,
732 3182 767 3206 ut
787 3180 901 3206 contra
921 3170 1061 3204 Matrem
1076 3174 1161 3207 suam
1190 3199 1199 3212 ,

272 3229 326 3264 cui
338 3227 376 3261 ad
390 3226 489 3262 fidem
500 3235 531 3260 et
543 3223 766 3258 obedientiam
779 3231 819 3254 ex
841 3221 1035 3264 profeffiorie
1051 3223 1199 3256 teneban-

274 3289 327 3312 tur
344 3276 510 3317 adstricti,
536 3273 686 3307 Domino
709 3271 804 3314 Papa
823 3282 880 3312 pro
903 3270 1066 3304 antedicto
1089 3271 1201 3305 Archi·

275 3328 445 3369 Episcopo
462 3348 473 3366 ,
499 3326 554 3368 qui
572 3335 612 3358 eit
634 3333 702 3367 quo
721 3322 739 3354 a
761 3320 985 3354 Cantuarienfi
1010 3321 1145 3354 Ecclesia
1169 3324 1200 3355 in

276 3376 624 3418 Archisspiscopatum
637 3380 804 3417 promotus
814 3370 861 3403 est
875 3394 886 3409 ,
913 3370 942 3404 ei
964 3373 1083 3412 semper
1105 3382 1204 3413 quan-

275 3434 324 3462 tas
346 3423 439 3458 scivit
457 3435 491 3459 et
512 3426 643 3471 potuit,
666 3420 807 3460 tetendit
818 3418 968 3468 infidias,
994 3419 1166 3459 scriberent
1190 3446 1205 3465 ,

946 86 1491 143 EPISTOLAE

1247 180 1407 222 quatenus
1426 183 1455 215 ei
1473 182 1587 215 liceret
1606 181 1752 216 Crucem
1769 179 1941 222 salutifera:
1956 186 2072 227 Crucis
2085 192 2204 229 emti-''⁸''

1252 229 1314 262 lam
1331 254 1343 271 ‚
1363 232 1441 273 quia
1458 233 1490 264 in
1519 231 1626 274 stipite
1639 232 1795 267 elationis
1815 234 1915 277 posita
1934 237 1982 271 ‘est
1996 263 2008 280 ,
2031 252 2085 284 per
2098 243 2180 276 1²10.

1252 280 1390 314 vinciam
1417 282 1558 315 nossrarn
1581 281 1724 321 deferre,
1751 294 1787 316 ut
1798 283 1838 316 ad
1853 284 2044 327 parilitatem
2062 286 2180 327 'Eccle-

1251 329 1296 362 siz
1306 330 1543 365 cantuariensis
1557 330 1804 375 quodammodo
1816 333 1974 368 videretur
1994 338 2150 392 accedere*
2171 369 2179 376 .

1252 377 1362 414 Pareat
1389 382 1454 415 illis
1479 381 1571 415 Deus
1594 406 1604 422 ‚
1633 383 1689 425 qui
1713 383 1929 418 circumventi
1948 386 2023 420 sunt
2041 411 2052 428 ,
2079 380 2181 434 et&

1250 429 1622 473 quicircumvenerunt‚
1649 443 1705 466 aut
1726 434 1956 476 compulerunt
1978 435 2181 480 simplices&

1253 480 1396 514 infirmos
1409 480 1538 522 fratres,
1564 479 1777 516 ad-honorem
1792 484 1885 517 suum
1898 495 1952 519 aut
1972 497 2143 522 convertat
2172 497 2203 530 ¹,—

1251 540 1305 562 aut
1318 541 1463 564 conterar
1478 556 1485 563 .
1514 533 1723 566 Reticeamus
1734 532 1775 566 ad
1789 535 1924 576 praesens
1935 559 1947 576 ,
1968 534 2060 578 quod
2079 548 2190 572 moro·
2204 539 2206 541 ’

1251 580 1310 612 lius
1323 581 1396 614 effer
1410 592 1575 622 enarrare,
1602 592 1684 626 quot
1702 594 1734 616 et
1746 585 1898 627 quantis,
1922 595 1956 619 et
1982 584 2100 630 quibus
2122 587 2187 622 sol·
2210 596 2213 604 ¹

1253 629 1484 665 licitationibus
1505 642 1537 667 et
1560 631 1838 668 machinamentis
1855 634 1993 670 exilium
2005 647 2038 671 et
2049 638 2186 680 proscri-

1252 679 1397 722 ptionem
1409 682 1548 716 nostram
1561 706 1573 723 ,
1604 694 1676 716 cum
1690 682 1856 725 jamdicto
1877 683 2185 732 Archi-Episcopo,

1248 740 1279 762 et
1293 729 1461 765 Richardo
1472 732 1511 766 de
1525 733 1630 773 Luci,
1656 733 1870 773 etRichardo
1882 745 1962 770 tunc
1987 735 2185 774 pictaviensi
2208 754 2211 757 ⁴

1252 777 1524 816 Archi-Diacono
1537 807 1547 824 ,
1567 784 1716 826 praesente
1735 784 1874 820 Nuncio
1888 786 2029 820 Domini
2052 786 2145 831 Papae
2173 814 2187 832 ‚

1249 829 1399 871 dictavit,
1424 842 1454 865 et
1467 832 1617 876 fecitjam
1630 834 1783 876 protelari
1796 835 1831 868 in
1847 845 1971 870 annum
1986 837 2143 882 quintum
2168 864 2183 881 ‚
2211 855 2213 858 ·

1247 888 1278 913 et
1301 881 1537 923 Tyrannorum
1558 884 1740 917 ministerio
1763 882 1884 918 Christi
1906 897 2062 930 pauperes
2087 888 2187 924 inno·

1248 941 1356 963 centes
1367 932 1542 974 compellat
1557 935 1665 967 vivere
1679 933 1904 969 miserabiliter
1924 937 2084 982 relegatos
2107 961 2119 978 ,
2140 948 2186 973 ne

1249 980 1408 1024 propriam
1419 981 1568 1024 injuriam
1591 984 1736 1026 prosequi
1752 983 1920 1018 videamur
1931 1011 1938 1018 .
1951 986 2032 1021 Haec
2053 986 2131 1022 fecit
2145 989 2189 1022 il-

1248 1030 1276 1062 le
1300 1031 1538 1066 Cantuarienfis
1560 1032 1706 1066 Ecclefiae
1730 1032 1834 1066 Filius
1862 1057 1874 1073 ‚
1909 1044 2000 1070 verus
2019 1038 2146 1072 utinam
2175 1064 2186 1072 .

1247 1080 1326 1113 Haec
1347 1081 1412 1113 fuit
1432 1081 1595 1122 exhibitio
1617 1082 1692 1115 fidei
1716 1080 1896 1115 Sacerdotis
1917 1105 1927 1122 ,
1964 1094 1998 1118 et
2024 1086 2184 1132 Episcopi

1248 1131 1371 1172 profesti
1394 1130 1491 1165 fidem
1514 1142 1546 1164 et
1567 1131 1777 1165 reverentiam
1791 1156 1798 1163 .
1824 1131 1906 1166 Haec
1925 1144 2023 1178 opera
2034 1134 2143 1170 fratris
2172 1160 2187 1178 ,
2211 1148 2217 1157 .

1248 1180 1358 1213 Amici
1382 1203 1392 1219 ‚
1428 1182 1617 1215 adhaerentis
1638 1182 1727 1215 lateri
1748 1181 2048 1221 etOrdininostro
2076 1209 2088 1226 ‚
2129 1187 2190 1231 qui
2214 1194 2219 1200 '

1245 1231 1483 1273 emergentibus
1512 1231 1656 1264 Ecclesia:
1679 1230 1914 1266 necessitatibus
1938 1232 2109 1270 nobiscum
2127 1236 2208 1280 pri-‘-

1246 1290 1317 1312 mus
1328 1281 1390 1313 fuit
1412 1283 1444 1313 in
1470 1280 1627 1314 Concilio
1652 1280 1878 1316 Sacerdotum.
1905 1284 1997 1324 Diu,
2023 1284 2211 1319 directim-¹

1246 1330 1311 1370 mi,
1337 1338 1495 1363 tacuimus
1509 1354 1519 1369 ‚
1546 1330 1742 1373 &eousque
1755 1329 2025 1367 diffiinulavimus
2048 1334 2080 1368 in
2097 1336 2189 1379 peri-

1245 1380 1326 1413 culis
1348 1381 1382 1414 ἀ
1402 1378 1595 1414 criminibus
1618 1391 1684 1413 tarn
1713 1381 1893 1415 manifestis
1906 1405 1917 1422 ,
1944 1394 1979 1417 ut
1996 1385 2112 1419 sanctis
2128 1384 2190 1421 ha·-

1246 1429 1400 1464 bentibus
1411 1429 1564 1471 Spiritum
1580 1430 1642 1462 Dei
1658 1454 1668 1469 ,
1693 1430 1726 1462 δε
1739 1425 1828 1463 Viris
1844 1429 1992 1466 diseretis
2017 1430 2191 1470 videretui·
2206 1442 2214 1457 ⁷

1247 1479 1401 1522 patientia
1415 1479 1519 1511 nostra
1536 1480 1672 1523 ignavia:
1684 1480 1716 1512 δι
1731 1478 1922 1512 remiffionis
1942 1480 2053 1523 potius
2082 1485 2213 1518 nomi&

1247 1540 1287 1562 ne
1307 1528 1433 1571 digna,
1459 1529 1556 1571 quam
1581 1528 1723 1562 virtutis.
1751 1528 1810 1562 Ille
1830 1536 1939 1563 autem
1963 1531 2042 1576 quid
2070 1533 2149 1567 fecit
2175 1533 2214 1567 ἓ-

1249 1577 1397 1611 Errorem
1412 1577 1500 1620 ejus,
1530 1589 1569 1611 ne
1593 1579 1733 1612 furorem
1757 1578 1959 1619 dixerimus,
1985 1590 2053 1625 quo
2067 1583 2190 1618 mentis
2205 1594 2213 1605 ⁴

1247 1627 1405 1662 malitiam
1419 1628 1588 1671 patefecit,
1609 1628 1904 1671 invitiloquimur,
1931 1639 2037 1673 neque
2061 1643 2121 1667 vos
2134 1643 2191 1676 pa-
2208 1640 2214 1655 -·’

1247 1679 1362 1712 tienter
1376 1677 1536 1720 audietis,
1565 1678 1621 1722 qui
1635 1679 1768 1712 alterum
1792 1677 1939 1714 Absalon
1953 1680 1987 1713 in
2002 1681 2115 1716 ΐιυᾱε
2132 1678 2215 1717 (ἶὶ-ὶὶ

1248 1729 1356 1762 νίτειτίς
1382 1729 1619 1763 subversionem
1643 1729 1736 1772 plane
1758 1729 1964 1773 cognoscetis
1982 1732 2100 1767 armari
2118 1756 2130 1772 ,
2154 1726 2216 1767 ut'

1248 1777 1466 1811 haereditatem
1498 1780 1632 1811 vestram
1654 1779 1687 1812 ἀ
1712 1780 1895 1812 sanctorum
1909 1804 1919 1820 ,
1948 1781 2068 1824 quibus
2086 1779 2190 1815 vestra
2207 1787 2220 1796 ’”

1246 1827 1393 1861 clarescit
1419 1826 1558 1859 Ecclesia
1579 1850 1590 1866 ,
1625 1824 1764 1872 gloriam
1789 1827 1957 1862 transferat
1982 1829 2022 1863 ad
2053 1825 2210 1875 Aquilo-->

1248 1886 1341 1910 nem.
1382 1877 1504 1910 Similis
1527 1877 1600 1918 illi,
1626 1876 1681 1920 qui
1706 1877 1914 1918 usurpatione
1936 1877 2047 1923 glorias
2071 1904 2082 1920 ,
2100 1901 2103 1903 -
2119 1891 2199 1915 non'

1246 1927 1483 1960 conformitate
1505 1926 1662 1960 bonitatis
1692 1927 1859 1960 Altiffimo
1874 1927 1978 1962 voluit
1990 1929 2151 1973 coaequari
2178 1954 2186 1963 .
2207 1953 2210 1955 -

1248 1975 1416 2009 Gloriatur
1441 1976 1532 2009 enim
1558 1999 1569 2016 ,
1620 1974 1707 2018 quod
1744 1975 1940 2011 Cathedram
1966 1978 2191 2023 Episcopalem

1248 2023 1435 2059 Londoniis
1456 2024 1594 2065 statuet,
1618 2025 1651 2061 ἅ
1677 2023 1763 2070 quod
1792 2025 1936 2062 Ecclesiae
1963 2026 2190 2065 cantuariensi

1249 2074 1374 2109 nullam
1400 2073 1497 2108 debet
1518 2075 1764 2116 obedientiam,
1791 2078 1867 2120 quia
1892 2088 1932 2111 ex
1958 2088 2026 2119 quo
2052 2079 2196 2113 transla·

1248 2133 1300 2158 tus
1326 2125 1394 2163 est,
1422 2136 1482 2158 nec
1510 2125 1637 2159 iteravit
1664 2125 1890 2168 professionem
1913 2151 1919 2159 .
1948 2127 2040 2174 Qud
2067 2129 2107 2162 ad
2125 2126 2193 2163 haic

1249 2175 1427 2208 turbamini
1461 2197 1472 2214 ,
1498 2175 1532 2208 δε
1558 2173 1778 2220 cogitationes
1803 2174 2001 2211 adscendunt
2028 2178 2062 2211 in
2091 2178 2207 2214 corda-

1250 2224 1349 2258 vestra
1389 2249 1401 2264 ‚
1437 2234 1474 2258 ut
1500 2225 1682 2269 lachrymas
1710 2236 1847 2268 nequeat
1877 2226 1944 2260 lasa
1979 2227 2079 2269 pietas
2115 2239 2218 2263 con·-

1249 2273 1353 2307 tinere
1391 2274 1408 2306 i?
1444 2274 1572 2310 Scimus
1606 2277 1695 2309 enim
1733 2299 1744 2315 ,
1791 2275 1866 2321 quia
1904 2276 2011 2311 nullus
2050 2278 2192 2314 vestrum

1247 2322 1291 2376 est
1331 2347 1343 2363 ,
1378 2331 1434 2356 aut
1485 2324 1665 2359 admodum
1705 2335 1791 2360 rarus
1826 2347 1838 2364 ,
1874 2326 1915 2361 dc<
1947 2327 2051 2361 eidem
2091 2329 2217 2372 patri-2-

1247 2372 1327 2406 cidae
1349 2375 1585 2415 comparandus
1599 2397 1611 2414 ‚
1637 2375 1658 2407 fi
1679 2374 1750 2417 quis
1776 2385 1884 2408 tamen
1905 2375 1946 2408 ad
1972 2375 2058 2410 hanc
2075 2372 2212 2413 vocem'

1250 2433 1316 2456 non
1345 2423 1537 2466 ingemiscat
1554 2447 1566 2464 ,
1592 2423 1682 2465 cujus
1708 2425 1857 2456 animum
1880 2435 1946 2457 non
1974 2426 2137 2460 exulceret
2160 2421 2219 2461 de*

1250 2473 1439 2516 pertranseat
1455 2473 1502 2507 vis
1524 2471 1648 2506 doloris
1670 2496 1680 2512 ‚
1707 2473 1740 2506 δε
1760 2472 1924 2516 quicorde
1951 2474 1983 2507 δε
2008 2474 2187 2510 visceribus
2212 2494 2214 2497 ·

1248 2523 1399 2556 extrastis
1422 2534 1488 2556 non
1513 2524 1621 2556 mallet
1645 2522 1811 2565 praemori,
1841 2524 1939 2567 quam
1966 2523 2072 2557 videre
2098 2525 2210 2568 quod*

1248 2573 1513 2616 praesumptuosus
1526 2573 1581 2606 ille
1593 2573 1736 2606 minatur
1749 2596 1756 2603 .
1784 2571 1847 2605 Sed
1872 2580 1952 2606 nutu
1966 2573 2094 2608 Divino
2108 2586 2194 2609 con-

1247 2623 1342 2667 tigit,
1370 2624 1449 2656 urse
1463 2623 1609 2666 proderet
1624 2622 1779 2665 iniquitas
1802 2620 1889 2663 ejus.
1917 2621 1960 2656 Et
1974 2623 2030 2667 qui
2049 2617 2208 2668 praecipi·'

1249 2683 1317 2706 tare
1339 2671 1482 2706 decrevit
1505 2673 1721 2711 innocentes,
1749 2670 1892 2706 debitam
1915 2681 2062 2715 properet
2072 2673 2114 2708 ad
2127 2675 2193 2709 rui·
2214 2692 2219 2696 ·

1253 2733 1326 2756 nam
1340 2745 1350 2761 ‚
1377 2722 1409 2756 &
1421 2734 1497 2757 cum
1510 2720 1646 2756 authore
1659 2723 1713 2754 suo
1729 2733 1786 2764 pro
1807 2721 2011 2766 usurpatione
2024 2723 2137 2766 gloriae
2149 2724 2192 2760 ir-

1252 2771 1461 2815 reparabilem
1471 2774 1611 2816 excipiat
1624 2774 1749 2805 casnm.
1780 2772 1867 2823 Qis
1886 2773 1975 2806 enim
1993 2782 2109 2808 contra
2126 2774 2212 2809 sari*x

1253 2825 1376 2856 &orum
1390 2823 1504 2857 Sedem
1518 2847 1528 2862 ‚
1551 2822 1727 2856 Ecclesiam
1751 2820 2019 2856 cantuariensem
2033 2846 2043 2863 ,
2068 2824 2199 2859 asaecu-

1254 2874 1294 2906 lis
1307 2883 1374 2906 tam
1390 2874 1576 2906 immaniter
1589 2872 1760 2905 insurrexit
1772 2895 1783 2911 ‚
1806 2870 1840 2904 ὃ(
1864 2882 1930 2904 non
1946 2871 1991 2904 est
2014 2875 2199 2916 praecipita*

1255 2933 1306 2956 tus
1327 2933 1368 2954 ex
1391 2923 1485 2957 alto?
1510 2922 1605 2968 Qot
1621 2921 1653 2953 δε
1676 2930 1815 2962 quantos
1836 2922 2049 2962 persecutores
2071 2924 2194 2960 vestros

1259 2973 1466 3014 praecipitarit
1479 2972 1643 3006 Dominus
1657 2970 1732 3003 ante
1752 2970 1870 3004 faciem
1893 2972 2051 3006 vestram?
2079 2974 2198 3018 ltaque·

1259 3021 1493 3062 consolamini,
1520 3024 1642 3057 Fratres
1658 3043 1668 3059 ,
1693 3019 1915 3063 expertiquod
1931 3021 2083 3062 major-sit
2108 3036 2198 3058 arro·

1259 3074 1367 3116 gantia
1395 3072 1499 3107 Moab
1517 3097 1527 3114 ,
1554 3070 1648 3114 quam
1672 3069 1834 3104 fortitudo
1856 3070 1942 3112 ejus:
1968 3072 2002 3106 δε
2025 3074 2124 3117 prope
2144 3074 2190 3107 est

1259 3120 1346 3165 quod
1367 3123 1422 3164 qui
1445 3123 1617 3157 diuturnos
1641 3120 1800 3154 tumultus
1826 3124 1982 3163 exercet,
2005 3123 2195 3157 utin-noete

1261 3171 1398 3206 vastetur
1420 3174 1452 3206 ὅς
1473 3171 1685 3207 conticescat.
1712 3170 1773 3205 Sed
1797 3171 1946 3213 nunquid
1969 3182 2025 3204 vos
2039 3195 2050 3211 ,
2076 3171 2196 3215 quibus

1261 3222 1324 3255 fere
1337 3223 1527 3266 praecaeteris'
1542 3230 1631 3256 tanta
1656 3219 1930 3262 paraturinjuria,
1957 3219 2201 3258 diffimulabitis

1266 3272 1417 3312 ulterius,
1446 3274 1479 3306 δι
1501 3272 1520 3305 a
1539 3269 1679 3304 vindicta
1699 3294 1708 3309 ,
1733 3270 1890 3313 quoniam
1916 3270 2008 3304 Deus
2029 3273 2088 3305 suae
2109 3273 2214 3306 ultor¹

1263 3322 1431 3364 injuriae&
1444 3321 1555 3355 nostra:
1576 3320 1710 3354 laesionis
1723 3344 1733 3359 ‚
1759 3331 1835 3354 cum
1849 3318 1966 3363 hisqui
1984 3330 2100 3356 terram
2126 3322 2198 3355 Me·

1263 3373 1322 3407 rob
1333 3371 1529 3411 inhabitant,
1541 3369 1754 3404 continebitis
1767 3371 1897 3404 manus?
1910 3370 1971 3404 Sed
1983 3373 2099 3405 tenetis
2109 3369 2195 3413 quod

1265 3421 1491 3471 scriptumest:
1521 3422 1689 3459 Male-dicite
1701 3430 1790 3459 terrae
1802 3420 1924 3459 Meroh,
1950 3419 2036 3454 dixit
2050 3418 2195 3463 Angelus

2038 3470 2152 3503 Domi·
