2358 3776
331 88 399 144 ³8
1084 84 1129 130 V
1195 79 1220 129 1

256 171 327 219 eias
337 171 377 208 ad
404 166 604 217 praeparanda
626 166 861 208 instrumenta,
884 164 970 210 quali
994 162 1182 199 statutodie
1195 175 1240 198 ra·

254 223 386 259 tionem
397 221 577 256 redditurus
588 219 678 262 super
689 218 818 261 objestis
832 241 845 258 ‚
870 225 906 249 ut
919 216 963 249 fic
985 219 1091 260 magis
1113 214 1237 260 obliga·

259 283 348 308 retur
369 269 668 313 Archi-Episcopus
690 270 732 303 ad
742 268 972 302 executionem
995 266 1109 310 Regiae
1123 264 1240 299 volun-

259 324 356 358 tatis.
384 320 507 355 Direffl
521 321 595 354 sunt
608 318 709 364 igitur
718 319 788 353 duo
797 317 950 351 Comites
966 316 1008 348 ad
1033 313 1239 358 Archi-Epis-
1255 346 1256 350 ,

256 370 563 417 topumpostulatas
574 368 676 413 Regis
688 379 730 402 ex
741 377 830 412 parte
842 366 1026 400 deserentes
1042 378 1052 398 ε
1081 366 1113 399 Si
1129 376 1238 398 tamen

256 431 364 456 ratum
375 420 510 455 haberet
519 445 531 462 ‚
557 419 646 462 quod
673 429 714 452 ex
726 427 816 461 parte
828 417 883 451 sua
895 426 948 460 pet
978 414 1158 458 Episcopos
1175 416 1241 448 fue-

257 481 309 507 rat
324 470 410 516 Regi
423 471 609 516 suggestum
624 494 630 500 .
655 468 738 516 Qo
753 468 868 503 audito
881 466 928 500 ait
941 464 1239 508 Archi—Episcopus

256 521 380 559 seidin
389 521 550 561 mandatis
573 531 642 554 non
666 518 812 559 dediffe,
839 514 943 561 neque
967 514 1022 554 id,
1045 514 1137 558 quod
1153 515 1238 560 Regi

255 571 446 616 suggestum
466 572 592 609 fuerat,
617 578 723 603 ratum
738 568 878 609 habere3
904 566 955 600 sed
974 564 1030 598 die
1052 564 1201 608 sequenti
1224 590 1234 606 ‚

256 621 335 656 Deo
350 619 503 655 Authore
516 645 527 661 ,
553 620 588 654 ἃ
599 620 681 653 ficut
691 619 804 653 datum
815 617 914 651 fuerit
924 640 935 656 ,
956 615 1094 658 desuper
1108 616 1238 658 respon-

254 672 384 706 surum.
414 669 556 706 Erubuit
567 670 649 715 ergo
669 667 931 705 Londoniensis,
953 667 1036 700 dum
1059 665 1182 699 videret
1207 666 1238 699 se

244 715 404 756 *incidisse
426 723 460 755 in
483 722 658 765 laqueum,
684 731 780 764 quem
803 718 919 762 jecerat
932 715 976 750 ad
989 715 1120 750 Patrem
1142 717 1235 749 suum

253 770 486 814 decipiendum
533 770 653 805 soluto
667 770 774 813 itaque
793 765 955 803 Concilio
978 766 1016 800 ea
1029 766 1083 800 die
1095 766 1235 799 discesse-

254 832 333 857 runt
352 821 395 856 ab
417 822 559 856 invicem
578 844 589 853 .
616 818 802 854 Multitudo
822 817 901 852 vero
916 816 1086 856 militum,
1108 817 1143 850 ἀ
1156 816 1237 849 alio·

254 882 328 905 rum
338 874 483 915 quicum
495 870 649 905 Domino
662 868 887 904 Cantuarienfi
902 867 982 901 illuc
994 876 1246 906 convenerant,

254 919 368 969 Regio
378 932 467 956 metu
489 921 655 965 perterrita
679 919 801 954 seceffit
824 918 860 952 in
875 927 999 962 partem
1011 941 1024 959 ,
1048 916 1084 951 δε
1096 915 1236 960 amplius

256 981 336 1006 cum
346 983 390 1006 eo
400 981 470 1006 non
483 972 571 1005 stetit
585 996 592 1003 .
618 971 700 1017 on
710 979 884 1013 comperto
892 966 1023 1002 circuiri
1035 968 1124 1010 sepes
1142 967 1177 1001 δε
1191 965 1236 1000 vi·

252 1031 334 1061 cos,
356 1022 394 1055 ἀ
413 1022 455 1056 ad
474 1020 632 1055 revocari
649 1030 802 1064 pauperes
816 1044 828 1061 ‚
851 1018 1012 1058 claudos,
1035 1018 1071 1051 δε
1082 1016 1204 1051 debiles
1223 1039 1235 1056 ,

251 1068 366 1104 dicens
383 1082 439 1113 pet
456 1072 558 1106 talem
581 1070 736 1106 militiam
762 1070 931 1114 provenire
942 1068 1032 1111 posse
1046 1066 1233 1101 celeriorem

1307 165 1411 200 Unde
1422 177 1491 200 non
1508 162 1617 210 aperte
1641 174 1770 209 propter
1782 168 2011 206 enormitatem
2024 194 2035 213 ‚
2061 171 2115 207 sed
2129 171 2187 207 sub
2200 184 2282 218 qua·

1303 215 1758 259 daminfinuationisspecie,
1785 218 1996 254 artificioseei
2015 222 2212 263 suadebant,
2238 233 2278 258 ut

1305 265 1418 308 ipsede
1432 267 1609 307 omnibus,
1634 267 1668 301 ὅ(
1690 266 1731 300 de
1745 268 1815 310 ipso
1837 264 2150 316 Archi-Episcopatu
2172 273 2276 319 Regis

1304 317 1401 359 seper
1420 317 1537 351 omnia
1560 316 1723 351 voluntati
1749 317 1915 360 subjiceret
1927 319 1962 354 δε
1978 319 2130 357 arbitrio:
2158 324 2180 357 fi
2192 323 2276 359 forte

1304 365 1346 398 fic
1357 367 1459 409 posset
1473 367 1575 412 Regis
1590 368 1635 401 ira
1655 365 1754 401 sedari
1775 368 1808 402 ὃς
1831 367 2017 412 indignatio
2030 396 2037 403 .
2065 370 2274 416 Adjicientes

1301 414 1528 461 etiam,.quia
1550 418 1606 451 nist
1628 418 1721 452 fieret
1745 418 1787 452 fic
1801 442 1812 458 ‚
1836 417 1901 461 jam
1911 419 2036 455 audiret
2056 421 2113 456 fibi
2126 422 2161 456 in
2171 423 2274 458 Curia

1302 466 1564 515 perjuriicrimen
1585 468 1736 511 imponi,
1761 468 1796 502 δε
1808 468 1963 513 tanquam
1973 471 2173 513 proditorem
2185 473 2270 516 judi·

1299 515 1463 558 candum,
1495 521 1539 551 eo
1558 517 1649 560 quod
1670 528 1798 552 terreno
1816 519 1971 553 Domino
1994 518 2154 557 honorem
2176 531 2276 557 terre-

1303 575 1379 599 num
1394 591 1404 607 ‚
1433 567 1790 611 fidelitatisjuramento
1802 568 2071 613 comprehensum
2085 595 2096 612 ‚
2121 583 2189 607 non
2212 573 2275 607 ser·
2316 587 2318 589 ’

1301 625 1389 649 varet
1402 629 1413 649 :
1438 617 1562 662 Regias
1573 618 1726 652 videlicet
1739 618 1821 662 ipsas
1844 619 2107 655 Consuetudines
2136 633 2203 656 non
2215 621 2276 657 ob-

1301 665 1449 707 servans,
1474 668 1515 701 ad
1544 678 1624 711 quas
1646 668 1744 702 etiam
1757 669 1937 712 specialiter
1956 669 2172 706 observandas
2187 683 2273 708 nova

1295 714 1730 762 juris-jurandiobligatione
1743 719 1773 753 se
1785 719 2010 755 adstrinxerat.
2202 717 2209 719 ”
2232 758 2235 764 ,-

1348 765 1481 813 Qubus
1493 767 1559 811 ipse
1570 767 1751 811 respondit:
1782 773 1912 803 Fratres
1935 775 2015 810 mei,
2031 770 2105 813 ficut
2121 774 2190 813 jam
2214 771 2279 811 ck·

1297 821 1373 849 nius
1386 841 1396 857 ,
1412 816 1523 858 fremit
1531 828 1634 851 contra
1643 830 1688 851 me
1703 821 1851 852 Mundus.
1879 819 2011 864 Insurgit
2023 824 2161 855 inimicus
2178 849 2185 856 .
2211 824 2272 856 Sed

1297 868 1379 908 quod
1381 869 1494 912 plango
1501 867 1735 909 lachrymabili&⁸
1748 895 1758 910 ,
1785 876 1856 912 quia
1864 881 1906 903 cae
1913 877 1985 905 teris
1997 871 2036 912 est
2046 872 2264 913 detestabilius,

1295 917 1390 960 &filu
1402 920 1515 951 Matres
1525 920 1599 952 meae
1605 927 1747 963 pugnant
1757 928 1860 967 contrq
1883 932 1930 955 me
1945 946 1952 953 .
1972 923 2019 956 Et
2032 920 2119 966 stega
2129 929 2247 958 tacuero
2256 947 2269 964 ‚

1289 965 1586 1010 saeculaepoflfutura
1593 968 1781 1002 enarrabunt
1792 993 1803 1010 ,
1829 972 1958 1014 qualiter
1965 983 2014 1005 me
2027 970 2123 1014 filum
2136 971 2275 1015 deserue-

1295 1023 1364 1050 rms
1376 1023 1408 1051 m
1417 1025 1579 1052 cer-eamme
1594 1040 1601 1048 .
1627 1020 1773 1062 ,Qualiter
1783 1031 1830 1053 me
1851 1019 2114 1065 Arcb1=Praesu1em
2143 1021 2276 1062 Vestram&

1292 1069 1329 1102 ά·
1342 1070 1466 1101 Patrem
1476 1092 1486 1108 ,
1512 1067 1765 1111 quantuscumque
1771 1067 1824 1110 fim
1829 1077 1966 1112 peccator
1983 1095 1993 1111 ,
2015 1080 2070 1114 per
2092 1074 2165 1106 duos
2176 1075 2273 1107 eoml-

253 1119 423 1154 vistoriam
434 1145 445 1160 ‚
470 1120 571 1165 quam
587 1130 643 1163 per
653 1132 712 1155 eos
722 1121 777 1163 qui
791 1129 939 1163 tempore
961 1116 1160 1152 tentationis
1171 1121 1234 1151 tur'·
1280 1129 1368 1168 ‚nuos
1379 1119 1442 1152 dies
1457 1118 1580 1159 btsjam
1598 1120 1831 1159 judicaveritis.
1862 1123 1909 1153 Er
1928 1120 2027 1154 adbuc
2037 1123 2158 1161 conjicio
2172 1133 2211 1155 ex
2224 1121 2276 1156 bes

253 1169 328 1214 pius
344 1171 538 1206 recesserunt
550 1194 559 1201 .

464 1266 1029 1319 HEleERTUs

1293 1179 1360 1211 quae
1369 1170 1494 1210 dicius,
1516 1180 1571 1202 vos
1590 1180 1648 1201 non
1670 1167 1764 1212 soli'tm
1792 1176 1826 1202 in
1845 1172 1950 1204 civili
1962 1195 1973 1211 ,
2000 1169 2060 1214 sed
2070 1176 2104 1204 in
2115 1172 2278 1206 criminali

1293 1216 1399 1261 causa,
1424 1226 1457 1252 in
1471 1218 1542 1261 foro
1560 1217 1720 1262 saeculari,
1739 1221 1883 1259 judicare
1904 1232 1949 1254 me
1968 1229 2096 1262 paratos
2116 1245 2124 1252 .
2165 1222 2274 1256 Veram

1293 1275 1483 1303 communiter
1500 1270 1586 1303 vobis
1598 1269 1731 1302 omnibus
1752 1276 1784 1301 in
1795 1275 1906 1304 virtute
1927 1269 2102 1305 obedimuae
2125 1294 2137 1311 ,
2154 1270 2213 1315 fieb
2227 1283 2275 1305 or-

1294 1320 1375 1352 dum
1396 1318 1483 1359 vestri
1501 1321 1652 1362 periculo,
1679 1318 1730 1352 hoc
1744 1319 1860 1354 inhibeo
1877 1345 1888 1361 ,
1915 1332 1952 1356 ne
1967 1322 2103 1363 deinceps
2125 1320 2270 1363 inter-fine

284 1379 289 1386 ·
305 1368 528 1406 IMPLETA
543 1371 592 1416 est
604 1371 704 1418 igitur
715 1371 847 1405 Domus
858 1367 928 1412 ejus
937 1367 1230 1408 discumbentibus,
1280 1370 1416 1414 Judtcto
1427 1392 1437 1409 ‚
1462 1366 1520 1412 quo'
1532 1381 1598 1403 mea
1620 1368 1743 1412 persona
1746 1372 1928 1410 judicatur.
1956 1373 2049 1415 ‚Quod
2067 1376 2159 1405 ettam
2172 1370 2272 1413 nefa-

252 1419 422 1463 &perasta
440 1420 520 1456 'dies
539 1422 598 1457 illa
611 1423 645 1456 in
661 1423 776 1456 Domo
786 1432 862 1455 cum
883 1420 1017 1461 laetitia,
1043 1419 1135 1455 nulla
1145 1430 1232 1454 men·
1280 1424 1401 1459 sciatis,
1429 1423 1560 1453 Matrem
1571 1419 1716 1460 nostram,
1743 1423 1872 1454 omnium
1898 1421 2047 1465 refugium
2055 1421 2270 1464 appr-efferam,

251 1468 347 1504 tione
356 1470 463 1515 palam
470 1471 583 1508 habita
591 1472 636 1507 de
645 1471 891 1516 perturbatione
901 1470 1036 1515 pristina
1044 1495 1055 1503 .

422 1565 456 1599 C
504 1565 539 1600 A
588 1566 620 1600 P
669 1568 705 1600 u
755 1567 794 1600 Τ
895 1567 1062 1604 XXVIII.

547 1669 598 1702 De
616 1673 705 1710 opere
717 1665 837 1709 quante
849 1663 931 1700 diet.

498 1764 535 1802 A
586 1734 619 1803 I.
668 1765 703 1802 A
751 1765 792 1800 N
843 1764 886 1802 U
933 1766 980 1803 S.

300 1869 336 1904 N
357 1866 515 1906 crastino,
540 1865 620 1902 vero
631 1892 645 1910 ,
667 1867 853 1903 Dominica
870 1865 1027 1903 videlicet
1044 1865 1103 1902 die
1121 1891 1134 1908 ,
1160 1876 1233 1911 pro·

1280 1468 1461 1524 {Romanam
1473 1469 1630 1512 Ecclesiam
1648 1470 1763 1512 appello
1774 1495 1781 1503 .
1810 1475 1855 1504 Ει
1863 1471 1890 1512 fi
1897 1481 1931 1504 ut
1941 1483 2038 1505 rumor
2043 1474 2118 1512 jam
2136 1477 2169 1504 in
2180 1473 2272 1519 make

1279 1520 1334 1560 {est
1346 1544 1358 1561 ,
1376 1518 1537 1564 saeculares
1557 1526 1590 1553 in
1613 1532 1659 1554 me
1677 1524 1835 1561 injecerint
1856 1532 1964 1555 manus
1978 1546 1988 1562 ,
2013 1521 2099 1556 vobis
2122 1522 2279 1566 mdemsn

1281 1561 1412 1613 {virtute
1430 1570 1606 1604 obedientia
1623 1577 1816 1612 praecipimus
1829 1597 1839 1613 ,
1876 1578 1908 1605 ut
1929 1581 1984 1614 pro
2009 1574 2104 1609 Patre
2126 1570 2276 1611 vestra&

1282 1618 1532 1662 >Archi-Praesule
1551 1644 1561 1660 ,
1599 1631 1690 1661 quam
1710 1621 1816 1659 decet,
1853 1621 2076 1661 Ecclefiasticam
2103 1627 2272 1656 exerceatis

1297 1669 1468 1711 censuram.
1493 1673 1592 1701 Unum
1613 1678 1712 1701 autern
1729 1667 1836 1711 sciatis
1851 1693 1860 1707 ‚
1886 1675 1958 1711 quia
1971 1668 2094 1710 fremat
2118 1671 2247 1703 nundus
2259 1694 2275 1711 ‚

1297 1715 1430 1759 insurgat
1465 1721 1599 1748 inimicus
1637 1739 1648 1754 ‚
1673 1726 1780 1748 cremet
1798 1725 1902 1756 corpur
1937 1742 1947 1756 ‚
1988 1729 2056 1750 cam
2082 1719 2193 1760 quippe*
2230 1726 2275 1752 in·

1280 1767 1283 1808 j
1292 1765 1404 1807 firma,
1430 1776 1479 1808 ego
1503 1772 1604 1797 tamen
1618 1787 1629 1804 ,
1648 1763 1780 1805 favente
1802 1768 1942 1799 Domlno·
1968 1789 1979 1804 ,
2005 1777 2056 1799 nec
2084 1773 2214 1809 turpiter
2240 1780 2280 1802 ce-

1279 1810 1374 1862 {dam
1410 1839 1422 1856 ,
1462 1825 1513 1849 nec
1536 1816 1681 1848 creditum
1701 1814 1776 1847 mibi
1804 1827 1930 1859 gregem
1972 1821 2128 1850 enormiter
2162 1818 2278 1852 derelin

1278 1876 1390 1909 equam
1425 1889 1433 1897 .
1482 1864 1608 1899 Verum
1633 1873 1747 1899 contra
1775 1865 1961 1908 praedoetum
2006 1863 2279 1902 Archi-Prassulis

323 1917 485 1963 pterdiem
496 1917 643 1962 quievit,
669 1918 703 1951 in
718 1917 892 1954 secundam
904 1920 1018 1953 feriam
1028 1918 1149 1953 citatus
1163 1942 1174 1958 ,
1198 1916 1232 1951 &
1297 1923 1490 1960 praeceptum
1512 1913 1754 1949 Londonienfis
1782 1915 1963 1961 Episcopus
1986 1913 2161 1952 confestim
2171 1918 2278 1962 appel-

319 1970 520 2012 exspee'tatus
543 1967 846 2013 Archi-Episcopus
876 1967 919 2003 ad
948 1979 1092 2013 agonem
1117 1993 1126 2000 .

253 2019 326 2054 rum
336 2031 375 2053 ea
385 2018 462 2060 die,
489 2019 526 2053 in
551 2020 618 2063 ipsa
635 2019 736 2054 etiarn
748 2021 843 2054 11er
853 2018 939 2059 diei,
967 2018 1152 2062 gravissima
1165 2018 1233 2061 pas·

251 2071 343 2105 sione
357 2070 453 2103 lliaca
464 2070 623 2113 percussus
641 2068 690 2102 est
709 2095 719 2101 .
741 2070 832 2103 Nam
854 2068 940 2103 &ea
961 2068 1130 2103 multoties
1141 2078 1233 2101 vexa·

258 2120 350 2155 batur
359 2144 371 2161 ‚
381 2119 516 2154 eatenus
527 2118 617 2163 quod
627 2130 697 2153 non
712 2121 813 2164 poffet
826 2120 859 2154 se
870 2117 995 2154 diretta
1005 2119 1135 2163 erigere.
1149 2121 1231 2155 Om-

256 2170 353 2205 nibus
363 2169 535 2204 verohanc
556 2171 666 2203 fictam
682 2193 694 2210 ,
723 2181 791 2204 non
813 2180 922 2204 veram
942 2169 1170 2203 infirmitatem
1184 2179 1232 2202 ar·

254 2220 454 2257 birrantibus
463 2245 476 2262 ,
484 2220 526 2255 de
537 2219 720 2263 Majoribus
730 2220 841 2265 Regni
853 2217 1047 2254 proceribus
1058 2243 1069 2259 ,
1083 2218 1139 2262 qui
1154 2229 1230 2252 con-

253 2282 413 2305 venerant
423 2296 434 2312 ,
458 2269 500 2304 ad
521 2270 849 2314 Archi-Episcopum
873 2270 1014 2304 mittunt
1023 2294 1034 2310 ,
1061 2277 1099 2302 ut
1119 2268 1231 2302 verita-

255 2331 322 2354 tem
334 2321 537 2365 explorarent
546 2346 558 2363 ‚
582 2322 620 2356 &
631 2320 673 2354 ad
685 2321 823 2355 Curiam
835 2322 976 2354 citarent
986 2345 997 2351 .
1019 2317 1154 2365 Qibus
1165 2318 1231 2352 ille:

256 2373 352 2405 Hodie
361 2395 370 2411 ‚
393 2371 464 2413 ficut
474 2371 531 2414 ipsi
535 2376 657 2405 cerm'rls
671 2394 682 2412 ,
709 2373 753 2405 ad
759 2374 885 2404 Curiam
895 2376 1001 2404 venire
1017 2379 1126 2411 nequeo
1146 2394 1157 2409 ‚
1177 2367 1236 2412 fid

249 2431 311 2465 pro
321 2431 395 2456 certo
400 2420 506 2465 sciatis
520 2446 530 2462 ,
544 2421 680 2464 favente
692 2424 820 2455 Domino
831 2446 841 2461 ‚
866 2432 938 2464 crqs
960 2418 1165 2453 exhibiturum
1187 2430 1233 2452 me

256 2475 360 2505 Curiae
373 2497 383 2513 ,
409 2474 443 2506 &⁸
455 2472 509 2514 nifi
513 2473 604 2506 aliter
613 2474 721 2506 datum
736 2496 749 2514 ‚
771 2477 807 2504 in
817 2471 919 2505 (edica
939 2469 1096 2504 vehendus
1109 2470 1214 2503 eadem
1223 2494 1230 2502 .

258 2522 307 2556 Ea
320 2522 373 2557 die
386 2523 491 2557 sermo
511 2522 721 2566 percrebuit,
747 2522 784 2557 ἀ
800 2523 818 2556 ὲ
830 2520 1013 2556 Nobilibus
1039 2518 1233 2562 quibusdam

259 2570 402 2605 Thomae
412 2574 605 2607 nunciatum
617 2573 665 2608 est
679 2597 691 2614 ,
714 2572 809 2617 quod
820 2572 841 2606 fi
854 2572 902 2606 sui
923 2571 1058 2615 copiam
1070 2571 1187 2604 faceret
1198 2570 1231 2604 in

258 2620 361 2654 Curia
372 2644 384 2660 ,
411 2621 460 2653 vel
472 2621 683 2656 trucidaretur
694 2647 706 2662 ‚
735 2622 788 2656 vel
801 2622 835 2656 in
843 2632 1005 2656 carcerem
1030 2620 1230 2665 mittQTetur.

258 2669 406 2703 Timens
417 2670 517 2714 igitur
526 2670 580 2703 fibi
594 2670 894 2716 Archi-Episcopus
910 2696 921 2712 ,
935 2671 980 2705 eo
991 2670 1081 2715 quod
1095 2671 1233 2705 necdum

261 2721 295 2753 se
306 2720 469 2763 Martyrio
483 2721 640 2755 sentiebat
653 2721 830 2763 idoneum,
859 2723 878 2756 a
890 2722 1037 2764 quodam
1061 2721 1235 2765 Religioso

260 2770 387 2813 accepit
410 2771 441 2803 in
454 2771 592 2805 monitis
603 2796 615 2812 ‚
639 2771 731 2815 quod
760 2775 794 2806 in
819 2772 981 2807 honorem
994 2770 1086 2806 Beati
1097 2769 1236 2805 Protho-

261 2819 420 2863 Martyris
434 2818 591 2864 Stephani
608 2821 666 2856 die
690 2822 813 2866 postera
826 2822 961 2858 Miffam
969 2821 1146 2856 celebraret
1158 2846 1169 2862 ,
1194 2833 1236 2856 ne

260 2869 532 2906 Adversariorutn
543 2872 737 2916 protervitas
748 2871 898 2907 adversus
916 2872 1021 2916 ipsum
1033 2871 1216 2916 praevaleret
1226 2898 1236 2905 .

1165 1963 1234 2002 Ve-
1294 1966 1393 2001 lavit.
1423 1965 1467 2001 Et
1479 1964 1727 1999 Vintonienfis.

1524 2065 1570 2096 W
1599 2065 1615 2098 1
1642 2066 1671 2100 Ι..
1697 2067 1734 2101 Η
1762 2067 1791 2101 E
1819 2066 1849 2101 L
1874 2066 1916 2101 M
1944 2067 1985 2103 U
2011 2069 2052 2104 S.
2083 2084 2084 2092 2

1346 2118 1424 2150 SUB
1446 2123 1536 2149 tanta
1552 2139 1563 2155 ,
1588 2115 1708 2160 inquit,
1720 2122 1821 2158 partis
1833 2123 1980 2162 utrimque
1990 2144 2001 2161 ‚
2015 2119 2272 2164 difflanantiapaar

1277 2204 1280 2217 ι
1290 2167 1471 2258 pestrpetm'cm
1494 2167 1641 2210 relegatur
1661 2191 1672 2208 ,
1709 2171 1775 2202 Nec
1793 2166 1862 2211 spes
1885 2170 2008 2211 quidem
2024 2176 2139 2215 grathe
2161 2178 2274 2215 poterit

1295 2230 1323 2251 α
1355 2222 1465 2250 imari.

1492 2266 2076 2308 HERtBERTUS.

1347 2315 1528 2351 1G1TUR
1551 2315 1730 2351 Pontifices
1761 2328 1879 2350 omnes
1914 2318 2118 2354 discedentes
2149 2320 2191 2356 ad
2212 2321 2282 2357 Cu-

1296 2367 1379 2401 riam
1389 2365 1627 2411 properabant,
1655 2366 1860 2410 praeterquam
1874 2365 1968 2407 duo,
1991 2368 2049 2410 qui
2074 2368 2280 2406 Archi-1²12.

1272 2425 1273 2428 ’
1296 2417 1382 2452 sulis
1406 2415 1586 2450 thalamum
1596 2416 1973 2460 tardiusingredientes,
2002 2416 2125 2452 secreto
2145 2420 2279 2455 confor-

1296 2467 1432 2507 tabant,
1458 2465 1691 2501 &animabant
1712 2465 2020 2500 Archi·Praesulem.
2048 2464 2181 2513 Nempe
2205 2470 2275 2505 Do·-

1272 2542 1274 2544 ψ
1297 2518 1406 2552 minus
1419 2515 1647 2551 Vintonienfis
1661 2517 1842 2550 Henricus:
1856 2517 1912 2560 qui
1927 2517 2002 2560 quia
2022 2517 2280 2563 Archi-Episco-

1272 2592 1274 2596 »
1299 2579 1376 2612 pum
1386 2567 1646 2606 consecraverat,
1674 2566 1814 2610 amplius
1833 2566 2095 2609 compatiebatur
2118 2569 2243 2604 afflic‘to
2267 2596 2275 2603 .

1300 2619 1342 2653 Et
1355 2617 1598 2653 saresberiensis
1618 2616 1779 2660 Joselinus
1791 2643 1798 2650 .
1830 2617 1871 2650 Et
1892 2614 1926 2649 hi
1939 2627 2048 2650 tamen
2067 2630 2195 2663 propter
2207 2629 2278 2655 me·

1299 2680 1368 2703 tum
1380 2667 1523 2702 occulti.
1554 2668 1595 2701 Et
1607 2667 1677 2710 post
1694 2666 1927 2711 Episcoporum
1949 2667 2118 2703 discessum
2142 2669 2212 2705 cito
2229 2670 2277 2704 in·

1300 2718 1396 2753 travit
1409 2717 1584 2751 Ecclefiam
1598 2742 1608 2757 ,
1618 2717 1652 2750 &
1665 2728 1699 2750 ut
1713 2718 1921 2760 praemonitus
1932 2727 1998 2750 erat
2020 2741 2032 2759 ‚
2050 2718 2182 2754 Missam
2197 2721 2277 2763 ipse-

1301 2779 1369 2804 met
1379 2767 1421 2802 de
1444 2769 1547 2802 Beato
1571 2766 1860 2810 Protho-Martyre
1882 2766 2051 2810 Stephano
2067 2769 2242 2804 celebravit
2264 2794 2272 2801 .

1305 2820 1346 2853 Et
1357 2829 1423 2853 erat
1433 2817 1538 2851 Miffae
1549 2818 1703 2851 introitus
1717 2830 1728 2850 .·
1754 2821 1881 2850 Etenim
1895 2815 2040 2860 fiderunt
2056 2820 2211 2861 Principes
2223 2844 2233 2859 ‚
2243 2821 2278 2854 ό*

1302 2866 1741 2913 αᾱυενηὶηιηορὶσᾳιιεῦαηιιιν.
1773 2867 1814 2901 Et
1833 2866 1919 2901 hanc
1940 2867 2074 2911 quidem
2103 2868 2236 2904 Missam
2265 2894 2277 2910 ,

1243 2926 1246 2934 ¹
1304 2929 1412 2963 praeter
1422 2928 1547 2952 morem
1560 2942 1571 2958 ‚
1598 2929 1638 2951 eo
1649 2917 1702 2950 die
1712 2918 1767 2960 qui
1781 2918 1880 2950 festus
1894 2929 1960 2950 non
1983 2928 2052 2953 erat
2065 2943 2076 2959 ,
2101 2930 2178 2953 cum
2202 2919 2277 2954 1²21-

433 2969 810 3008 CAPUT
906 2971 1068 3006 XXIX.

566 3075 613 3105 De
623 3080 708 3115 opere
725 3073 839 3107 ultlmae
851 3075 919 3105 Diei
927 3090 939 3104 v.

484 3170 529 3204 *H
552 3171 579 3205 E
596 3172 629 3206 R
650 3173 664 3206 1
685 3171 715 3205 Β
738 3173 767 3207 Ε
788 3173 820 3206 R
838 3170 879 3204 T
900 3171 941 3205 U
964 3172 1003 3205 S.

321 3270 352 3302 N
362 3263 501 3304 crastino
511 3271 599 3312 vero,
610 3283 678 3315 quae
690 3270 793 3317 vulgo
805 3269 874 3304 dies
885 3270 1003 3304 Martis
1014 3270 1132 3305 dicitur
1145 3294 1156 3311 ‚
1169 3282 1237 3314 quae

272 3273 319 3373 I
346 3319 377 3350 ὅ(
393 3320 834 3364 Archi-Episcopoveredies
857 3320 974 3354 Martis
995 3320 1127 3361 illuxit,
1153 3333 1239 3355 ante—

348 3366 443 3410 quam
453 3369 586 3405 Curiam
598 3374 732 3405 intraret
744 3396 754 3412 ,
765 3372 969 3405 conveniunt
982 3371 1024 3405 ad
1038 3382 1112 3404 eum
1126 3371 1241 3404 Ponti-

271 3417 350 3451 fices
377 3428 390 3459 3
415 3421 550 3453 attoniti
569 3423 703 3462 quidem
723 3420 926 3456 &exterriti
951 3432 1082 3465 propter
1107 3421 1239 3457 andita.

1304 2971 1351 3003 lio
1361 2967 1535 3003 celebravit
1545 2994 1553 3000 ·
1580 2967 1812 3001 Ministeriales
1824 2968 1899 3001 vero
1914 2968 2016 3013 Regis
2027 2993 2037 3010 ‚
2063 2970 2120 3014 qui
2132 2969 2178 3003 ibi
2190 2969 2275 3004 forte

1304 3031 1383 3054 tunc
1395 3019 1549 3057 aderant,
1577 3014 1609 3050 id
1622 3016 1720 3050 tacite
1744 3016 1991 3053 considerabant
2007 3042 2018 3059 ,
2044 3019 2163 3065 quibus
2173 3019 2276 3054 visum

1301 3070 1345 3104 est
1356 3079 1424 3104 rem
1438 3067 1538 3112 ipsam
1550 3065 1674 3110 aliquid
1688 3067 1881 3110 praetendere
1896 3092 1903 3099 .

1491 3165 1868 3202 CAPUT
1967 3166 2099 3203 XXX.

1404 3269 1545 3313 Qualmr
1554 3265 1821 3310 Archi-Episcopus
1831 3266 1867 3306 fit
1876 3271 2003 3301 Curiam
2013 3268 2155 3312 ingreffus
2163 3293 2176 3308 ⁴.

1423 3361 1516 3403 lssA
1541 3366 1673 3401 tandem
1690 3379 1766 3401 cum
1779 3366 1888 3401 debita
1900 3366 2080 3403 devotione
2100 3367 2280 3410 celebrata,

1448 3427 1561 3453 amoto
1575 3418 1615 3453 ab
1626 3417 1769 3453 humeris
1782 3443 1793 3460 ,
1816 3418 1859 3452 ad
1871 3418 2078 3463 quorundam
2098 3418 2280 3453 amicorum

2147 3469 2183 3502 &
2197 3468 2239 3503 fa-
