2358 3776
6 517 8 525 ·
68 504 169 552 nispe
181 504 428 546 convalescendi
438 526 447 544 ς
464 527 468 532 ι

278 119 319 166 s.
393 106 1778 171 THOMAEc-ANTUARIENSIS.
1832 115 1935 173 περ

66 219 145 251 tana
165 204 333 254 laborabat
358 228 370 245 ,
394 203 429 238 δε
458 201 648 248 Imperatrix
669 197 896 243 inpuerperio
927 196 1004 233 fecit

67 259 217 297 aborsum
232 279 241 288 .
271 254 379 290 Unde
400 255 521 289 fastum
542 253 612 294 est,
637 261 673 286 ut
685 260 753 285 tota
766 249 874 291 Gallia
885 245 929 282 ad
947 247 1004 282 ob-

66 306 211 358 sequium
224 304 367 341 Domini
383 303 476 348 Papae
486 302 635 339 devotius
644 300 797 334 conversa
809 299 848 332 sit
860 322 873 339 ,
897 297 931 331 ἀ
943 297 1004 332 Ec·
1030 307 1033 311 ·

66 354 192 409 plcfiam
202 354 395 402 Romanam
405 354 448 398 ‚ad
461 354 566 391 minas
578 350 752 384 bominum
765 348 875 383 minus
887 358 1004 382 move-

66 407 94 442 ri
108 416 264 450 oporteat
276 401 286 437 ’.
313 404 356 441 Et
379 415 415 441 ut
434 412 605 449 proc-erto
625 399 833 443 accepimus,
859 397 1008 432 Domini·

67 455 280 493 Eboracenfis
288 455 432 500 Legatio
439 450 579 497 omnino
591 450 764 495 exspiravit
776 471 788 488 ‚
799 447 922 483 sublata
935 458 1003 482 om-

118 554 322 590 Memoratus
341 550 449 598 itaque
475 550 645 585 Dominus
658 550 702 585 fic
715 549 857 594 Legatos
875 547 1004 593 Anglo-

71 604 289 645 rumextitit,
312 612 419 642 utnec
428 611 581 641 annuuS,
605 612 667 635 nec
682 601 876 635 mensurnus
887 598 1006 639 fuerit,

71 666 128 695 aut
151 655 268 700 dialis,
290 648 346 697 qui
371 651 407 685 in
420 651 605 696 Legatione
624 651 679 685 sua
692 661 754 684 nec
771 660 896 683 annum
908 673 919 690 ,
944 659 1005 688 nec

73 705 240 745 mensem,
265 711 323 738 nec
342 699 429 736 diem
452 699 588 735 habuit.
613 700 676 735 Sed
699 699 809 734 nescio
834 711 902 743 quo
913 699 1006 742 padio

74 755 204 793 Nuncii
214 747 399 787 recedentes
408 751 454 795 ab
465 750 658 795 Apostolica
671 750 752 784 Sede
762 774 773 790 ,
798 749 875 784 licet
890 747 941 782 his
951 748 1006 792 qui

75 816 133 841 cos
143 801 376 848 praecefferant,
405 801 545 842 minores
555 799 617 834 sint
631 824 642 840 ,
671 802 703 835 se
715 810 775 844 pro
797 798 1009 847 Augustinia-

76 856 128 893 nis
136 852 314 887 obtinuisse
325 850 483 894 jastium,
492 850 582 894 quod
595 849 774 892 majoribus
785 859 940 893 negatum
950 846 1009 888 est,

74 905 109 939 dc
127 900 296 939 adversum
310 900 462 935 Nuncios
474 899 593 935 vestros
616 899 753 935 Curiam
771 899 988 934 inflammasse
1001 922 1008 930 .

75 950 185 995 Etfibi
196 950 331 995 patuisse
341 949 458 991 dolos,
482 960 565 992 quos
577 948 760 985 Gausredus
775 949 876 984 Ridel
894 948 930 983 &
959 948 1009 991 lo·

75 1013 178 1043 annes
188 1002 228 1036 de
237 1000 431 1043 Oxeneford
443 1010 557 1034 contra
567 1000 756 1035 Dominum
770 1000 897 1044 Regem
922 1008 1009 1033 exer-

75 1047 214 1092 cuerunt
225 1076 236 1092 ,
261 1057 299 1085 ut
308 1050 411 1085 exilio
421 1050 456 1086 ἀ
465 1051 617 1084 omnium
630 1050 792 1086 bonorum
805 1048 1009 1094 proscriptio·

77 1101 237 1149 nestfigni
256 1101 341 1140 sint,
364 1101 398 1145 fif
411 1100 693 1134 citraconsensum
717 1102 751 1135 ἀ
765 1098 1008 1134 Authoritatcm

76 1152 221 1198 Regiam
242 1151 321 1185 talia
348 1150 616 1195 praesumpserint.
645 1151 774 1184 Dicunt
797 1151 897 1196 etiam
920 1145 1009 1192 quod

79 1202 213 1246 quidam
234 1199 459 1235 cardinalium
481 1199 596 1234 litteris
618 1201 681 1234 suis
701 1199 854 1234 Domino
874 1197 960 1241 Regi
975 1195 1010 1228 fi·

78 1252 240 1296 gnificant
253 1250 294 1283 ad
305 1250 550 1283 excusationem
564 1249 610 1283 sui
618 1272 630 1289 ,
641 1261 739 1294 quam
751 1247 913 1284 malitiose
923 1247 1010 1280 Gau-

78 1299 187 1341 fredus
207 1300 240 1333 ἀ
260 1298 402 1340 Joannes
421 1298 609 1333 incesserint
630 1324 641 1339 ,
676 1299 711 1334 δι
737 1308 835 1341 quam
858 1297 1012 1341 praesum·

81 1348 195 1394 ptuose
216 1348 309 1382 vestri
324 1347 460 1393 “Nuncii
487 1349 611 1391 semper
633 1348 668 1382 ἃ.
691 1348 814 1393 ubique
839 1345 1012 1381 detrahunt

81 1399 169 1444 Regi
185 1424 191 1430 .
217 1398 316 1441 Super
325 1395 377 1431 his
389 1396 472 1431 nihil
485 1396 567 1431 mihi
580 1397 843 1443 significaverunt
855 1397 934 1431 socii
957 1407 1013 1430 no-

81 1449 137 1483 stri
149 1448 356 1496 morantesin
377 1448 475 1482 Curia
489 1472 500 1488 ,
525 1447 579 1481 sed
604 1458 641 1482 ea
661 1460 715 1492 per
725 1447 909 1483 Extraueos
929 1445 1013 1480 didi·

82 1500 133 1532 ci.
161 1497 396 1532 Verumtamen
410 1497 569 1541 quidquid
591 1507 707 1532 contra
721 1497 949 1532 innocentiam
966 1506 1015 1529 ve-

82 1548 180 1582 stram
210 1548 434 1593 malignorum
455 1547 639 1591 perversitas
661 1548 817 1582 moliatur
839 1570 849 1586 ‚
874 1557 958 1591 rogo
983 1545 1017 1579 &

83 1597 240 1638 consulo,
266 1609 302 1632 ut
311 1601 614 1641 quantumcumque
636 1598 815 1631 secundum
837 1597 947 1630 Deum
964 1606 1017 1637 po-

85 1647 212 1686 teritis,
237 1647 329 1681 vobis
350 1647 492 1680 Domini
517 1647 619 1690 Regis
639 1647 778 1690 gratiam
791 1645 962 1688 acquiratis
985 1645 1018 1677 &

85 1695 284 1736 conservetis
315 1708 328 1730 .-
354 1695 512 1738 quoniam
534 1695 578 1729 ita
603 1694 753 1730 Ecclefiae
777 1695 844 1729 Dei
869 1691 1019 1737 expedit.

88 1747 162 1780 Nec
171 1745 269 1779 video
279 1742 447 1788 quomodo
458 1744 582 1785 poffitis
603 1745 728 1776 utiliter
739 1744 879 1785 praeeffe,
907 1750 1019 1783 quam-

87 1795 147 1829 diu
157 1793 253 1827 rebus
273 1793 317 1826 ita
327 1791 535 1825 manentibus
548 1790 620 1823 Rex
633 1791 728 1824 vobis
749 1791 784 1823 in
805 1787 1021 1823 omnibusad—

88 1841 265 1878 versabitur
285 1865 294 1874 .
332 1839 512 1875 Praesertim
545 1850 625 1874 cum
656 1839 798 1874 Ecclesia
825 1839 977 1873 Romana
1002 1848 1020 1870 a

88 1894 182 1928 vobis
195 1902 261 1926 non
273 1889 331 1924 nifi
344 1890 437 1924 verba
445 1889 579 1934 recipiat
593 1913 604 1930 ,
629 1890 662 1923 ἀ
674 1888 881 1933 dispendium
893 1912 906 1929 ‚
932 1886 1021 1932 quod

89 1941 223 1978 aliunde
246 1940 364 1985 patitur
381 1962 392 1978 ,
418 1940 556 1984 imputet
583 1938 677 1974 vobis
703 1940 738 1973 δ(
762 1938 847 1980 fibi,
871 1950 943 1983 quae
964 1948 1022 1972 vos

91 1991 331 2037 provoluntate
343 1990 447 2035 Regis
458 2001 527 2026 non
539 1991 659 2034 patitur
683 1988 870 2024 conculcari
889 2013 896 2021 .
922 1988 1024 2022 Nunc

91 2051 201 2077 autem
223 2040 320 2076 facile
343 2051 387 2074 ex
410 2039 471 2074 hac
493 2040 667 2074 occasione
686 2038 927 2074 Monasterium
949 2037 1025 2070 Bea-

91 2092 119 2127 ti
144 2088 323 2136 Augustini
347 2102 409 2134 prae
430 2090 553 2124 cunetis
577 2089 733 2124 retinebit
761 2086 926 2129 omnino;
952 2087 1028 2130 quia

92 2141 248 2178 credibile
270 2141 314 2175 est
329 2162 341 2180 ,
365 2132 480 2175 omnes
496 2138 552 2174 fibi
575 2139 675 2174 malle
695 2148 795 2183 quam
816 2137 927 2172 alteri.
956 2136 1029 2170 Nec

91 2193 214 2232 video,
238 2190 408 2235 quomodo
430 2190 515 2225 istud
540 2189 693 2229 evitetis,
721 2187 781 2222 nist
802 2197 856 2231 per
878 2186 1006 2231 Regem
1019 2209 1029 2225 ,

94 2243 149 2277 cui
171 2239 381 2285 probabiliter
403 2239 584 2283 persuaderi
609 2238 738 2273 fortaffe
762 2236 882 2282 poterit
902 2261 915 2278 ‚
939 2235 1028 2279 quod

96 2291 197 2336 longe
207 2291 324 2324 melius
336 2289 381 2323 est
396 2313 406 2328 ,
433 2289 465 2322 δε
486 2288 654 2323 honestius
675 2287 745 2329 illi,
771 2287 804 2325 δε
831 2285 1030 2321 tolerabilius

98 2340 213 2380 vobis,
238 2350 273 2372 ut
297 2339 430 2372 vestram
455 2349 514 2382 pro
526 2338 622 2372 libitu
645 2336 817 2372 conculcet
830 2336 1031 2375 Personam,

98 2391 197 2435 quam
219 2388 262 2422 fic
286 2386 462 2421 Ecclesiam
484 2387 613 2422 mutilet
639 2387 673 2420 δε
692 2386 886 2430 pessiimdet.
915 2385 1032 2419 Eccle-

99 2443 140 2475 fia
151 2437 227 2474 vero
238 2435 441 2477 Cantuariae,
472 2436 506 2470 in
520 2448 587 2480 quo
598 2437 716 2471 meruit
726 2437 807 2471 iram
818 2436 911 2479 ejus?
938 2436 1031 2469 Nun-

99 2486 178 2534 quid
188 2487 288 2532 digna
308 2486 353 2521 est
375 2485 483 2531 affligi
511 2487 545 2521 &
567 2487 714 2526 conteri,
739 2487 815 2529 quia
839 2497 897 2520 vos
916 2486 1035 2530 elegit,

101 2536 133 2575 δε
145 2538 204 2572 fibi
218 2535 379 2580 praefecit?
405 2536 453 2570 At
466 2536 521 2570 ille
531 2560 542 2576 ‚
567 2537 590 2570 si
603 2538 732 2571 causam
753 2536 834 2571 reste
846 2536 1012 2570 examinat
1025 2559 1035 2575 ,

102 2590 167 2623 hoc
188 2586 265 2625 fibi,
292 2598 360 2621 non
384 2585 529 2620 Ecclefiae
548 2587 741 2629 imputabit.
766 2585 851 2620 Sane
865 2586 981 2620 melius
993 2585 1036 2619 es-

103 2640 194 2680 setin
213 2647 416 2681 quacumque
430 2636 524 2679 Cella
537 2636 698 2670 salvaretis
720 2636 864 2670 animam
881 2636 1037 2676 vestram,

104 2689 203 2734 quam
223 2697 260 2721 ut
282 2685 378 2721 vestri
398 2685 480 2720 odio
501 2686 650 2720 vestra&
673 2696 790 2720 omnes
803 2686 874 2720 aliae
892 2685 1038 2721 Eccleliae

105 2746 336 2776 conterantur,
362 2735 569 2771 &Clerusin
581 2747 642 2776 ea,
666 2736 766 2770 cuiiu
779 2734 894 2770 diebus
923 2735 1039 2769 nostris

107 2788 248 2823 addiaus
259 2787 304 2821 est
318 2812 329 2828 ‚
355 2786 507 2821 servitute
518 2794 701 2820 remaneat.
730 2786 876 2820 Forsitan
888 2785 922 2818 δε
937 2784 1040 2819 humi-

109 2837 245 2874 liatione
266 2837 366 2871 vestra
393 2834 601 2879 hujusmodi,
628 2845 727 2880 quam
750 2834 845 2870 vobis
874 2834 1041 2869 Dominus

111 2886 277 2930 inspirabit
296 2911 308 2928 ,
334 2886 509 2921 movebitis
532 2886 659 2930 Regem
682 2885 705 2918 fi
727 2897 765 2920 ea
796 2884 943 2920 dixeritis
966 2884 1042 2919 loco

112 2939 147 2971 ἀ
159 2946 303 2979 tempore
313 2961 324 2978 ,
350 2937 385 2971 ἀ
397 2948 434 2971 ea
445 2934 603 2971 modestia
616 2960 628 2976 ,
653 2935 686 2969 &
709 2946 900 2979 contemptu
911 2945 1017 2969 rerum
1030 2959 1040 2975 ,

114 2988 149 3021 δι
182 2986 362 3021 constantia
385 3011 397 3026 ,
432 2998 531 3030 quam
556 2987 652 3021 causa
685 2986 840 3020 desiderat
860 3010 869 3017 .
906 2985 940 3019 si
967 2994 1043 3025 eum

116 3037 278 3080 placatum
300 3035 502 3077 habueritis,
530 3036 645 3070 omnia
667 3034 732 3071 haec
753 3034 905 3070 Authore
926 3035 1042 3070 Domi-

115 3098 161 3121 no
176 3083 328 3118 facillime
339 3087 570 3130 conquiescent
584 3111 591 3119 .
619 3087 662 3120 Et
684 3087 705 3119 si
726 3084 792 3121 hoc
804 3085 896 3120 aliter
906 3085 973 3119 fieri
993 3096 1045 3118 ne-

115 3135 188 3180 quit
205 3159 216 3175 ,
236 3144 320 3178 rogo
341 3134 374 3168 &
386 3135 539 3170 omnibus
552 3135 660 3170 modis
670 3136 827 3176 consulo,
844 3146 879 3169 ut
889 3147 966 3170 eum
983 3145 1044 3168 am-

118 3186 204 3229 plius
227 3184 459 3225 frequentetis·
485 3186 557 3228 Nec
580 3186 614 3219 in
637 3197 677 3221 eo
697 3198 756 3221 vos
776 3186 916 3220 deserere
935 3185 1045 3219 creda-

118 3236 159 3269 tis
171 3233 313 3267 Pastoris
337 3233 484 3268 officium
496 3258 506 3273 ,
530 3236 551 3269 fi
567 3236 614 3281 vel
628 3236 713 3270 hanc
725 3248 825 3271 unam
837 3237 981 3270 animam
1006 3246 1047 3268 re-

118 3283 282 3319 tinueritis
307 3284 340 3316 in
368 3282 458 3317 cultu
481 3283 547 3317 Dei
572 3309 583 3324 ,
605 3297 648 3319 ex
669 3286 759 3328 cuius
778 3285 912 3321 arbitrio
936 3285 1047 3320 Domi·

119 3345 164 3368 no
186 3333 228 3366 fic
251 3320 462 3376 disponen’te,
491 3334 633 3376 pendent
653 3336 931 3370 animaeinfinitae.
960 3335 1046 3368 Nam

120 3394 156 3418 ut
168 3383 212 3415 ait
222 3380 365 3416 -Ethicus
375 3407 386 3424 ,
412 3387 603 3424 componitur
617 3384 705 3418 orbes
718 3390 808 3429 Regis
820 3388 863 3419 ad
873 3386 1047 3426 exemplum.

123 3435 165 3469 Et
176 3433 332 3467 Salomon
352 3432 398 3467 ait
418 3457 429 3474 ‚
458 3432 560 3479 Qod
585 3434 681 3477 qualis
711 3434 748 3475 est
770 3436 871 3471 Ret‘lor
896 3440 1049 3474 civitatis,

1068 193 1268 238 culusum&
1279 193 1455 229 habitantes·
1466 199 1560 229 inea.
1579 197 1674 244 'Qid
1686 201 1778 236 verba
1788 198 1992 248 multiplico?

1068 247 1204 283 Precum
1221 244 1257 279 &
1277 245 1403 280 consilii
1427 246 1493 280 mei
1517 247 1641 280 summa
1663 249 1708 280 est
1728 273 1740 289 ,
1765 262 1801 286 ut
1823 257 1998 296 quantum.

1067 307 1208 341 cumque
1226 295 1360 339 potestis
1377 321 1388 337 ,
1415 295 1495 330 dum
1519 305 1630 330 tamen
1653 297 1831 335 secundum
1862 304 1997 345 Deum,

1067 347 1170 393 Regis
1192 345 1454 381 benevolentiam
1475 346 1672 389 comparetis
1684 369 1695 379 .
1723 347 1768 381 Et
1788 356 1897 385 tamen
1917 353 1996 388 socii

1067 397 1159 433 vestri
1179 420 1192 437 ,
1217 407 1300 441 quos
1322 396 1524 434 familiariter
1544 395 1704 431 habuisti-s
1724 419 1736 436 ,
1762 394 1887 432 habetis
1914 424 1927 441 ‚
1951 404 1997 437 ’ἀ

1067 446 1228 482 habebitis
1248 470 1260 487 ,
1288 445 1445 490 quamdiu
1467 446 1559 481 Deus
1581 446 1760 490 permiserit
1783 469 1796 486 ,
1829 456 1883 481 me
1906 450 1998 485 vobis
2062 441 2065 445 ’

1065 497 1227 532 contraria
1251 498 1419 532 consulere
1434 496 1654 531 mentiuntur
1673 519 1694 537 t,
1732 495 1882 531 dicentes
1906 499 1997 541 quod

1065 557 1130 593 ego
1150 557 1209 581 vos
1229 545 1425 592 instigabam
1437 570 1449 587 ,
1474 556 1511 581 ut
1530 546 1706 587 aDomini
1725 547 1831 592 Regis
1841 545 2000 591 obsequio

1066 595 1251 632 recederetis
1273 621 1285 638 ,
1322 598 1358 632 δε
1390 596 1481 641 quod
1518 597 1650 631 nullum
1675 596 1824 632 Militem
1859 594 2003 632 honora-

1066 647 1141 683 retis
1165 671 1173 679 .
1206 645 1314 681 Novit
1339 648 1431 682 Deus
1457 671 1470 688 ‚
1501 646 1536 682 &
1561 657 1620 681 vos
1648 646 1807 688 novistis,
1832 647 1910 691 quia
1923 648 2005 681 sem·
2032 662 2036 665 ’

1068 709 1122 742 per
1140 695 1292 731 consului
1314 720 1326 737 ‚
1363 707 1400 731 ut
1421 696 1569 732 debitum
1592 697 1677 741 Regi
1698 697 1883 740 praestaretis
1903 696 2002 731 obse*-

1066 748 1181 792 quium
1193 770 1204 786 ,
1228 746 1262 780 &
1282 746 1418 782 vestram
1441 746 1550 790 quoad
1562 747 1674 781 Deum
1687 747 1720 781 δε
1739 744 1893 783 homines
1902 748 2004 782 serva-

1068 797 1144 834 retis
1153 795 1358 832 honestatem
1371 821 1379 828 .

1244 895 1655 934 EPISTOLA
1706 897 1833 934 vlu.

1194 994 1339 1032 Thomae
1351 996 1576 1032 Cantuariensi
1595 996 1882 1044 Archi-Episcopo

1342 1047 1476 1091 quidam
1489 1048 1628 1083 Amicus
1640 1049 1713 1084 suus
1726 1073 1734 1080 .

1072 1148 1242 1184 Reverendo
1263 1151 1388 1181 Domino
1408 1149 1442 1182 (5·
1466 1150 1555 1181 Patri
1566 1147 1704 1188 Thomae,
1729 1151 1787 1183 Dei
1794 1153 1899 1193 gratia
1911 1150 2006 1183 Veness

1166 1198 1256 1231 rabili
1277 1197 1741 1241 cantuarienffdrchlsspifiropo
1762 1202 1838 1232 suus
1860 1200 1909 1232 ille

1241 1252 1382 1289 proprius
1408 1254 1443 1280 in
1454 1247 1642 1280 tribulatione
1648 1253 1834 1288 patientiam

1420 1307 1478 1329 non
1499 1296 1651 1339 deftrere.

1153 1395 1272 1440 Egitur
1292 1395 1484 1431 Constantii
1505 1396 1668 1441 Principis
1689 1395 1895 1441 temporibus
1915 1396 2013 1439 quos-

1178 1447 1255 1481 dam
1276 1446 1387 1481 minus
1411 1447 1592 1490 spirituales
1618 1447 1799 1491 Episcopos
1823 1471 1834 1487 ,
1875 1441 2012 1490 propriis

1075 1497 1286 1541 praetermiffis
1314 1497 1483 1538 Ecclefiis,
1511 1497 1619 1531 Curiae
1642 1499 1828 1541 frequenter
1851 1496 2014 1529 interfuis-

1077 1549 1108 1581 se
1130 1571 1142 1586 ,
1166 1547 1254 1589 turpi
1276 1546 1468 1581 adulatione
1495 1546 1656 1581 Caesarem
1678 1545 1828 1580 delinisse
1848 1569 1859 1585 ,
1896 1544 2012 1589 Regiis

1080 1595 1188 1639 petius
1207 1594 1306 1638 quam
1321 1595 1529 1640 Evangelicis
1549 1595 1672 1630 Edi-stis
1686 1595 1841 1638 paruisse,
1868 1595 1901 1627 in
1914 1593 2014 1628 Prin-

1078 1646 1190 1689 cipum
1213 1643 1354 1688 amplius
1373 1644 1470 1688 quam
1494 1645 1634 1678 Domini
1659 1645 1823 1686 adjutorio
1857 1642 2016 1677 confidis-

1079 1696 1129 1728 se.
1156 1693 1329 1731 Atcontra
1348 1694 1536 1729 Martinus,
1562 1691 1899 1735 incomprehensibilis
1924 1693 2017 1727 meri-

1070 1737 1323 1774 'tiTuronenlis
1346 1740 1552 1784 Episcopus,
1577 1740 1784 1775 tabernacula
1810 1752 2019 1784 peccatorum

1084 1801 1142 1834 pro
1165 1790 1253 1832 posse
1262 1788 1455 1831 declinans,
1481 1791 1685 1825 commissam
1708 1790 1766 1825 fibi
1791 1791 1858 1825 Dei
1883 1792 1931 1825 sui
1951 1792 2024 1826 Do-

1084 1850 1175 1874 mum
1189 1863 1200 1880 ,
1218 1838 1296 1874 licet
1309 1839 1424 1874 seculo
1434 1837 1597 1884 abjeetus,
1623 1840 1774 1875 devotius
1797 1840 2020 1877 inhabitabat.

1085 1891 1122 1925 Si
1144 1887 1278 1932 quando
1300 1899 1410 1924 tamen
1430 1901 1506 1924 eum
1527 1902 1545 1925 a
1559 1890 1713 1934 Principe
1726 1887 1902 1934 praetaxato
1915 1905 2026 1928 accer-

1086 1938 1133 1973 firi
1155 1939 1364 1983 contingeret
1387 1964 1398 1980 ,
1436 1941 1612 1975 severitatis
1640 1941 1670 1975 ei
1704 1950 1770 1974 tarn
1798 1940 1897 1974 verba
1926 1943 2025 1985 quam

1088 1988 1215 2023 vultum
1227 1988 1403 2024 exhibebat
1416 2013 1428 2029 ,
1453 1989 1642 2025 inhonestas
1652 1990 1933 2034 Coepiscoporum
1956 1992 2028 2025 suo-

1089 2050 1162 2073 rum
1178 2038 1356 2072 blanditias
1382 2039 1536 2083 arguebat
1558 2064 1568 2080 ,
1604 2039 1771 2074 indiscreti
1795 2039 1956 2085 Principis
1974 2053 2027 2075 ex·

1089 2088 1191 2124 cessus
1208 2087 1386 2123 cohibebat
1398 2113 1408 2128 ‚
1434 2090 1602 2132 praeferens
1622 2090 1736 2124 animo
1750 2088 1895 2125 humana
1920 2099 2027 2125 carere

1090 2138 1193 2183 gratia
1205 2137 1391 2176 sublimium
1405 2139 1483 2173 vitia
1493 2138 1674 2174 coercendo
1686 2165 1698 2181 ,
1722 2150 1822 2185 quam
1847 2152 1866 2175 a
1887 2135 2027 2185 superno

1090 2188 1200 2227 favore
1212 2188 1360 2222 excidere
1379 2187 1642 2233 delinquentium
1664 2200 1765 2225 errata
1798 2192 2025 2226 confovendo.

1094 2237 1136 2271 Et
1157 2248 1233 2271 ecce
1252 2245 1401 2280 tempora
1433 2238 1621 2274 Constantii
1653 2250 1808 2276 renovata
1831 2241 1897 2284 jam
1928 2242 2032 2276 cerni-

1093 2298 1185 2322 mus.
1213 2286 1329 2322 Hodie
1351 2298 1491 2329 namque
1513 2289 1719 2334 quamplures
1742 2290 1858 2325 nostrae
1881 2292 2031 2327 pastores

1094 2337 1239 2373 Eccleliae
1258 2348 1276 2370 a
1297 2336 1419 2372 finibus
1440 2348 1529 2373 terrae
1553 2350 1687 2375 currunt
1720 2339 1831 2375 audire
1860 2342 1895 2375 ἀ
1931 2345 2032 2377 facere

1094 2388 1300 2423 voluntatem
1314 2386 1520 2423 Salomonis.
1537 2390 1741 2426 insufficiens
1755 2391 1909 2426 nimirum
1922 2393 1956 2426 &
1966 2404 2035 2426 mo·

1094 2438 1206 2472 dicum
1215 2437 1413 2473 arbitrantur
1423 2439 1565 2482 copiosa:
1574 2440 1638 2474 Dei
1649 2441 1758 2484 gratia:
1768 2441 1860 2475 dono
1875 2441 1962 2475 adim
1969 2443 2033 2484 ple-

1096 2488 1146 2529 ri,
1173 2486 1458 2534 nifi&contingat
1470 2488 1736 2535 Regiisconfiliis
1748 2488 1915 2524 adhiberi.
1943 2491 2032 2525 Civi-

1098 2537 1136 2572 lis
1159 2537 1260 2573 etiam
1281 2547 1380 2583 atque
1389 2538 1569 2574 domestica
1592 2550 1681 2573 vetus
1695 2539 1749 2572 illa
1773 2539 2032 2582 Machabeorum

1098 2588 1192 2634 plaga
1216 2598 1338 2623 eventu
1370 2588 1534 2622 consimili
1558 2589 1706 2623 »nostram
1742 2587 1843 2624 hodie
1871 2589 2034 2632 perturbat

1099 2638 1293 2674 Ecclesiam.
1321 2637 1410 2672 Cum
1430 2638 1518 2672 enim
1534 2635 1722 2672 Antiochus
1745 2639 1831 2674 furia
1844 2640 1879 2673 in
1890 2640 2034 2675 Domini

1100 2688 1286 2724 Sacerdotes
1295 2687 1549 2730 nnperinvetSRus
1572 2688 1686 2722 Sansta
1702 2689 1947 2733 Hierosolymis
1958 2702 2036 2725 con-

1100 2738 1249 2778 culcare,
1274 2737 1460 2771 Hebraeosa
1484 2737 1595 2781 patriis
1606 2737 1752 2783 Legibus
1763 2750 1935 2780 revocare,
1963 2740 2038 2775 Ma·
2085 2755 2087 2758 ¹

1101 2788 1292 2833 gistratuum
1314 2786 1453 2830 Templi
1477 2787 1652 2832 dignitates
1691 2786 1865 2824 humiliare
1890 2790 2039 2833 dispone-

1102 2850 1168 2879 ret,
1193 2848 1268 2872 ecoe
1291 2836 1392 2880 aliqui
1406 2839 1557 2882 progresfi
1570 2850 1610 2874 ex
1621 2839 1736 2879 Israel,
1762 2838 1837 2873 Viri
1862 2841 1974 2884 utique
1985 2851 2037 2884 pe‘

1101 2887 1245 2923 stilentcs
1259 2910 1270 2927 ,
1295 2886 1395 2921 cladis
1417 2889 1574 2930 proximae
1594 2890 1813 2933 ingruentiam
1828 2891 2040 2934 expavescen-

1103 2949 1172 2979 tes,
1200 2946 1257 2971 aut
1277 2936 1364 2971 certe
1384 2935 1556 2972 pontificis
1582 2939 1698 2972 summi
1709 2939 1876 2974 prioratui
1892 2940 2039 2974 inviden-
2096 2951 2098 2954 ’

1104 2999 1171 3027 tes,
1202 2987 1301 3032 Regis
1326 2987 1593 3032 indignationem
1618 2989 1741 3023 remissa
1765 2991 1840 3024 satis
1854 2990 2040 3024 humilitate

1106 3046 1327 3082 praevenerunt
1338 3061 1349 3077 ,
1375 3049 1445 3082 quae
1457 3037 1513 3072 fibi
1528 3037 1569 3072 ad
1580 3049 1690 3082 pacem
1703 3040 1809 3074 forent
1822 3041 1978 3074 intentius
1988 3051 2041 3074 ex·

1106 3087 1286 3131 petierunt,
1311 3088 1438 3122 foedum
1458 3100 1534 3122 cum
1547 3100 1588 3122 eo
1598 3089 1702 3124 foedus
1724 3100 1932 3131 meruerunt,
1959 3090 2040 3124 1³1ae-

1107 3137 1163 3172 lati
1177 3137 1223 3171 sui
1234 3135 1406 3173 devotioni
1417 3138 1517 3172 tacite
1531 3138 1751 3173 detrahentes.
1784 3140 1844 3174 Sed
1857 3141 1913 3182 qui
1928 3141 2039 3174 lot-um

1106 3189 1198 3223 suum
1220 3187 1254 3221 in
1269 3199 1347 3231 pace
1371 3188 1563 3227 constituit,
1587 3188 1714 3234 diffipet
1736 3191 1861 3232 eosqui
1883 3189 1965 3223 bella
1989 3198 2042 3220 vo-

1109 3238 1179 3272 lunt
1193 3262 1200 3270 .
1229 3237 1273 3272 Et
1295 3239 1351 3281 qui
1373 3238 1522 3281 reprobat
1544 3239 1678 3272 confilia
1704 3239 1892 3282 Principum
1906 3262 1916 3277 ‚
1941 3237 2043 3271 confi-

1110 3287 1150 3322 lia
1163 3286 1369 3330 Achitophel
1384 3311 1395 3327 ‚
1421 3289 1716 3332 consociorumque
1731 3290 1799 3332 ejus
1818 3285 1966 3321 adversus
1977 3287 2043 3320 Da-

1111 3338 1164 3371 vid
1178 3338 1388 3372 innocentem
1401 3336 1539 3372 infatuet
1552 3363 1559 3370 .
1587 3338 1629 3371 Et
1644 3340 1845 3381 quicumque
1866 3348 1941 3371 cum
1953 3335 2044 3370 Cho-

1089 3423 1091 3426 .
1112 3398 1165 3426 re,
1192 3388 1301 3420 Datan
1327 3386 1377 3421 vel
1402 3385 1532 3422 Abiron
1547 3389 1579 3421 in
1593 3387 1687 3430 hujus
1699 3387 1872 3420 militantis
1893 3386 2043 3420 Ecclefiae

1112 3437 1232 3472 Castris
1264 3436 1416 3472 Sanssum
1451 3437 1590 3472 Domini
1613 3436 1724 3471 Aaron
1758 3436 1880 3471 irritare
1903 3437 2044 3479 praesum-

1862 3487 1979 3530 pserint
1990 3510 2000 3525 ‚
