2358 3776
359 152 456 191 162

277 228 396 268 uellem
413 232 522 263 tamen
538 229 598 259 vos
613 218 697 258 circa
719 219 823 254 unum
858 216 1033 254 articulum
1062 240 1077 261 ,
1110 213 1167 263 qui
1189 215 1225 251 δε

276 267 370 317 rietus
392 278 427 314 ες
446 283 546 311 notus
566 272 633 315 est,
666 268 862 318 diligentius
882 268 1033 306 institisse
1050 291 1062 307 ,
1099 264 1221 301 scilicet

276 325 488 367 ostenderetis
521 318 732 370 patientiam,
760 329 859 366 quam
895 314 954 352 diu
988 315 1167 358 habuistis,
1192 316 1224 349 &

274 376 531 416 sollicitudinem
565 397 578 417 ‚
624 381 723 416 quam
759 369 830 412 paci
880 366 1091 404 reformandae
1135 363 1224 403 adhi-

275 428 390 467 buistis
407 451 422 471 ‚
456 425 585 472 Regem
611 420 724 467 saepius
754 428 832 453 cum
854 415 950 451 omni
973 414 1161 453 humilitate
1183 427 1225 449 re-

272 476 424 518 vocando
446 485 502 520 pet
521 475 661 512 litteras,
687 470 722 505 δε
745 466 899 504 Nuncios
921 466 1065 503 Domini
1094 466 1190 512 Papae
1212 489 1223 507 ,

275 541 333 577 per
353 525 482 563 nostros
498 549 510 565 ‚
535 535 591 568 per
611 521 756 557 Matrem
780 518 869 555 suam
881 541 893 563 ‚
918 517 973 551 cui
994 515 1083 552 credi
1101 515 1226 553 debuis-

272 580 336 622 set,
366 587 420 620 per
443 574 626 618 Episcopos
647 567 903 618 Transmarinos
925 567 961 603 δι
988 566 1189 603 Cismarinos
1214 589 1225 605 ‚

273 640 331 676 per
349 628 476 664 Fratres
499 622 636 667 Templi
655 622 689 659 ἀ
708 617 913 663 Hospitalis,
940 627 1001 662 per.
1019 616 1149 662 Regem
1163 639 1175 657 ‚
1193 615 1227 652 ἀ

272 679 462 723 optimates
482 673 593 718 Regni
619 673 821 710 Francorum
842 691 854 710 ‚
881 667 917 704 ὅ(
938 666 1073 705 tandem
1097 666 1133 702 in
1154 677 1228 712 pro·

271 731 343 776 pria
358 727 494 774 persona
516 721 685 760 acceffistis
703 721 746 756 ad
765 716 971 762 colloquium
990 716 1056 761 ejus
1081 741 1094 759 ,
1122 715 1157 752 &
1177 717 1224 751 su-

272 778 430 816 stinuistis
449 775 631 820 repulsam.
666 771 820 818 Ceterum
833 769 912 812 quia
942 768 1096 812 Episcopi
1129 765 1224 801 vestri

271 828 440 870 scribunt,
465 825 499 863 δι
521 821 725 861 confidenter
750 818 918 864 predicant
939 829 1017 854 eum
1038 818 1085 852 ad
1111 827 1225 851 omnem

267 879 420 926 justitiam
443 878 479 913 i&
497 875 632 913 debltam
652 868 895 919 satisfacqlonem
917 869 969 915 ff
989 877 1159 912 paratum,
1190 868 1224 900 (ν

272 937 366 966 etiam
382 925 531 973 satisdare
557 925 704 960 volentem
717 945 728 962 ‚
747 919 778 962 fi
796 924 875 954 ratio
896 924 1027 962 exegerit
1044 941 1057 961 ,
1077 916 1170 959 ,mihi
1190 916 1225 951 δι

271 978 465 1024 quibusdam
488 977 562 1012 aliis
582 973 694 1009 amicis
715 970 828 1008 vestris
858 967 984 1005 videtur
1016 967 1188 1004 confilium
1214 989 1226 1008 ,

272 1040 311 1065 ut
326 1029 471 1066 evocetis
495 1026 674 1069 Episcopus
700 1047 711 1064 ,
738 1019 774 1056 δι
808 1019 1010 1066 nominatim
1030 1018 1108 1055 illos
1132 1040 1144 1059 ,
1167 1016 1225 1063 qui

271 1079 390 1116 litteris
412 1078 479 1114 baec
512 1074 771 1121 significaverunt
804 1093 817 1112 ‚
841 1069 877 1106 &1
915 1067 1186 1106 saresberiensem
1213 1090 1227 1109 ‚

269 1128 327 1174 qui
344 1128 385 1164 de
405 1126 524 1172 injusta
538 1121 751 1168 'suspensione
770 1120 985 1167 conqueritur
997 1143 1012 1161 ‚
1046 1119 1083 1155 ἀ
1106 1117 1225 1163 Vigor-

272 1180 410 1216 nensem
432 1175 490 1224 qui
509 1174 556 1210 est
580 1172 780 1218 principium
817 1168 1038 1217 generationis
1059 1167 1171 1211 vestrae
1190 1168 1226 1202 in

269 1228 448 1268 Domino,
474 1225 698 1272 &fiquisunt
708 1222 788 1264 alii,
813 1231 956 1267 quorum
983 1219 1100 1256 utilem
1118 1216 1227 1253 creda·

269 1281 313 1315 tis
323 1279 386 1314 effe
398 1275 620 1322 praesentiam,
647 1271 932 1316 &experiamini,
968 1280 1012 1304 an
1035 1269 1100 1305 fida
1123 1268 1160 1301 fit
1182 1277 1226 1303 te·

268 1328 445 1371 stificatio,
472 1322 680 1371 pradicatio,
705 1322 741 1357 ἀ
763 1320 917 1364 scriptura
935 1330 1071 1355 eorum.
1102 1317 1223 1353 Vocati

270 1389 385 1417 autem
398 1376 433 1413 in
458 1376 580 1411 virtute
600 1371 798 1411 obedientia
814 1370 947 1409 fortasse
967 1378 1039 1404 non
1056 1366 1189 1403 venient
1214 1390 1226 1410 ,

270 1427 351 1466 licet
369 1424 632 1464 inobedientiam
655 1421 747 1458 nulla
777 1420 924 1465 unquam
955 1428 1084 1456 tueatur
1117 1415 1227 1462 appel-

270 1479 357 1516 latio
380 1499 393 1518 ,
427 1474 481 1512 sed
503 1474 599 1511 causa
615 1472 717 1506 vestra
736 1469 895 1514 liquidior
920 1468 984 1503 erit
1004 1492 1017 1510 ,
1051 1467 1074 1502 si
1107 1467 1227 1504 falsitas

270 1530 305 1566 δι
326 1524 454 1563 malitia
474 1533 591 1560 eorum
612 1521 709 1559 fuerit
722 1519 887 1555 revelata,
923 1515 1010 1554 -Non
1037 1526 1148 1552 tamen
1180 1526 1231 1551 ar-

216 1598 226 1610 f
272 1579 379 1614 bitror
404 1582 520 1610 omnes
552 1571 736 1615 Episcopos
755 1592 769 1610 ,
801 1568 885 1603 ficut
911 1578 974 1602 nee
1006 1567 1158 1611 personas
1188 1566 1229 1600 in¹

271 1624 495 1668 Dioecefibus,
520 1631 601 1667 quas
621 1619 724 1658 fallax
745 1617 871 1654 claudit
901 1615 1076 1662 inscriptio
1097 1639 1110 1658 ‚
1146 1613 1227 1650 huic

271 1678 408 1716 malitiae
430 1672 637 1712 consentire,
661 1669 738 1705 cum
759 1678 886 1704 certum
908 1667 950 1703 sit
970 1676 1027 1701 aut
1043 1666 1158 1702 saltem
1183 1665 1229 1700 vi·

272 1730 390 1766 deatur
409 1725 472 1761 effe
501 1718 670 1766 probabile
713 1740 727 1759 ,
761 1718 798 1752 in
820 1726 914 1752 tanta
945 1713 1087 1752 Ecclesia
1111 1715 1228 1752 decem

271 1779 310 1815 δι
338 1777 415 1812 οᾶο
447 1771 709 1816 Episcopatuum
739 1765 848 1801 adhuc
885 1765 1030 1801 inveniri
1068 1765 1119 1798 vel
1152 1764 1228 1799 illos

271 1829 409 1868 decem,
433 1831 575 1868 quorum
594 1815 876 1863 contemplatione
906 1815 999 1850 Deus
1024 1813 1156 1850 interim
1176 1814 1228 1847 In-

271 1878 349 1917 sulae
378 1873 484 1922 parcit
518 1893 533 1911 ,
565 1879 609 1904 ne
636 1878 714 1904 cum
749 1864 913 1902 sororibus
942 1863 1006 1901 suis
1035 1889 1047 1906 ‚
1090 1874 1226 1910 quarum

272 1928 422 1966 imitatur
442 1916 608 1958 luxuriam
625 1918 660 1953 δι
680 1916 885 1960 impietatem
897 1939 910 1957 ,
935 1913 1086 1950 funditus
1121 1913 1226 1950 delea-

273 1988 346 2014 tur.
376 1970 474 2012 Licet
493 1969 584 2007 enim
602 1966 706 2013 aliqui
728 1965 801 2011 plus
821 1963 907 2010 justo
928 1973 1082 2005 taceant,
1107 1964 1230 2008 &qua-

271 2035 419 2073 cumque
439 2018 704 2058 consideratione
724 2015 925 2052 diffimulent
946 2037 974 2057 ,,
995 2013 1096 2050 credo
1116 2024 1230 2050 tamen

270 2078 402 2124 aliquos
429 2073 466 2110 in
499 2068 659 2116 Episopis-
686 2066 721 2102 δι
752 2065 874 2101 multas
907 2065 1058 2109 personas
1092 2062 1135 2099 de
1164 2062 1231 2108 pie-

270 2138 340 2166 tate
360 2124 436 2162 fidei
460 2121 495 2158 &
515 2116 717 2157 conscientia
756 2116 922 2154 bonorum
956 2124 1097 2159 operum
1130 2114 1233 2158 spera·

274 2190 332 2220 xe,
358 2177 391 2212 δι
411 2173 593 2218 αἰρεὸἰιιιο
614 2169 773 2214 Regnum
793 2166 880 2202 Dei.
898 2205 901 2207 ,
920 2164 1011 2201 Nam
1051 2165 1085 2201 δι
1110 2162 1231 2209 Joseph

276 2226 386 2265 fidelis
420 2225 573 2260 inventus
603 2220 650 2255 est
680 2219 716 2254 in
742 2217 848 2254 domo
877 2212 1063 2251 Pharaonis
1087 2238 1099 2255 ,
1136 2211 1229 2248 Loth

275 2277 377 2328 justus
407 2273 523 2310 mansit
545 2272 581 2307 in
611 2265 768 2306 Sodomis
796 2291 810 2308 ,
846 2264 972 2300 Chusai
1017 2264 1053 2298 in
1084 2263 1229 2297 consiliis

275 2325 426 2366 Absalon
449 2322 573 2359 utiliter
595 2319 735 2354 versatus
766 2316 813 2350 est
834 2338 848 2356 ,
886 2312 1010 2350 Daniel
1038 2313 1232 2347 innocenter

276 2377 405 2426 praefuit
415 2376 450 2410 in
463 2370 658 2414 Babylone,
683 2365 810 2402 Abdias
822 2365 858 2399 in
868 2363 1041 2401 consortio
1062 2362 1182 2398 Achab
1196 2363 1231 2397 ὃ(
1295 2379 1299 2382 ·

278 2426 405 2477 Jezabel
442 2448 455 2467 ‚
478 2419 681 2458 dissimulans
715 2427 791 2452 cum
814 2414 930 2451 dolore
965 2437 977 2455 ‚
1001 2411 1091 2457 quod
1121 2423 1230 2448 emen-

277 2481 355 2515 dare
382 2484 452 2511 non
479 2479 607 2515 poterat
642 2490 655 2508 ,
692 2465 875 2510 Prophetas
908 2463 1052 2501 Domini
1084 2463 1117 2498 in
1141 2462 1232 2498 atriis

280 2529 448 2565 latitantes
477 2519 646 2559 salubriter
673 2515 853 2556 exhibens,
883 2514 1093 2550 elementiam
1126 2513 1192 2547 Dei
1218 2536 1230 2554 ‚

279 2581 315 2614 &
333 2576 471 2624 gratiam
490 2567 676 2615 Prophetiae
700 2565 857 2611 patientia
887 2564 991 2610 longa
1020 2563 1198 2609 promeruit
1221 2586 1228 2595 .

277 2627 392 2664 Unde
415 2621 632 2659 commodum
653 2616 791 2654 arbitror
827 2639 841 2658 ,
864 2615 946 2651 utfi
967 2613 1068 2650 chaos
1104 2637 1116 2655 ‚
1141 2612 1233 2659 quod

284 2679 372 2714 inter
392 2684 452 2709 nos
475 2673 509 2707 &
528 2668 673 2704 Patriam
694 2666 837 2702 nostram
856 2665 1023 2701 firmatum
1054 2663 1102 2699 est
1121 2686 1133 2704 ‚
1166 2674 1235 2708 per-

284 2726 410 2763 miserit
432 2747 444 2764 ,
480 2720 567 2755 hanc
598 2717 782 2760 Epistulam
811 2716 957 2751 nostram
998 2715 1040 2750 ad
1089 2714 1235 2760 singulos

287 2777 471 2822 Episcopos
489 2771 522 2805 &
546 2765 738 2802 celebriores
759 2765 916 2800 Ecclefias
928 2763 1150 2800 transmittatis
1164 2788 1175 2805 ,
1200 2775 1235 2798 ut

286 2824 492 2864 imitantium
512 2817 645 2853 firmetis
663 2815 781 2855 fidem,
810 2815 845 2850 &
873 2816 1025 2851 omnium
1055 2814 1237 2860 provocetis

290 2878 460 2913 affestum.
489 2868 621 2906 Crebris
641 2866 741 2901 etiam
770 2865 1064 2910 scriptitationibus
1094 2865 1238 2910 singulos

291 2927 475 2971 Episcopus
508 2920 544 2956 in
573 2916 688 2962 spiritu
730 2915 991 2953 mansuetudinis
1027 2916 1060 2950 &
1096 2916 1239 2951 lenitatis

292 2974 498 3024 sollicitetis,
534 2979 571 3003 ut
603 2966 736 3002 redeant
767 2965 807 3000 ad
843 2976 899 2999 cor
918 2991 929 3007 ,
957 2967 998 3000 κά
1030 2967 1240 3001 meminerint

294 3021 504 3063 conditionis
533 3020 595 3054 suae
630 3042 638 3051 .
673 3018 718 3052 Et
747 3015 783 3050 in
814 3015 969 3050 omnibus
1003 3015 1203 3059 praevideatis
1230 3037 1240 3054 ,

295 3089 338 3112 ne
367 3073 447 3121 quid
475 3069 614 3105 vestram
646 3065 838 3112 arrogantiae
870 3076 928 3100 aut
959 3065 1241 3102 immoderationis

295 3124 472 3173 praetendat
493 3120 671 3165 imaginem
685 3142 692 3150 .
730 3115 787 3150 Ad
807 3115 873 3150 haec
893 3140 906 3157 ,
943 3116 1052 3158 accepi
1075 3117 1116 3151 ab
1154 3116 1206 3151 his
1231 3139 1242 3155 ‚

295 3179 354 3221 qui
386 3170 660 3211 Herefordensem
693 3167 894 3211 Episcopum
934 3165 1124 3200 familiarius
1154 3167 1243 3199 noffe

294 3228 413 3263 dicunt
446 3249 458 3267 ,
483 3219 574 3267 quod
595 3217 675 3252 dum
695 3218 869 3251 versaretur
892 3215 927 3250 iu
947 3214 1075 3249 Scholis
1095 3238 1106 3255 ‚
1139 3214 1242 3249 laudis

298 3288 413 3314 avarus
442 3281 510 3309 erat
544 3295 557 3310 ‚
582 3270 616 3304 &
647 3277 757 3302 tantus
789 3276 916 3302 amator
947 3265 1061 3310 gloriae
1096 3289 1108 3306 ‚
1146 3275 1245 3307 quan·

301 3337 353 3361 tus
373 3323 516 3370 pecuniae
537 3318 708 3355 videbatur
729 3326 940 3361 contemptor
970 3315 1032 3349 ess'e
1064 3334 1073 3347 ι
1109 3314 1245 3349 Putatnr

297 3377 432 3419 itaque,
455 3371 546 3416 quod
564 3370 657 3405 nibil·
684 3367 778 3401 illum
805 3366 910 3411 magis
942 3377 1072 3400 movere
1107 3366 1210 3408 postet
1231 3390 1240 3406 ‚

907 126 1536 182 “‘E'PISTOLAE

1286 229 1367 261 quos
1401 219 1436 255 in
1459 218 1572 253 Gallia
1596 216 1768 252 familiares
1802 214 1955 255 habuerat
1989 243 2000 260 ,
2041 214 2231 258 socordiam

1286 269 1355 315 ejus
1388 294 1399 310 ‚
1434 269 1491 315 qui
1520 267 1703 312 sperabatur
1735 266 1957 312 redempturus
1982 269 2078 306 lsrael
2105 298 2115 314 ,
2158 272 2222 306 suis

1287 320 1401 355 litteris
1422 320 1603 355 excitarent
1617 343 1628 359 ,
1653 319 1688 353 δι
1709 318 1892 353 animarent
1909 331 1918 351 z
1947 326 1985 352 ut
2010 330 2096 357 nunc
2116 322 2225 357 osten-

1287 369 1342 405 dat
1363 371 1585 415 Episcopum,
1608 380 1709 414 quern
1730 368 1766 402 in
1787 367 1918 403 Scholis
1949 366 2124 414 depingere
2143 383 2224 407 con-

1288 420 1391 457 suevit
1412 444 1423 461 ,
1458 421 1493 455 ὃ(
1512 421 1531 455 a
1565 421 1597 455 se
1623 419 1805 464 propellens
1836 417 1917 453 vitia
1938 442 1949 459 ,
1981 429 2052 463 quat
2083 419 2120 454 in
2153 423 2227 458 aliis

1287 471 1466 517 arguebat,
1490 471 1635 506 amissam
1656 469 1796 504 redimat
1824 469 1948 504 famam
1976 493 1984 501 .
2020 466 2111 503 {dem
2128 471 2228 507 etiam

1287 520 1329 555 de
1347 521 1547 567 Vigornenfi
1564 520 1768 556 consulitur.
1798 518 1875 565 Ego
1895 529 2006 553 tamen
2027 529 2089 554 nee
2115 519 2157 554 de
2181 520 2228 564 ip-

1287 570 1323 604 fis
1344 569 1426 607 bene
1446 572 1555 616 spero,
1581 582 1642 606 nec
1676 570 1717 604 de
1748 569 1844 615 Rege
1878 570 2079 605 Francorum
2102 593 2113 610 ,
2137 567 2228 614 quod

1287 621 1365 657 sicut
1384 632 1497 658 caetera
1516 623 1552 657 in
1575 632 1653 660 aure
1672 620 1798 656 distum
1816 620 1854 655 fit
1872 641 1884 660 ,
1909 630 1987 655 cum
2008 619 2051 655 ad
2076 620 2235 664 supremas-

1289 672 1481 707 neceffitatis
1500 672 1675 708 articulum
1697 679 1830 706 ventum
1851 671 1972 711 fuerit,
1999 669 2157 715 praesumo
2179 670 2239 704 sti-0

1290 733 1344 765 pra
1358 721 1516 758 modum.-
1543 734 1603 757 nec
1625 723 1667 756 de
1686 721 1830 756 Ecclesia
1842 720 1997 756 Romana
2013 744 2025 761 ‚
2049 720 2141 764 cujus
2161 730 2230 754 mo·

1288 783 1337 806 tes
1356 773 1391 807 δε
1410 772 1610 808 neceffitates
1622 771 1718 807 nobis
1728 771 1968 813 innotuerunt,
1994 771 2137 806 multum
2149 780 2231 804 con-

1287 822 1372 857 fido.
1401 823 1532 867 Utique
1551 823 1720 858 Dominus
1741 821 1830 866 Papa
1854 822 1901 856 vir
1921 822 2045 857 sanstus
2066 822 2101 856 δι
2124 820 2228 864 justus

1286 872 1356 914 est,
1381 873 1416 908 δι
1439 872 1628 909 Dominum
1660 871 1846 913 Abbatem,
1881 880 1919 906 ut
1947 873 1965 907 a
1997 871 2155 915 plerisque
2184 870 2234 907 di-

1286 924 1392 963 citur,
1418 923 1619 959 imitatorem
1649 921 1772 958 habet.
1807 922 1871 958 Sed
1894 922 1964 966 ejus
1994 923 2070 956 sunt
2102 930 2153 956 tot
2176 931 2235 955 ne-

1287 972 1464 1015 cessitates,
1488 974 1522 1008 &
1545 984 1638 1008 tanta
1659 971 1801 1007 aviditas
1821 973 1856 1006 δι
1889 971 2082 1016 improbitas
2108 971 2233 1005 Roma-

1289 1033 1431 1065 norum,
1455 1033 1492 1058 ut
1530 1023 1698 1060 interdum
1725 1030 1836 1055 utatur
1861 1019 1994 1056 licentia
2025 1020 2191 1065 potestatis
2216 1043 2233 1061 ,

1293 1083 1507 1119 procuretque
1517 1084 1560 1107 ex
1571 1070 1829 1116 dispensatione,
1857 1069 1949 1113 quod
1968 1070 2031 1105 Rei
2036 1071 2172 1115 publica:
2180 1070 2229 1105 di·

1288 1124 1372 1158 citur
1395 1121 1544 1168 expedire
1564 1146 1576 1163 ‚
1591 1122 1647 1157 etsi
1669 1131 1740 1156 non
1758 1117 1908 1165 expediat
1930 1119 2104 1165 Religioni
2123 1144 2132 1153 .
2159 1119 2230 1154 Ti·-

1288 1185 1365 1208 meo
1392 1172 1471 1218 ergo
1490 1183 1532 1207 ne
1561 1170 1791 1217 appellationis
1822 1169 1912 1206 diem
1944 1178 2096 1214 oporteat
2123 1169 2235 1212 exspe-

1288 1224 1388 1265 stari,
1412 1224 1447 1258 δι
1472 1223 1549 1257 cum
1569 1223 1613 1257 eo
1634 1231 1767 1256 ventum
1792 1221 1913 1261 fuerit,
1937 1231 1979 1255 ne
2003 1220 2062 1263 qui
2084 1218 2236 1264 diligunt

1290 1284 1448 1314 munera,
1486 1275 1660 1316 sequantur
1693 1269 1923 1305 retributiones
1945 1295 1952 1303 .
1991 1269 2115 1304 Vereor
2143 1268 2235 1303 enim

1288 1323 1450 1370 angustias
1480 1323 1636 1366 temporis
1659 1345 1670 1360 ,
1707 1321 1741 1354 δι
1764 1320 2024 1354 circumstantias
2056 1319 2179 1353 nostras
2199 1319 2236 1353 &

1288 1373 1447 1410 aliorum.
1475 1372 1628 1411 Nostris,
1655 1369 1760 1404 immo
1780 1367 1903 1405 Christi
1924 1369 1960 1404 ὃς
1991 1369 2141 1404 Ecclefiae
2178 1367 2239 1403 ad-

1289 1423 1433 1459 versariis
1454 1422 1623 1458 decretum
1642 1420 1687 1454 est
1700 1444 1712 1460 ‚
1737 1430 1774 1454 ut
1797 1431 1859 1454 nos
1880 1420 2049 1456 vulnerent
2082 1420 2118 1455 δι
2149 1429 2237 1453 con·-

1290 1473 1420 1508 fodiant
1439 1472 1551 1516 spoliis
1573 1470 1712 1510 nostris,
1739 1469 1859 1513 quibus
1880 1470 1904 1504 fi
1937 1470 2073 1505 interim
2103 1469 2236 1503 vexatio

1289 1523 1365 1559 data
1388 1521 1485 1558 fuerit
1507 1522 1548 1557 ad
1561 1521 1782 1561 intelleetum,
1813 1519 1944 1555 fortasse
1960 1521 2130 1564 proniores
2140 1525 2239 1553 erunt

1289 1583 1381 1607 metu
1411 1572 1561 1611 laborum
1584 1572 1619 1607 δι
1646 1572 1837 1614 sumptuum
1869 1594 1883 1613 ,
1917 1570 1960 1605 ad
1991 1579 2107 1615 pacem
2136 1569 2240 1603 refbr-

1290 1620 1444 1658 mandam
1475 1620 1533 1657 fibi
1558 1621 1593 1655 δι
1621 1619 1718 1654 nobis
1747 1643 1757 1651 .
1793 1620 1885 1654 Nam
1915 1619 1982 1654 hoc
2013 1620 2119 1663 ipsum
2144 1617 2240 1652 mali-

1289 1673 1370 1708 tiam
1404 1681 1520 1706 eorum
1549 1670 1583 1704 &
1621 1667 1792 1703 audaciam
1833 1668 1936 1703 nutrit
1973 1691 1986 1709 ,
2019 1667 2111 1713 quod
2139 1667 2239 1703 nobis

1290 1723 1366 1757 solis
1387 1719 1616 1757 laborantibus
1638 1742 1650 1760 ,
1675 1718 1727 1753 illi
1763 1719 1800 1754 in
1825 1718 1996 1762 opulentia
2027 1719 2063 1753 ἀ
2091 1716 2243 1761 νοῑιιριιι

1288 1772 1377 1806 tibus
1400 1771 1467 1805 suis
1496 1770 1652 1804 haetenus
1677 1767 1873 1811 quieverunt
1897 1793 1905 1801 .
1938 1769 1982 1801 Et
2012 1768 2091 1811 quia
2125 1765 2242 1802 huma-

1290 1832 1372 1856 num
1391 1819 1489 1853 nobis
1509 1817 1597 1852 deest
1619 1815 1781 1850 auxilium
1802 1841 1814 1858 ,
1839 1825 1910 1851 tota
1935 1818 2056 1852 mentis
2078 1817 2242 1851 intentio-v

1289 1883 1331 1905 ne
1352 1868 1585 1914 confugiamus
1609 1866 1650 1901 ad
1674 1867 1808 1908 Deum,
1834 1866 2238 1909 utapraesentibus&im-

1290 1919 1493 1955 minentibus
1514 1917 1610 1952 malis
1631 1915 1784 1959 expediat
1804 1940 1818 1958 ‚
1847 1917 1882 1951 ἀ
1903 1917 1995 1951 scuto
2017 1914 2239 1952 miserationis

1291 1972 1353 2007 suae
1374 1968 1555 2006 circumdet
1578 1977 1640 2003 nos
1660 1965 1775 2001 veritas
1793 1965 1863 2011 ejus
1881 1992 1890 2001 .

1461 2065 1869 2102 EPISTOLA
1931 2066 2068 2103 CLxu.

1295 2165 1506 2213 Herefordenst‘
1533 2165 1676 2212 Episcopo
1702 2170 1817 2200 Ermus
1851 2166 1952 2202 Abbas
1966 2192 1980 2211 ,
2015 2168 2063 2203 θ.
2082 2168 2122 2200 B.
2149 2168 2242 2202 Prior
2282 2178 2286 2183 “

1362 2239 1364 2242 .
1628 2218 1732 2251 Sanbli
1758 2216 1901 2254 Victoris.
1965 2232 1968 2235 ·

1409 2318 1592 2354 AGNAM
1618 2316 1659 2352 de
1668 2317 1881 2361 promotione
1891 2317 1994 2354 vestra
2005 2317 2159 2362 concepit
2168 2316 2244 2353 ‘Ec-

1432 2369 1522 2403 clefia
1535 2366 1643 2402 nostra
1655 2366 1802 2401 laetitiam
1814 2390 1826 2407 ,
1850 2368 1884 2402 δε
1896 2368 1950 2410 spe
1959 2378 2030 2402 non
2041 2367 2175 2403 modica
2190 2366 2243 2410 his

1293 2419 1471 2454 laratisunt
1482 2417 1646 2452 auditores
1670 2415 1786 2455 vestri,
1812 2426 1884 2450 tum
1908 2417 2045 2451 universi
2069 2417 2244 2452 Schoines

1293 2468 1428 2505 animati
1450 2466 1490 2502 ad
1512 2476 1660 2502 amorem
1689 2465 1869 2500 litterarum
1889 2488 1902 2506 ‚
1936 2465 1972 2501 δι
1993 2465 2122 2501 cultum
2141 2466 2242 2501 virtu·

1294 2529 1387 2560 tum,
1413 2518 1508 2552 vestri
1532 2515 1651 2551 laboris
1672 2516 1706 2550 ὃς
1727 2515 1885 2550 succeffus
1902 2514 2076 2560 exemplo.
2103 2515 2178 2551 Nos
2188 2526 2245 2551 au·

1295 2580 1364 2605 tem
1387 2567 1511 2603 idcirco
1532 2567 1631 2613 gavisi
1649 2566 1763 2599 sumus
1790 2576 1853 2609 prae
1873 2564 2011 2600 exteris.
2039 2563 2244 2600 Amabamus

1295 2621 1327 2655 δι
1343 2619 1518 2654 Ecclesiam
1532 2616 1721 2661 Anglorum
1733 2639 1745 2655 ,
1770 2624 1868 2660 quam
1880 2624 1989 2658 praeter
2005 2613 2202 2650 charitatem
2228 2637 2242 2656 ,

1296 2680 1393 2715 quam
1414 2669 1572 2704 habemus
1597 2666 1637 2701 ad
1659 2676 1775 2700 omnes
1798 2665 1957 2700 Ecclefias
1979 2687 1992 2705 ‚
2016 2662 2157 2708 quadam
2174 2665 2245 2708 spes

1296 2720 1371 2756 ciali
1385 2719 1552 2753 affectione
1565 2727 1679 2751 natura
1693 2715 1846 2750 suadente
1868 2714 2040 2760 diligimus
2052 2739 2064 2757 ,
2082 2711 2244 2750 &⁴vesttz

1297 2769 1544 2807 confidebamus
1566 2766 1761 2801 conditione
1781 2764 1936 2808 proficere
1959 2787 1971 2805 ,
2006 2764 2040 2799 δι
2062 2764 2244 2811 Religione

1299 2820 1470 2866 provocari
1493 2817 1534 2853 ad
1556 2817 1688 2852 Divinae
1709 2816 1808 2860 Legis
1817 2814 1967 2856 cultum,
1999 2814 2034 2848 &
2054 2825 2168 2850 contra
2187 2812 2245 2856 ad·

1300 2872 1386 2906 versa
1404 2869 1552 2905 roborari
1574 2866 1685 2901 vestrae
1707 2864 1946 2909 praedicationis
1966 2864 2095 2905 officio,
2128 2866 2162 2900 δε
2183 2864 2246 2898 vir-
2297 2872 2301 2879 '

1300 2920 1380 2956 tutis
1389 2920 1558 2963 exemplo.
1579 2917 1680 2951 Nunc
1691 2925 1801 2949 autem
1816 2915 1908 2958 supra
1922 2913 2056 2950 modum
2068 2915 2219 2951 dolemus
2231 2933 2245 2957 5

1302 2967 1391 3016 quod
1407 2980 1514 3013 neque
1526 2965 1680 3002 desideria
1692 2963 1798 2998 nostra
1808 2964 1848 2998 de
1858 2963 1955 2998 vobis
1971 2965 2105 3010 impleta
2128 2966 2205 2999 sunt
2230 2983 2246 3007 2

1303 3033 1363 3056 nee
1383 3030 1489 3063 preces
1512 3018 1636 3052 nostras
1647 3026 1704 3058 pro
1720 3013 1812 3048 vobis
1832 3014 2002 3049 Dominus
2035 3014 2208 3051 exaudivit
2232 3036 2243 3048 .

1305 3073 1348 3107 Et
1365 3069 1493 3105 utinam
1510 3068 1611 3102 effent
1631 3076 1723 3099 aures
1744 3063 1851 3099 vestrae
1868 3064 1911 3099 ad
1946 3075 2004 3101 ora
2033 3064 2260 3105 scholarium,-

1304 3123 1336 3157 &
1359 3119 1604 3164 Religiosorum
1634 3113 1769 3159 suspiria
1787 3114 1968 3155 audiretis,
2003 3123 2040 3150 ιιι
2071 3116 2120 3150 fic·
2143 3113 2247 3160 erige-

1306 3181 1392 3206 retur
1409 3169 1538 3213 spiritus
1559 3165 1681 3205 vester,
1717 3164 1774 3208 qui
1806 3164 1996 3200 divitiarum
2028 3164 2172 3210 pondere
2195 3161 2245 3197 di·

1307 3223 1391 3256 citur
1401 3218 1564 3263 opprimi,
1588 3215 1623 3250 &
1647 3226 1760 3250 amore
1782 3213 2029 3260 Episcopandi,
2062 3214 2096 3248 δε
2115 3213 2250 3250 delicia-

1308 3282 1377 3306 rum
1396 3268 1564 3305 affluentia
1583 3266 1740 3301 infirmari
1754 3291 1762 3299 .
1790 3266 1882 3301 Nam
1895 3290 1907 3308 ,
1932 3275 1968 3298 ut
1980 3263 2133 3307 ajuntilli
2147 3288 2158 3304 ,
2170 3274 2250 3299 con-

1310 3323 1517 3355 firmaverunt
1529 3327 1588 3351 vos
1600 3315 1724 3351 divitiae
1733 3341 1744 3358 ,
1771 3316 1897 3360 quasin
1908 3313 2020 3350 schola
2033 3315 2067 3349 ὅ(
2086 3312 2247 3358 frequenti

1311 3371 1480 3406 verborum
1491 3367 1692 3405 commercio
1712 3365 1925 3401 consuevistis
1946 3364 2124 3411 canigenas
2141 3361 2248 3408 appel·

304 3426 402 3468 quim
425 3425 446 3456 fi
464 3434 537 3457 eum
562 3417 707 3466 magistri
735 3417 919 3453 stholamm
952 3417 986 3451 &
1011 3415 1069 3450 Vffi
1100 3414 1247 3459 Religio·
1279 3436 1284 3442 ·
1313 3423 1399 3458 lare.-
1418 3418 1608 3464 Speciosum
1620 3426 1700 3452 tunc
1714 3414 1943 3461 depingebatis
1962 3414 2160 3459 Episcopum
2184 3422 2253 3445 ver-

302 3476 326 3512 s¹
351 3499 365 3519 υ
389 3472 501 3519 ΗῑΡΟῑὲ
533 3470 626 3507 Ρῐῑθῐ
662 3468 762 3505 fausti
800 3466 944 3503 Vist01l⁵
962 3485 990 3509 ²>
1024 3466 1060 3502 ὅ(
1096 3465 1214 3501 ssmiles
1239 3489 1250 3508 2
1314 3472 1380 3514 bo,
1406 3477 1505 3514 quem
1515 3479 1560 3505 ex
1571 3469 1778 3505 veronostro
1798 3465 1947 3503 doctrina
1965 3475 2054 3502 nunc
2066 3461 2258 3508 exprimere·

2140 3511 2216 3547 retis
