2358 3776
375 242 437 385 Ι
597 142 905 385 N
1031 182 1211 386 D
1405 240 1513 383 E
1736 248 1875 391 x

264 445 785 561 RERUM
862 446 1019 518 ET
1101 446 2022 526 VERBORUM.²

2090 550 2099 569 l.

491 583 603 628 Prior
635 579 842 644 Numerus
869 580 1085 644 paginam,
1121 574 1221 624 alter
1272 575 1483 625 columnam
1512 574 1704 643 defignat.

563 730 566 732 .
602 697 639 735 A

239 794 357 833 BBAs
382 799 414 834 S.
433 796 611 843 Augustini
627 796 659 831 in
692 795 816 843 Anglia
841 796 1093 832 Clarembaldus

258 848 422 883 recusabat
433 848 659 893 profeffionem
673 850 775 883 sacere
799 848 840 882 D.
864 850 998 882 Thomae
1032 849 1093 891 pri-

196 898 278 931 mati
302 898 457 942 Angliae:
485 898 685 943 nolebatque
699 897 739 933 de
751 899 819 942 ejus
843 911 939 932 manu
960 899 1091 932 benedi·

193 947 338 980 &ionem
354 948 546 990 pastoralem
562 950 721 991 recipere.
753 949 829 986 106.
848 961 874 985 ι.
896 950 1091 992 Appellabat

188 994 231 1029 ad
243 995 363 1039 Papam
378 995 547 1043 ibidmdgat
560 999 673 1033 D.Th.
693 1011 728 1034 ut
740 1000 990 1042 appellationem
1006 1025 1014 1038 ,
1044 1011 1090 1033 re·

190 1046 404 1080 moveatibid.
419 1047 554 1091 Jubetur
567 1049 681 1084 Abbas
701 1050 926 1093 professionem
944 1051 1030 1082 illam
1045 1050 1089 1083 fa-

191 1106 263 1129 cere
278 1108 285 1128 z
313 1096 400 1131 salvo
417 1106 523 1131 tamen
536 1099 602 1141 jure
618 1101 650 1134 ὅ(
665 1100 832 1144 privilegiu
847 1125 856 1139 ‚
885 1102 917 1133 ὃ(
938 1100 1003 1131 line
1018 1111 1086 1142 prae·

190 1142 313 1186 judicio
326 1146 463 1192 alicujus
476 1149 549 1184 faffl
559 1174 571 1191 ‚
603 1151 627 1185 fi
651 1150 759 1195 postea
770 1150 847 1184 velit
859 1149 949 1184 litem
959 1161 1088 1192 promo·

198 1205 288 1229 vere.
974 1196 1040 1235 108-
1059 1210 1086 1234 1.

151 1239 275 1279 ¹Ablata
288 1245 345 1280 nifi
362 1247 572 1283 restituantur
584 1260 687 1290 ,ennon
701 1249 911 1294 dimittuntur
924 1258 1053 1291 peccata
1076 1272 1085 1280 .

192 1303 275 1342 270-
293 1307 322 1331 1·
335 1297 418 1341 346·
447 1310 476 1334 1.
499 1309 576 1345 349.
604 1311 633 1334 2.
657 1302 690 1332 Si
706 1298 1050 1340 nempereddipoffint
1077 1321 1084 1328 .

187 1354 270 1390 205.
298 1356 326 1380 1·
348 1347 501 1388 alioquin
514 1370 524 1385 ,
552 1347 574 1377 fi
588 1345 688 1388 ¹reddi
714 1348 948 1390 promittantur
969 1370 980 1386 ‚
1006 1357 1084 1379 cum

186 1392 329 1434 poffint,
356 1405 416 1428 nec
431 1396 631 1433 reddantur,
664 1408 731 1429 non
758 1397 868 1438 agitur
892 1397 1084 1438 poenitentia

188 1441 243 1475 sed
259 1443 415 1484 fingitur.
442 1444 517 1476 ibid.
531 1444 571 1477 Et
588 1442 663 1484 182.
681 1457 706 1480 1.
729 1445 903 1488 similisque
927 1445 1084 1487 poeniten-

127 1498 129 1500 ·
188 1490 235 1524 tia
251 1491 294 1524 est
310 1492 395 1525 mere
410 1492 610 1537 phantastica
624 1520 633 1535 ‚
663 1507 729 1528 non
746 1506 813 1537 quae
829 1495 975 1536 proficiat
988 1495 1028 1527 ad
1042 1495 1085 1529 sa-

193 1539 293 1574 lutem
307 1565 317 1581 ,
339 1542 391 1575 sed
404 1554 475 1586 quae
488 1546 675 1578 accumulet
691 1546 937 1579 damnationem
950 1570 957 1576 .
972 1556 1040 1592 277
1056 1557 1084 1582 2·

138 1586 270 1624 Absens
282 1593 411 1626 notorie
428 1605 566 1636 peccans
590 1595 735 1629 damnari
759 1596 861 1638 potest
881 1594 1047 1628 inauditus
1076 1620 1082 1627 .

189 1651 265 1687 137.
284 1653 311 1677 1.
326 1642 490 1686 Exemplo
503 1644 596 1678 Pauli
627 1646 807 1690 Apostoli,
834 1646 891 1689 qui
914 1647 1084 1680 damnavit

185 1690 334 1724 similiter
346 1692 574 1729 incaestuosum
590 1690 596 1700 ⁵
1012 1694 1083 1727 ibid·

137 1736 324 1775 Absolvens
336 1741 354 1775 a
368 1746 508 1787 peccatis
523 1747 646 1788 semper
657 1745 752 1779 debet
765 1756 893 1779 memor
903 1746 965 1778 effe
979 1745 1083 1784 illius,

187 1791 243 1832 qui
255 1801 353 1824 ovem
366 1796 572 1827 centesimam
585 1818 596 1833 ,
620 1795 739 1828 tenetis
754 1796 936 1838 nonaginta
949 1804 1083 1832 novem,

186 1839 220 1872 in
234 1838 359 1873 deserto
371 1864 381 1880 ,
408 1844 545 1886 propriis
560 1841 703 1876 humeris
717 1843 894 1886 reportavit
909 1867 916 1874 .
948 1853 1024 1889 174·
1052 1854 1082 1879 2-

127 1885 316 1923 ‘Absolurio
330 1890 511 1939 aliquando
522 1892 643 1926 datura
659 1893 868 1935 promiffione
879 1894 911 1926 ὰ
923 1892 1083 1935 juramen-

187 1949 223 1972 to
237 1939 364 1981 injustis
378 1966 385 1974 .
412 1942 543 1975 Taliter
555 1941 694 1976 absolvit
711 1944 752 1976 D.
765 1941 919 1976 Thomas
932 1943 988 1985 qui
1001 1942 1082 1984 inju-

185 1987 232 2022 ste
256 1991 289 2023 ὅ(
310 1989 425 2025 illicite
447 1992 665 2036 promiserant
683 1993 805 2026 servare
828 1992 1083 2027 consuetudines

185 2037 336 2083 Angliae.
956 2051 1034 2088 150.
1050 2053 1079 2078 2.

139 2085 273 2123 Abusus
297 2087 353 2132 qui
367 2088 486 2123 fiebant
498 2091 530 2125 in
544 2089 762 2135 Angliainter
777 2091 996 2135 Episcopos&
1010 2091 1080 2125 Cle·

185 2149 288 2177 tumr,
312 2138 517 2181 objiciuntur
530 2141 546 2173 ὲ
562 2141 729 2176 Mathilde
743 2143 948 2185 Imperatrice
959 2152 1016 2185 pro
1029 2141 1082 2175 de·

183 2188 334 2222 fensione
348 2189 391 2222 sui
407 2189 466 2223 filii
481 2191 620 2226 Henrici
647 2193 776 2226 secundi
802 2192 904 2237 Regis
926 2191 1082 2236 Angliae:

142 2247 144 2249 ·
181 2248 222 2272 ac
234 2238 254 2270 fi
270 2237 321 2271 hic
335 2238 519 2274 vendicaret
533 2241 585 2274 fibi
598 2241 720 2284 judicia
747 2242 953 2277 Clericorum
966 2267 977 2283 ‚
1004 2251 1034 2275 ta
1042 2252 1081 2273 n-

124 2295 128 2303 “
183 2297 256 2321 tum
274 2289 349 2323 ideo
362 2313 373 2330 ,
400 2290 476 2332 quia
494 2291 646 2335 Episcopi
658 2291 936 2334 deessentjustitiae
949 2316 956 2323 .
973 2301 1033 2338 93.
1048 2303 1079 2328 2·

134 2335 301 2423 Accgptio
320 2337 528 2383 personarum
553 2353 622 2376 non
646 2341 804 2387 reperitur
824 2342 910 2386 apud
935 2342 1047 2375 Deum
1071 2365 1078 2373 .

187 2399 208 2424 2
240 2398 313 2435 3-r.

132 2435 291 2473 Accusati
309 2437 395 2479 apud
409 2438 590 2483 Episcopos
601 2440 718 2474 Clerici
732 2438 866 2486 Angliae
878 2440 911 2475 δε
923 2439 1079 2479 convicti,

180 2497 251 2520 non
263 2486 483 2530 puniebantur
494 2490 551 2524 nili
567 2491 683 2525 mulsta
696 2492 881 2534 pecuniaria
899 2500 951 2535 92·
965 2500 995 2525 2.
1010 2500 1079 2522 ava-

179 2535 262 2570 ritiae
288 2536 530 2579 Episcoporum
552 2541 587 2574 id
610 2540 797 2575 adscribens
819 2541 892 2575 Rex
908 2563 919 2580 ,
948 2540 1077 2580 usurpat

181 2585 388 2620 clericorum
404 2585 526 2628 judicia
538 2611 546 2619 .
998 2588 1070 2621 ibid.

131 2633 334 2670 Adhortatio
345 2635 493 2678 praeclara
508 2635 548 2670 ad
563 2637 603 2670 D.
621 2636 794 2671 Thomam
806 2661 816 2678 ‚
844 2647 880 2672 ut
896 2637 1023 2671 fortiter
1035 2649 1078 2672 re·

181 2685 265 2719 fistat
278 2696 338 2729 pro
361 2685 635 2729 bonoEcclefiae‚
661 2686 807 2730 mysticis
829 2697 944 2721 ornata
970 2698 1077 2721 exem-

125 2738 134 2744 ‘
183 2734 266 2777 plis.
517 2765 527 2769 -
880 2737 936 2784 69.
950 2748 979 2773 2.
989 2734 1077 2780 seqq.

132 2782 281 2820 Affectus
293 2783 382 2829 operi
407 2785 551 2830 imponit
566 2798 705 2822 nomen.
737 2787 774 2821 Id
787 2787 831 2821 est
845 2811 854 2827 ,
882 2787 985 2830 majus
1006 2799 1077 2830 pec-

182 2844 291 2869 catum
305 2836 426 2869 dicitur
440 2838 529 2870 illius
542 2862 551 2877 ‚
578 2839 685 2879 quiex
699 2838 873 2871 deliberata
888 2848 998 2880 peccat
1025 2849 1079 2871 vo·

183 2884 310 2918 luntate
323 2910 334 2925 ‚
347 2897 444 2928 quam
459 2885 515 2931 'qui
532 2888 560 2920 vi
579 2888 628 2921 vel
643 2898 752 2922 metu.
776 2899 815 2934 15
826 2899 851 2923 1.
868 2899 898 2924 2.
913 2887 1078 2921 Affestum

182 2935 276 2969 Deus
290 2945 413 2977 reputat
426 2947 483 2978 pro
495 2938 617 2971 effetstu.
953 2936 1028 2973 116.
1053 2949 1078 2973 1-

143 2978 346 3019 Albanenss(
356 2986 457 3028 Episc.
472 2987 554 3029 gerit
568 2987 650 3020 vices
665 2987 846 3022 Alexandri
860 2987 970 3022 Tertii
983 2988 1016 3021 in
1031 2998 1077 3020 ur-

187 3034 228 3068 be
243 3059 255 3074 ,
280 3045 424 3078 ternpore
437 3036 631 3071 schismatis.
954 3047 1032 3075 220.
1047 3049 1075 3074 2⁴

133 3080 293 3118 *lienam
309 3095 374 3117 non
390 3085 468 3119 licet
481 3086 566 3119 bona
591 3086 755 3121 Ecclesiae.
783 3084 855 3123 128.
882 3096 909 3124 1.
935 3088 1077 3121 Crucem

186 3136 264 3178 quia
275 3135 468 3169 alienaverat
482 3134 708 3171 Vintoniensis
735 3135 912 3180 Episcopus
924 3161 933 3177 ,
962 3139 1009 3171 vir
1035 3149 1074 3172 tav

133 3194 137 3197 ·
186 3194 264 3218 men
277 3185 425 3228 alioquin
437 3184 538 3227 justus
554 3211 563 3226 ,
588 3187 720 3222 mandat
739 3188 781 3221 D.
795 3187 948 3222 Thomas
975 3198 1075 3223 utan-

185 3243 221 3267 te
246 3235 459 3280 quadraginta
484 3236 551 3270 dies
582 3237 810 3272 alienationem
832 3248 962 3273 revocet
984 3263 994 3280 ,
1023 3246 1078 3272 aut

188 3295 375 3328 compareat
396 3286 604 3330 personaliter
614 3312 626 3329 ,
651 3287 862 3324 satisfacturus
877 3290 968 3332 super
981 3289 1068 3321 illius

187 3336 302 3369 causa.
947 3338 1022 3371 ibid.
1040 3350 1071 3375 2-

138 3381 260 3419 Aliena
275 3386 308 3418 in
322 3386 414 3420 causa
430 3385 505 3430 saepe
518 3386 664 3422 videmus
677 3389 793 3435 melius
804 3416 813 3431 ,
841 3401 938 3431 quam
955 3390 987 3422 in
1009 3398 1080 3431 pro-

189 3437 256 3480 pria
273 3444 350 3482 257.
371 3445 396 3470 ι.
410 3436 536 3475 Alieno
547 3438 661 3476 scelere
674 3442 774 3486 perire
784 3442 881 3480 satius
900 3441 943 3478 est
956 3465 966 3480 ‚
979 3449 1078 3480 quam

191 3496 281 3523 metu
294 3487 423 3532 proprio
439 3511 449 3537 ⁸.
958 3490 1032 3538 158.
1050 3499 1079 3526 1·

1159 696 1371 742 Alienigenas
1383 697 1539 733 scholares
1560 695 1662 743 abigit
1683 696 1818 732 Francia
1832 722 1839 730 .
1868 696 1949 736 208.
1970 700 2004 737 π.

1162 747 1330 790 Ambienft’s
1342 759 1505 792 coeperant
1519 748 1687 783 observare
1697 750 1949 784 consuetudines
1964 749 2097 796 Anglig:

1207 798 1387 841 Episcopus
1401 810 1516 834 eorum
1532 797 1709 834 monetur&
1723 799 1849 842 Joanne
1856 799 2095 837 Saresberienfi.

1209 858 1287 896 230.
1301 858 1330 882 2.
1360 847 1470 905 &seqlb

1156 897 1309 932 Ambitio
1323 898 1643 943 materimpudentiae
1656 923 1667 940 ,
1693 908 1760 934 tam
1771 910 1856 934 coeca
1870 900 1916 934 est
1930 923 1941 940 ‚
1966 910 2003 935 ut
2026 901 2097 945 pari

1204 949 1234 982 se
1247 950 1427 984 temeritate
1439 949 1597 985 audendis
1610 950 1824 996 immergat&
1843 962 1911 984 non
1923 951 2095 991 audendis.

1206 1011 1283 1045 251·
1300 1010 1330 1036 2·

1153 1049 1280 1083 Amicis
1291 1061 1384 1092 opem
1399 1049 1462 1084 fere
1475 1048 1615 1085 charitas
1627 1049 1708 1086 solet
1722 1061 1795 1084 vera
1808 1075 1817 1092 ‚
1842 1050 1964 1085 etiamst
1978 1061 2036 1085 nec
2047 1061 2100 1086 ro-

1202 1109 1294 1144 gata.
1324 1110 1404 1146 224.
1419 1113 1447 1137 2.
1466 1101 1602 1135 Amicus
1616 1102 1788 1145 apparetin
1803 1101 1959 1144 prosperis
1972 1125 1982 1141 ‚
2009 1100 2042 1134 δε
2061 1101 2098 1134 in

1203 1149 1336 1183 adwfis
1351 1151 1431 1184 solet
1447 1152 1622 1186 nonlatere
1637 1151 1808 1185 inimicus.
1839 1148 1914 1188 228-
1932 1163 1959 1188 2.
1985 1150 2098 1184 Amici

1200 1210 1314 1233 omnes
1329 1212 1394 1233 non
1423 1202 1493 1235 sunt
1519 1203 1659 1245 personae
1684 1201 1802 1241 amici,
1830 1202 1884 1235 sed
1908 1201 2101 1245 plerumque

1198 1250 1381 1283 fortunae&
1395 1254 1549 1292 temporis
1569 1276 1575 1284 .
1609 1263 1684 1298 113.
1705 1263 1733 1288 ι.
1762 1250 1874 1284 Amici
1891 1251 2099 1295 cognoscun-

1201 1300 1298 1332 turin
1314 1298 1527 1330 tribulatione
1556 1309 1570 1331 1
1586 1311 1637 1343 13.
1651 1312 1678 1334 1.
1693 1312 1721 1334 2-
1733 1301 1788 1340 qui
1803 1310 1882 1332 tunc
1892 1300 2034 1333 amicum
2045 1297 2100 1331 de-

1199 1347 1273 1379 serit
1289 1371 1299 1386 ‚
1325 1348 1534 1380 convincitur
1551 1358 1617 1379 non
1640 1346 1766 1380 amicus
1790 1346 1882 1380 fuifle
1902 1348 2012 1388 illius,
2040 1347 2098 1382 sed

1198 1396 1267 1438 ejus
1281 1397 1395 1428 sortis.
1421 1406 1497 1439 224-
1517 1406 1545 1430 1.
1559 1396 1610 1428 Sic
1625 1397 1680 1438 qui
1695 1396 1791 1429 amici
1803 1396 1930 1430 fuerant
1946 1397 1988 1429 D.
2001 1396 2099 1431 Tho-

1198 1456 1258 1477 mae
1275 1444 1307 1476 in
1324 1446 1477 1487 prosperis
1490 1468 1500 1483 ‚
1525 1446 1628 1477 virum
1643 1446 1793 1477 deserunt
1809 1444 1840 1477 in
1856 1444 1994 1479 adversis
2006 1455 2053 1493 70
2064 1457 2098 1482 2.

1198 1493 1302 1528 Tales
1327 1494 1447 1528 scilicet
1467 1494 1565 1527 amici
1592 1505 1759 1527 mutantur
1782 1494 1958 1529 secundum
1992 1496 2098 1530 fortu-

1198 1555 1276 1578 nam
1295 1568 1302 1576 .
1329 1553 1404 1591 144.
1421 1542 1522 1587 2.seq.
1553 1545 1689 1577 Amicos
1701 1545 1833 1576 miseros
1860 1556 1924 1577 non
1951 1545 2093 1579 solemus

1197 1594 1338 1639 eligere,
1368 1595 1420 1627 sed
1436 1594 1566 1627 beatos.
1599 1604 1674 1640 144.
1690 1592 1787 1636 χρη.
1820 1593 1944 1627 Verum
1957 1607 1997 1628 ex
2021 1606 2094 1638 pru-

1198 1645 1310 1679 dentia
1325 1645 1410 1687 turpi
1426 1645 1457 1677 id
1471 1645 1651 1678 facimus&
1675 1643 1874 1678 detestabili.
1902 1645 1976 1677 ibid.
2003 1645 2094 1678 Ami-

1198 1696 1227 1728 ci
1243 1694 1400 1728 tamenin
1423 1693 1639 1727 tribulatione
1662 1693 1755 1735 pofiti
1776 1695 1943 1727 consortio
1968 1696 1998 1728 se
2022 1695 2094 1729 sub-

1200 1741 1342 1777 strahere
1353 1743 1392 1776 ad
1405 1743 1566 1777 cautelam
1579 1767 1589 1783 ,
1617 1753 1684 1775 non
1699 1741 1742 1775 est
1756 1741 1842 1775 illius
1858 1743 1956 1776 fidem
1970 1745 2001 1776 ἃ
2014 1742 2089 1778 cha-

1199 1793 1327 1832 ritatem
1339 1792 1479 1826 deserere
1495 1803 1509 1828 1
1520 1802 1571 1839 13.
1583 1804 1613 1828 2-
1644 1792 1732 1826 Nam
1745 1793 1887 1825 amicum
1902 1795 2021 1835 praestar
2037 1793 2092 1827 ha-

1199 1842 1274 1877 bere
1298 1867 1308 1884 ,
1335 1842 1390 1885 qui
1414 1842 1497 1875 inter
1527 1842 1681 1875 inimicos
1704 1852 1777 1885 agat
1800 1844 1926 1875 causam
1950 1843 2053 1878 exulis
2079 1868 2093 1884 ‚

1199 1903 1298 1935 quam
1310 1893 1366 1935 qui
1379 1892 1415 1924 fit
1425 1903 1534 1925 comes
1546 1892 1637 1925 exilii
1652 1905 1663 1924 .·
1680 1891 1756 1927 106.
1776 1890 1868 1934 1.seq.
1895 1893 2092 1927 Amicorum

1197 1953 1348 1975 verorum
1360 1943 1471 1976 omnia
1487 1943 1560 1975 sunt
1572 1943 1763 1976 communia
1778 1966 1788 1981 ,
1816 1943 1963 1984 prospera
1986 1943 2018 1977 ὅ(
2038 1943 2093 1977 ad-

1197 1992 1286 2025 versa
1306 2017 1314 2024 .
1342 1992 1462 2028 2261.
1477 1991 1585 2026 Amici
1610 1992 1738 2026 verbera
1761 1991 1980 2026 tolerabiliora
2006 1993 2091 2032 sunt,

1196 2052 1295 2085 quam
1309 2042 1558 2076 inimicioscula
1573 2042 1777 2076 fraudulenta
1795 2041 1871 2088 136.
1897 2053 1910 2078 1
1952 2042 2093 2077 Amicos

1196 2091 1280 2134 apud
1292 2092 1364 2125 suos
1387 2091 1571 2126 mendicare
1594 2093 1638 2127 est
1664 2091 1792 2135 majoris
1827 2090 2052 2126 erubescentiae
2080 2116 2093 2133 ,

1196 2152 1294 2184 quarn
1317 2142 1403 2186 apud
1425 2152 1618 2176 extraneos.
1646 2142 1726 2180 226.
1751 2154 1779 2178 2.
1807 2142 1893 2175 Sicut
1913 2142 2091 2176 incivitate

1197 2193 1250 2226 sua
1270 2191 1384 2226 florere
1395 2193 1579 2237 gloriosum
1592 2194 1635 2227 est
1650 2217 1661 2232 ,
1689 2192 1912 2235 &jucundum
1934 2191 2090 2225 nobilita-

1197 2241 1223 2274 ri
1238 2242 1269 2273 in
1283 2242 1402 2283 patria:
1432 2242 1475 2276 ita
1496 2243 1580 2285 apud
1605 2244 1677 2276 suos
1701 2253 1796 2287 egere
1818 2243 1850 2275 δε
1866 2242 2015 2275 vilescere
2038 2241 2086 2274 est

1198 2299 1354 2333 perquam
1376 2289 1604 2324 calamitosum
1629 2316 1636 2323 .
1661 2292 1734 2324 ibid.
1762 2290 1900 2324 Amicos
1925 2289 2090 2326 interdum

1198 2349 1368 2382 procurare
1391 2339 1578 2373 muneribus
1600 2339 1778 2379 convenit,
1807 2337 1886 2373 dum
1912 2339 2022 2373 sumus
2047 2341 2084 2373 in

1196 2387 1345 2432 angustia
1363 2388 1455 2431 pofiti
1470 2414 1477 2421 .
1989 2389 2043 2435 76.
2058 2401 2090 2425 2..

1148 2437 1279 2482 Angliae
1291 2439 1416 2471 miseria
1429 2443 1557 2480 propter
1568 2435 1613 2468 D.
1626 2431 1796 2479 Thomam
1807 2457 1818 2474 ‚
1844 2446 1903 2479 pro
1915 2435 2037 2480 justitia
2053 2440 2089 2473 <Sc

1196 2489 1329 2522 veritate
1340 2488 1489 2521 exulem.
1959 2497 2037 2523 112·
2056 2498 2086 2523 1.

1146 2536 1391 2583 Affligebantur
1413 2546 1480 2569 non
1506 2533 1610 2568 solum
1634 2531 1746 2567 Amici
1771 2533 1837 2577 ejus
1859 2559 1870 2576 ,
1894 2535 1948 2569 sed
1972 2537 2006 2570 ὅ(
2025 2536 2087 2578 qui'

1193 2588 1284 2620 nulla
1295 2588 1323 2620 ei
1336 2595 1427 2619 erant
1440 2585 1685 2628 propinquitate
1699 2585 1867 2628 sanguinis
1880 2585 2046 2628 conjunsti
2076 2599 2086 2619 :

1194 2637 1252 2670 viri
1266 2638 1298 2670 &
1314 2635 1464 2669 mulieres
1480 2634 1649 2678 ,·juvenes
1659 2634 1863 2670 acinfantes.
1894 2645 1948 2683 90.
1966 2648 1997 2672 2-
2010 2637 2087 2671 Vide

1192 2686 1336 2720 Thomae
1349 2684 1458 2718 Amici
1476 2709 1482 2716 .

1145 2735 1366 2780 Anglicanam
1383 2734 1555 2768 Ecclesiam
1569 2733 1669 2779 perire
1680 2759 1691 2775 ,
1716 2734 1750 2769 &
1763 2733 1969 2770 Gallicanam
1986 2734 2018 2768 in
2034 2746 2086 2778 pe-

1194 2786 1299 2820 riculo
1322 2786 1408 2826 effe,
1437 2784 1492 2818 nisi
1512 2785 1585 2818 Rex
1613 2787 1766 2829 puniatur
1788 2807 1797 2823 ,
1826 2783 1909 2828 apud
1939 2785 2084 2818 Alexan-

1190 2836 1285 2870 drum
1296 2835 1417 2879 Papam
1429 2837 1638 2879 conqueritur
1650 2835 1847 2868 Wilbelmus
1869 2834 1915 2867 Ca
1927 2835 2085 2868 rnotenfis

1194 2886 1341 2920 Electus.
1369 2896 1447 2931 225.
1464 2884 1562 2928 1.seq.
1594 2886 1758 2929 Anglicana
1770 2887 1806 2919 de
1822 2883 1947 2926 Ecclefia
1977 2891 2085 2918 vatici-

1191 2941 1291 2968 m'um.
1320 2935 1481 2969 Meriinus
1505 2937 1645 2979 repletus
1662 2935 1781 2977 Spiritu
1806 2935 1835 2967 S.
1862 2934 1985 2967 dicitur
2007 2934 2084 2967 ante

1191 2985 1367 3020 adventum
1382 2985 1419 3018 B.
1433 2987 1609 3030 Augustini
1626 2985 1810 3028 Anglorum
1825 2984 1978 3025 Apostoli
1991 3007 2002 3022 ‚
2028 2994 2082 3016 va-

1191 3036 1346 3070 ticinatus
1359 3038 1420 3070 esle
1432 3060 1442 3077 ‚
1470 3035 1641 3070 delendam
1655 3036 1716 3067 esse
1729 3035 1761 3068 in
1779 3034 1901 3078 Anglia
1928 3032 2084 3067 Christia-

1193 3097 1266 3119 nam
1282 3086 1491 3130 Religionem
1502 3110 1511 3124 ,
1541 3086 1574 3119 &
1587 3084 1697 3117 denuo
1710 3083 1960 3118 reformandam.
1974 3090 2076 3128 2541.

1143 3135 1262 3170 Annus
1273 3137 1485 3175 remissionis,
1514 3135 1547 3169 id
1571 3134 1615 3168 est
1641 3146 1747 3169 annus
1771 3132 1880 3179 gratiae
1902 3132 2078 3167 Ecclesiam

1193 3186 1372 3220 revocantis
1386 3188 1416 3219 in
1431 3186 1609 3218 libertatem
1623 3209 1631 3217 .
1946 3192 2021 3227 155.
2038 3192 2069 3217 1.

1142 3239 1184 3269 B.
1207 3236 1360 3279 anselmus
1389 3233 1509 3269 Archi·
1529 3236 1709 3279 Episcopus
1731 3230 1996 3270 cantuariensis,
2025 3242 2080 3266 vas

1192 3285 1404 3320 Cathzlicum
1421 3310 1431 3326 ‚
1459 3283 1681 3319 haereticorum
1694 3285 1841 3323 baculus,
1867 3281 2078 3323 Malleusty-

1189 3347 1388 3375 rannorum,
1430 3336 1653 3380 scripturarum
1676 3335 1871 3371 armarium,
1899 3330 2076 3374 Evangelii

1190 3387 1291 3426 tuba,
1319 3386 1472 3420 columna
1491 3386 1637 3428 justitiae.
1670 3382 1698 3419 8.
1725 3394 1751 3418 1.
1774 3381 1922 3415 exulavit
1945 3391 2077 3423 propter

1190 3437 1324 3470 eandem
1337 3438 1462 3470 causam
1474 3446 1616 3478 propter.
1633 3444 1742 3480 3412.
1756 3443 1853 3477 quam
1868 3432 1911 3465 D.
1923 3429 2075 3464 Thomas

1191 3488 1390 3526 redeuntiab
1400 3487 1501 3526 exilio
1513 3485 1610 3532 primi
1632 3491 1843 3521 occurrerunt
1861 3478 2074 3565 Cantnasrienf

1992 3540 2026 3565 es
