2358 3776
328 159 440 205 ew

261 225 385 266 minati
407 224 535 260 itineris
556 222 662 259 limite
682 222 843 259 revocavit
862 247 875 266 ,
909 224 1148 266 utsproceffum
1171 221 1222 262 &0

900 147 908 178 ’-
962 131 1564 189 l'inIS'l‘O'LA‘Esr

1268 216 1348 256 sicut
1355 219 1472 258 habuit
1481 222 1653 267 antequam
1666 221 1771 258 exiret
1779 245 1792 263 ,
1816 221 1852 258 δε
1862 212 1994 267 ims'qui
2002 230 2077 263 eum
2091 237 2135 262 eo
2143 226 2198 263 vei

266 277 397 312 exitum
409 274 533 319 negotii
542 272 677 310 videatis
687 298 699 316 ‚
723 267 814 319 quod
824 275 854 308 ei
864 283 941 308 cum
954 272 1177 308 cantuariensi
1192 297 1202 314 ,
1216 275 1221 329 ἱ
1270 281 1397 316 propter
1406 283 1482 308 eum
1493 274 1604 318 egressi
1614 275 1688 308 sunt
1697 298 1708 314 ,
1734 272 1881 308 similiter
1902 274 1976 308 sua.
2002 273 2130 314 Placuit
2141 289 2196 313 au·

267 325 375 363 immo
383 334 496 360 contra
510 323 684 360 Ecclesiam
695 324 818 369 geritur
828 348 835 356 .
863 323 907 357 Et
916 322 1042 357 utinam
1052 323 1202 358 vestro&
1265 330 1338 356 tem
1345 321 1441 358 nobis
1452 322 1590 358 brevitas
1612 325 1645 357 δε
1656 324 1845 367 simplicitas
1866 322 1963 367 hujus
1985 322 2101 362 verbit,
2113 328 2195 372 quia

266 376 453 419 sapientum
473 373 609 410 consilio
624 375 826 417 adquiescat.
855 371 898 405 Et
917 371 1050 413 quidem
1075 374 1104 407 si>
1119 374 1201 407 Gra-

265 426 402 465 tianus„
427 434 464 459 ut
482 424 548 469 jam
569 425 689 459 dicitur
708 421 878 465 incepisse,
907 421 1041 456 viriliter
1058 425 1160 468 egerit
1186 446 1198 463 ,

260 474 400 512 tandem
408 475 593 519 adquiescet
603 475 682 507 sano
691 471 827 506 consilio
837 472 889 506 vel
910 471 1031 506 invitus
1039 496 1047 504 .
1075 474 1130 507 Est
1142 485 1197 508 au·

264 532 336 559 tem
352 525 421 568 spes
447 524 645 562 multorum,
670 520 760 567 quod
777 522 863 556 filius
880 521 1009 566 gratim
1034 523 1088 556 cui
1110 534 1151 557 ex
1164 534 1198 557 re

264 585 386 611 nomen
396 573 466 614 est,
490 573 629 607 &Beati
641 572 785 618 Eugenii
806 571 939 615 Nepos,
965 571 1044 606 recte
1067 572 1194 607 incedet

259 624 303 661 ad
324 623 493 658 veritatem
513 622 708 667 Evangelii,
746 623 779 657 δε
799 621 997 665 Apostolicae
1017 622 1194 663 Maiestatis

259 674 416 720 gloriam,
443 674 477 708 ec
498 673 646 708 Ecclefiae
668 672 846 708 laborantis
863 671 1064 706 honestatem
1088 673 1122 706 ὅ(
1143 684 1193 717 pa·

258 735 352 760 oem-
377 724 445 760 Scit
455 724 543 761 enim
555 723 797 762 indubitanter,
822 720 945 766 quodsi
958 720 1021 757 hac
1031 722 1083 757 via
1094 722 1194 757 inees—

257 775 355 816 ferit,
381 785 530 810 aeternam
551 774 692 819 gloriam
711 783 821 807 coram
845 770 922 806 Deo
945 773 979 807 ὅ(
1001 771 1193 807 hominibus

257 824 514 870 promerebitur.
543 825 586 858 Et
596 825 671 868 quia
681 823 808 857 invenit
819 832 940 865 paucos
955 846 966 863 ‚
992 822 1110 867 quibus
1121 823 1194 868 pos-

255 875 299 910 sit
308 875 514 911 confidenter
534 874 656 914 inniti,
685 884 742 907 vos
763 871 983 907 constantiam
993 873 1088 916 ejus,
1113 884 1193 917 quz-

253 926 316 967 so,
342 926 474 971 erigatis
496 926 529 959 ἀ
551 924 710 959 roboretis
730 923 765 956 in
791 922 962 957 Domino.
989 922 1065 960 Rex
1079 947 1091 964 ,
1117 925 1195 958 Deo

254 975 424 1019 propitio,
451 974 533 1010 bene
544 973 779 1013 solvendoest,
805 973 1192 1018 &constatimpoeniten-

255 1025 345 1062 tibus
355 1035 484 1068 peccata
497 1036 564 1059 non
578 1026 665 1068 posse
676 1022 818 1058 remitti.
845 1023 880 1059 Si
893 1023 969 1058 vero
988 1034 1038 1058 res
1050 1022 1156 1058 ablata
1183 1044 1195 1064 ,-

254 1074 332 1110 cum
347 1075 438 1109 reddi
454 1074 548 1117 poslit
560 1098 571 1115 ‚
597 1085 666 1108 non
687 1072 852 1115 redditur,
877 1084 948 1108 non
973 1074 1084 1119 agitur
1095 1074 1194 1118 poeni-

252 1125 357 1160 tentia
372 1149 383 1164 ,
413 1124 467 1158 sed
488 1124 645 1169 fingitur.
673 1122 766 1170 Qid
775 1123 1069 1159 excommunicatis
1086 1125 1195 1159 confe-

251 1184 299 1210 ret
311 1174 495 1215 absolutio,
521 1175 579 1208 nisi
590 1174 804 1210 satisfecerint
825 1174 868 1209 de
891 1174 1040 1217 injuriis,
1067 1174 1195 1217 &rapi-

251 1225 326 1264 nis,
350 1226 462 1260 &tam
481 1224 657 1262 manifesto
680 1223 913 1259 inobedientiae
935 1225 1100 1259 crimine?
1123 1224 1195 1258 Cri-

248 1275 342 1311 mina
366 1274 591 1318 publicatione
611 1275 659 1308 sui
683 1274 922 1308 evidentissima
951 1281 1058 1308 totam
1081 1274 1193 1308 Eccle-

248 1325 325 1359 siam
350 1325 440 1369 gravi
462 1323 617 1358 scandalo
639 1323 817 1357 affecerunt
830 1348 838 1356 .
864 1322 909 1356 Et
930 1323 1046 1365 quaein
1064 1322 1191 1357 lumine

246 1375 419 1410 commissa
440 1374 537 1414 sunt,
573 1384 643 1407 non
666 1371 786 1408 debent
810 1371 848 1406 in
867 1371 1012 1406 tenebris
1035 1372 1158 1411 aboleri
1184 1398 1192 1406 .

248 1423 435 1460 Praesertim
457 1423 534 1460 cum
555 1433 626 1457 uon
649 1422 686 1455 sit
708 1421 838 1465 aliquid
856 1421 1033 1456 occultum
1052 1447 1065 1463 ,
1098 1423 1191 1467 quod

248 1478 318 1509 n'on
331 1473 510 1512 reveletur,
534 1471 671 1514 &quod
682 1481 752 1505 non
765 1470 955 1513 praedicetur
977 1471 1013 1504 in
1036 1471 1194 1514 compitis

248 1523 387 1565 &supra
398 1521 480 1556 testa
493 1544 501 1554 .
528 1520 562 1554 Si
574 1520 643 1554 sine
663 1519 848 1562 juramento
867 1519 989 1553 fuerint
1012 1519 1156 1554 absoluti
1181 1545 1194 1563 ,

247 1583 364 1607 contra
382 1573 524 1607 formam
543 1569 713 1614 publicam
736 1569 771 1603 δε
791 1569 829 1603 in
850 1566 1017 1603 dafionem
1041 1569 1192 1605 Eeclefin

246 1621 389 1669 graviter
397 1622 603 1671 presumatur
614 1632 623 1653 z
649 1619 709 1654 nili
725 1617 947 1654 restitutionis
959 1618 1115 1654 faciendas
1127 1631 1193 1655 ver·

245 1673 327 1708 bum
338 1671 399 1707 rit&
409 1670 594 1716 praecesserit
606 1693 618 1710 ,
640 1667 846 1712 Principibus
858 1669 893 1703 δι
904 1669 1078 1712 Tyrannis
1089 1695 1107 1712 ,.
1123 1679 1192 1706 tm

247 1724 424 1758 coaetaneis
442 1721 545 1764 quam
566 1718 685 1753 statutis
709 1742 721 1758 ‚
748 1718 969 1761 perniciosum
991 1720 1192 1763 relinquetur

246 1771 456 1815 exemplum.
484 1768 614 1805 SiRex
638 1766 840 1808 obtinuerit,
868 1776 905 1803 ut
918 1767 1015 1811 panis
1036 1769 1192 1805 inseratur

246 1821 361 1867 Regni
374 1820 551 1864 dignitates
571 1818 676 1853 salvas
694 1817 782 1858 fore,
812 1817 1072 1853 consuetudines
1093 1819 1191 1853 evicit

245 1880 380 1908 mutato
390 1870 563 1904 dumtaxat
572 1888 574 1890 v
584 1869 722 1902 nomine
731 1891 743 1908 ,
769 1868 803 1902 δι
813 1878 947 1902 omnem
963 1867 1115 1903 Ecclesia,
1123 1870 1192 1903 Ro-

244 1918 595 1962 manaeautboritatcm
615 1917 800 1953 eliminavit
823 1917 866 1952 ab
890 1916 1037 1962 Anglia.
1066 1918 1129 1953 Sed
1139 1918 1194 1952 ab·

247 1972 311 2011 fit,
336 1968 509 2013 utaliquid
532 1967 668 2003 istorum
679 1967 755 2004 siat.
787 1967 832 2001 Et
856 1976 963 2002 certus
983 1968 1078 2007 sum,
1102 1966 1191 2009 qudd

245 2021 419 2060 Dominus
440 2017 686 2055 Cantuarienfis
705 2015 866 2062 praeelegit
888 2018 1066 2052 coexulare
1080 2024 1193 2060 perpe-

245 2070 308 2108 tuo
318 2095 330 2111 ‚
355 2072 452 2114 quam
464 2079 502 2104 ut
514 2079 771 2114 propterpacem
784 2067 852 2111 ejus
864 2066 998 2103 sedatur
1009 2066 1153 2102 Ecclesia
1179 2091 1192 2109 ,

245 2122 281 2157 δι
289 2120 381 2156 Sedis
393 2119 596 2164 Apostolicae
605 2118 813 2163 privilegium
823 2116 1030 2153 convellatur
1042 2141 1052 2153 .
1075 2117 1194 2152 Suade-

245 2181 281 2207 ιε
290 2172 371 2216 ergo
381 2171 537 2205 Domino
549 2169 713 2204 Gratiano
723 2193 736 2210 ,
761 2178 798 2203 ut
811 2167 846 2202 in
864 2166 1025 2206 omnibus*
1037 2191 1048 2207 ,
1076 2168 1110 2202 ἅ
1120 2178 1192 2212 prair

245 2221 344 2265 cipue
366 2221 403 2254 in
423 2219 475 2254 his
495 2218 639 2256 articulis
658 2228 773 2254 caveat
794 2217 854 2255 sibi
869 2242 882 2258 ,
910 2227 952 2252 ne
972 2228 1049 2252 cum
1065 2239 1077 2256 ‚
1094 2216 1190 2260 :quod

243 2272 353 2308 Deus
372 2280 494 2305 avertat
506 2295 517 2312 ,
551 2270 701 2311 decipiam
719 2272 814 2301 animi
831 2266 890 2309 sub
914 2266 1005 2307 vulpe
1022 2266 1153 2299 latentes
1181 2289 1189 2298 .

243 2320 321 2368 Jam
332 2319 423 2355 enim
431 2344 443 2361 ‚
470 2320 506 2353 ni
517 2319 615 2355 fallor
626 2340 639 2357 ‚
649 2324 799 2360 expertus
810 2316 873 2348 effe
888 2314 995 2357 potest
1005 2339 1016 2355 ,
1036 2314 1191 2358 quoniam

246 2368 344 2406 verba
355 2367 622 2414 praecipitationis
632 2365 744 2411 diligit
755 2364 870 2409 lingua
891 2363 1023 2399 dolosa.
1055 2366 1154 2399 Nulla
1179 2389 1190 2406 ,

246 2420 358 2464 inquit
377 2418 539 2462 Sapiens,
558 2418 688 2458 unquam
702 2417 854 2458 securim
877 2412 916 2454 est
939 2419 1045 2448 vicino
1052 2413 1192 2457 serpente

247 2471 375 2506 dormire
393 2494 400 2501 .
437 2468 482 2502 Et
503 2467 547 2504 in,
560 2464 631 2499 sede
650 2463 800 2499 Sathauae
820 2473 946 2498 certum
965 2464 1013 2511 est
1036 2463 1186 2500 habitare

248 2518 450 2557 struthiones
475 2517 510 2552 &
530 2514 721 2560 scorpiones
743 2524 820 2551 cum
841 2512 999 2559 his-,qui
1012 2524 1126 2552 tenent
1135 2513 1193 2551 do·

249 2571 388 2618 {trinam
400 2568 535 2607 Balaam
549 2590 558 2602 .
839 2625 841 2627 Ι

430 2669 462 2704 E
487 2669 515 2704 Ρ
542 2669 558 2702 1
584 2667 607 2703 S
631 2668 670 2701 T
694 2669 728 2702 Ο
752 2668 784 2703 L
809 2666 843 2703 A
930 2665 1020 2703 xm.

254 2773 406 2809 Romans
428 2751 664 2813 Rotbomagenfis
693 2765 956 2811 Archi-Epifiopus
968 2771 1042 2812 Regi
1062 2767 1192 2811 Angliae.

327 2869 515 2908 ORMAM
541 2867 737 2909 verborum,
762 2879 862 2913 quam
873 2866 1047 2913 reliquistis
1058 2867 1154 2902 nobis
1180 2892 1191 2908 ,

351 2919 514 2966 &Legatis
527 2918 733 2963 nequivimus
753 2917 922 2961 impetrare
944 2928 1072 2962 propter
1091 2918 1190 2953 deter-

256 2973 478 3010 minationeS‚
502 2980 571 3012 quae
581 2979 648 3003 tam
671 2967 690 3001 a
706 2967 823 3007 vvobis,
849 2969 947 3012 quam
970 2969 1010 3002 ab
1025 2969 1095 3012 ipsis
1114 2966 1191 3002 hinc

258 3023 337 3059 inde
357 3020 553 3064 multiplices
574 3020 608 3054 ἀ
630 3017 790 3062 ambiguae
809 3018 1014 3060 ponebantur
1026 3043 1033 3051 .
1060 3019 1127 3053 Eos
1138 3028 1191 3052 au-

259 3081 327 3108 tem
336 3070 469 3115 abrupte
479 3094 489 3110 ,
514 3070 548 3104 ἀ
559 3070 626 3102 sine
639 3069 691 3112 spe
703 3067 789 3111 pacis
801 3065 947 3101 recedere
961 3092 971 3107 ‚
997 3079 1057 3102 nec
1070 3068 1190 3103 honori

257 3123 365 3158 vestro
377 3132 437 3156 nec
448 3119 581 3154 utilitati
603 3128 784 3164 congruere
807 3116 976 3151 videbatur
989 3143 996 3149 .
1024 3117 1110 3151 curn
1125 3119 1191 3163 igi-

263 3183 317 3207 tur
327 3173 411 3207 inter
422 3177 484 3206 nos
494 3169 634 3213 plurima
646 3170 854 3202 tractarentur
863 3192 875 3209 ,
900 3167 1032 3201 verbum
1049 3167 1168 3203 incidit
1181 3192 1191 3206 ,

264 3224 302 3258 in
315 3234 382 3267 quo
392 3220 546 3266 dignitati
559 3218 835 3254 vestrae&h0n0ri
855 3217 959 3251 vestro
980 3228 1047 3251 non
1060 3216 1190 3262 deroga-

267 3281 320 3307 tur
339 3274 375 3309 in
394 3272 526 3315 aliquo,
553 3281 613 3304 nec
633 3267 857 3303 Cantuarienfi
870 3267 1022 3312 aliqua-in
1047 3267 1191 3300 futurum

271 3322 372 3366 litigii
395 3321 526 3356 materia
536 3328 758 3363 comparatur.
785 3317 840 3350 Est
861 3327 970 3352 autem
992 3316 1125 3350 verbum
1136 3316 1190 3349 hu-

269 3371 427 3415 jusmodi,
451 3382 488 3405 ut
508 3370 692 3405 concedatis
710 3377 767 3411 pro
789 3377 899 3400 amore
920 3367 987 3400 Dei
1006 3366 1189 3400 &Domini

269 3420 368 3463 Papae
379 3420 689 3464 Archi-Episcopum
701 3416 847 3452 redirein
870 3415 1029 3461 Angliam
1042 3440 1054 3456 ,
1078 3417 1111 3450 ὅ(
1134 3415 1191 3450 Ar-

273 3468 571 3516 chi—Episcopatum
593 3472 686 3511 suum
707 3469 753 3505 ita
762 3466 888 3514 integre
907 3466 1023 3505 habere
1032 3466 1158 3504 faciatis
1181 3492 1192 3510 ,

1267 371 1366 406 nullis
1374 373 1497 408 artibus
1509 383 1566 407 aut
1577 373 1813 417 suspicionibus
1824 370 1991 409 videbatur
2003 373 2197 410 involutum

1270 421 1374 458 Unde
1395 424 1490 459 vobis
1508 424 1710 459 consulimus
1724 424 1758 458 δε
1780 423 1949 458 laudamus
1961 448 1972 464 ,
1998 434 2036 458 ut
2060 422 2199 467 vestrum

1264 468 1305 506 ad
1317 469 1380 507 hoe
1391 472 1635 529 accommodare
1646 486 1715 510 non
1728 472 1889 510 dubitetis
1900 473 2060 511 assensum
2071 498 2082 507 .

1436 622 1847 676 ERISTOLA
1927 624 2022 662 xm

1262 720 1393 756 Thomas
1416 724 1639 768 cantuariensis
1665 724 1947 770 Archi-Episcopus
1984 729 2096 771 ΡΜ..
2110 750 2118 759 .
2143 711 2201 760 ...⁵

1569 777 1700 822 sagiensi
1721 775 1864 820 Episcopo
1877 802 1887 809 .
2199 785 2202 789 ”

1357 873 1556 918 RAT1AS‚
1584 888 1665 922 quas
1675 888 1734 922 pro
1743 886 1891 923 tempore
1903 876 1980 913 licet
1994 902 2007 919 ,
2032 875 2203 912 referimus

1380 925 1549 962 dilestioni
1570 928 1700 967 vestrm,
1724 939 1794 972 quae
1814 928 1916 963 nostri
1933 927 2018 973 gerit
2046 926 2207 962 sollicitu-

1257 971 1370 1008 dinem
1381 999 1393 1017 ,
1418 977 1453 1011 δι
1462 975 1702 1012 cantuariensis
1712 978 1862 1012 Ecclesias
1872 1002 1884 1019 ‚
1909 978 1927 1013 a
1941 976 2034 1020 eujus
2047 976 2202 1012 uberibus

1257 1024 1465 1066 coaluimus,
1487 1027 1669 1061 officiosam
1690 1024 1840 1071 rependit
1860 1025 2052 1063 charitatem
2084 1051 2092 1060 .
2116 1025 2209 1062 Uti-

1259 1084 1335 1108 nam
1348 1074 1404 1109 illa
1415 1075 1612 1119 quandoque
1624 1075 1718 1120 possit
1729 1100 1741 1116 ‚
1768 1076 1845 1110 Deo
1857 1075 2059 1120 propitiante
2069 1099 2083 1117 ,
2095 1076 2130 1111 δι
2143 1086 2206 1112 nos

1258 1125 1415 1168 perillam
1427 1150 1439 1167 ,
1467 1125 1605 1161 vestrum
1614 1124 1848 1160 candelabrum
1860 1134 2058 1170 promovere
2073 1148 2086 1165 ,
2109 1125 2144 1160 ἀ
2155 1125 2204 1159 vi·-

1257 1186 1328 1209 eem
1350 1175 1554 1221 condignam
1575 1174 1707 1210 reddere
1731 1174 1935 1211 miserationi
1955 1199 1967 1218 ‚
2004 1183 2104 1219 quam
2129 1183 2208 1208 cum

1257 1224 1366 1269 paucis
1377 1225 1485 1260 elefiis
1495 1236 1555 1269 pro
1564 1227 1719 1261 Domino
1730 1225 1827 1260 nobis
1846 1225 1882 1261 &
1906 1224 2026 1261 nostris
2038 1221 2206 1258 exhibetis

1257 1275 1384 1309 afflietis
1396 1299 1404 1306 .
1435 1275 1478 1308 Et
1489 1276 1625 1319 quidem
1634 1276 1674 1309 de
1685 1277 1788 1319 gratia
1801 1276 1866 1310 Dei
1877 1287 1958 1311 ‘non
1983 1274 2166 1310 diffidimus
2184 1292 2204 1314 =,

1257 1335 1327 1367 quae
1338 1325 1464 1368 semper
1487 1324 1754 1359 Cantuariensem
1778 1326 1922 1369 protexit
1936 1324 2144 1363 Ecclesiam,
2168 1322 2204 1358 dt

1255 1382 1323 1409 tam
1341 1374 1496 1409 Cultores
1505 1374 1601 1418 quam
1614 1375 1832 1418 persecutores
1842 1374 1909 1418 ejus
1922 1372 2097 1409 consuevit
2114 1372 2205 1427 xbea-

1256 1435 1293 1457 re
1302 1423 1354 1458 vel
1363 1424 1478 1467 punire
1488 1435 1547 1467 pro
1560 1426 1694 1458 merito.
1723 1423 1814 1458 Nam
1828 1424 1905 1458 licdt
1919 1422 2068 1459 christus
2081 1422 2149 1466 ejus
2165 1420 2206 1456 fit

1257 1472 1419 1518 benignus
1430 1474 1463 1509 &
1475 1473 1599 1517 patiens
1609 1492 1621 1513 ‚
1632 1482 1741 1506 tamen
1754 1472 1848 1507 fortis
1856 1473 1890 1507 de
1903 1473 2004 1515 justus
2014 1469 2205 1511 παὶ-Μ·-

1255 1519 1344 1556 ditor
1356 1524 1402 1557 est
1418 1546 1426 1555 .
1452 1522 1498 1557 Et
1516 1521 1593 1558 eum
1617 1519 1708 1556 vobis
1730 1520 1766 1555 in
1777 1521 1893 1556 multis
1915 1530 2085 1556 teneamur
2101 1518 2207 1555 obuo-

1255 1571 1304 1606 xii
1315 1595 1328 1613 ,
1353 1572 1390 1606 in
1402 1582 1444 1607 eo
1456 1570 1598 1607 mistim&
1610 1583 1670 1606 nos
1683 1571 1866 1606 emeruistis
1876 1595 1889 1612 ,
1909 1571 2003 1616 quod
2017 1570 2123 1605 vestro
2137 1569 2200 1612 ,ut

1256 1621 1420 1665 scripsistis
1429 1646 1441 1662 ,
1469 1622 1655 1656 interventu
1667 1621 1834 1656 Dominus
1843 1621 1917 1656 Rex
1931 1620 2200 1666 indignationem

1257 1672 1348 1706 suam
1360 1670 1456 1706 nobis
1467 1671 1586 1707 remisit
1597 1683 1639 1706 ex
1649 1671 1764 1706 animo
1774 1695 1782 1703 .
1808 1671 1863 1706 De
1874 1669 1944 1714 ejus
1959 1669 2139 1715 quoque&
2149 1669 2202 1702 fid

1255 1721 1430 1764 picurum,
1455 1721 1512 1765 qui
1521 1721 1606 1757 circa
1621 1732 1697 1756 eum
1713 1722 1809 1763 sunt,
1835 1718 2007 1766 prudentia
2030 1716 2203 1755 confiden-

1254 1779 1303 1804 tes
1323 1770 1549 1806 indubitanter
1574 1772 1736 1814 speramus
1752 1795 1765 1816 ,
1793 1769 1884 1814 quod
1907 1781 2025 1806 contra
2053 1768 2202 1804 Matrem

1256 1820 1347 1853 suam
1371 1819 1641 1854 Cantuarie'nsem
1661 1819 1864 1860 Ecclesiam,
1891 1830 1963 1864 qua:
1983 1819 2090 1862 ipsum
2101 1817 2206 1852 &am

1254 1871 1424 1904 tecessores
1445 1870 1519 1904 suos
1538 1867 1838 1913 promovit,'nihil
1866 1868 1967 1903 saciet
1989 1878 2106 1903 contra
2122 1867 2205 1902 salu.-

1255 1928 1322 1953 tem
1344 1920 1463 1954 anima
1486 1919 1574 1961 suas,
1597 1919 1632 1954 &
1651 1919 1687 1953 iu
1710 1918 1889 1963 perniciem
1914 1917 1997 1959 filii,
2021 1928 2120 1962 quem
2132 1917 2205 1951 Do·

1255 1969 1365 2002 minus
1376 1968 1419 2003 ab
1430 1968 1585 2003 omnibus
1595 1976 1723 2003 tueatur
1734 1968 1873 2003 adversis
1886 1993 1894 2000 .
1911 1967 2204 2013 Scripsistisautem

1256 2027 1382 2060 nuper,-
1406 2026 1444 2052 ut
1466 2015 1562 2052 vobis
1581 2016 1778 2054 &Domino
1792 2016 1929 2061 Cyrensi
1955 2041 1975 2059 ,
1992 2011 2204 2052 redeuntibus

1253 2066 1272 2100 a
1286 2066 1380 2111 Rege
1390 2067 1613 2107 Francorum,
1639 2066 1779 2103 Parifius
1800 2078 2044 2103 occurreremus
2059 2091 2068 2099 .
2097 2066 2141 2100 Et
2163 2066 2205 2100 li-

1255 2116 1307 2150 cet
1317 2117 1406 2151 diem
1419 2129 1486 2151 non
1501 2116 1722 2161 prefixeritis,
1750 2126 1787 2152 ut
1805 2117 1953 2161 oportuit
1966 2141 1979 2159 ‚
2006 2127 2069 2151 nos
2090 2126 2202 2151 tamen

1255 2167 1357 2210 parati
1368 2178 1496 2202 eramus
1508 2167 1568 2201 iter
1588 2166 1750 2210 arripere,
1775 2167 1910 2212 quando
1933 2178 1994 2201 vos
2015 2166 2203 2207 audivimus

1254 2217 1289 2250 in
1313 2215 1557 2251 Norma'nniam
1581 2216 1706 2252 rediisse
1716 2242 1724 2250 .
1749 2216 1959 2252 substitimus
1981 2215 2202 2262 erg'ostupen-

1253 2274 1301 2299 tes
1311 2290 1323 2306 ,
1348 2267 1439 2310 quod
1449 2266 1535 2301 nihil
1551 2266 1649 2302 nobis
1660 2267 1840 2312 significare
1849 2266 1981 2301 curastis
1995 2290 2008 2308 ,
2036 2265 2089 2300 vel
2100 2264 2142 2299 de
2150 2275 2200 2300 re·

1252 2314 1325 2349 ditu
1338 2317 1462 2357 vestro,
1484 2317 1535 2351 vel
1548 2317 1589 2351 de
1598 2317 1841 2368 itineregiostro
1852 2342 1859 2350 .
1874 2352 1875 2355 ,
1891 2316 1993 2351 Nune
2002 2315 2202 2351 autem-scri·

1253 2364 1330 2399 bitis
1353 2364 1518 2407 similiter,
1546 2375 1583 2400 ut
1604 2366 1698 2401 vobis
1717 2366 1929 2402 redeuntibus
1955 2376 2165 2401 occurramus
2191 2390 2205 2408 ,

1255 2425 1317 2464 nec
1328 2414 1417 2450 diem
1427 2414 1602 2460 designatis
1612 2439 1624 2456 ‚
1651 2415 1740 2458 quasi
1753 2425 1809 2450 aut
1820 2424 1881 2449 nos
1904 2415 1939 2449 δε
1966 2416 2105 2449 vestrum
2118 2414 2204 2450 redi-

1255 2474 1326 2499 tum
1350 2464 1505 2509 possimus
1527 2463 1695 2505 divinare,
1720 2474 1777 2498 aut
1796 2462 1999 2498 abundemus
2022 2464 2169 2506 expensis
2188 2487 2201 2504 ,

1255 2524 1292 2549 ut
1303 2515 1370 2549 fine
1382 2525 1481 2550 onere
1492 2512 1689 2550 Amicorum
1703 2532 1714 2554 ,-
1740 2514 1796 2558 qui
1809 2512 1907 2547 nobis
1918 2514 1953 2547 δε
1978 2513 2097 2547 nostris
2119 2512 2200 2556 saepe

1253 2565 1531 2606 neceffariisunt,
1556 2565 1679 2599 morari
1702 2565 1734 2597 &
1755 2563 1934 2607 exspestare
1946 2573 2007 2597 vos
2033 2562 2198 2598 valeamus

1257 2615 1292 2650 in
1302 2614 1457 2650 domibus
1466 2615 1583 2649 alienis
1595 2638 1603 2646 .
1629 2613 1710 2648 Inde
1721 2613 1767 2647 est
1779 2637 1791 2653 ‚
1815 2610 1905 2657 quod
1921 2612 2016 2648 vobis
2028 2620 2200 2653 occurrere

1259 2675 1327 2700 non
1338 2665 1505 2710 possumus
1516 2665 1552 2698 in
1564 2664 1726 2698 incertum
1737 2688 1748 2703 ,
1777 2660 1854 2697 licet
1865 2663 1958 2706 proni
1975 2662 2072 2696 fimus
2082 2685 2095 2702 ‚
2117 2662 2198 2697 cum

1258 2716 1378 2750 fructus
1394 2714 1518 2748 itineris
1529 2713 1628 2748 nostri
1642 2713 1823 2757 apparuerit
1832 2736 1845 2753 ,
1871 2711 1912 2746 ad
1926 2711 2113 2746 Dominum
2126 2711 2196 2747 Re·

1257 2776 1332 2810 gem
1351 2764 1522 2804 accedere,
1547 2764 1580 2798 &
1601 2764 1715 2806 ipsius,
1741 2763 1777 2796 in
1799 2760 2053 2806 quibuscumque
2077 2762 2196 2796 secun-

1256 2814 1336 2850 dum
1347 2814 1458 2849 Deum
1469 2815 1503 2849 &
1513 2813 1660 2848 Ecclefiae
1683 2811 1887 2847 honestatem
1907 2812 2086 2855 poterimus
2096 2835 2108 2852 ,
2134 2811 2197 2848 ob-

1257 2866 1347 2909 sequi
1369 2864 1547 2899 voluntati.
1581 2861 1700 2897 Valeat
1723 2862 1863 2904 semper,
1885 2861 1919 2896 &
1942 2860 2193 2906 prospere-turin

1257 2915 1410 2951 Domino
1420 2913 1518 2950 chara
1530 2911 1624 2948 nobis
1636 2911 1736 2947 vestra
1747 2912 1775 2945 F
1776 2911 1946 2946 raternitas
1959 2936 1967 2945 .

1443 3002 1850 3049 ,EPISTULA
1908 3011 1993 3046 xv.
2025 3063 2028 3065 -

1359 3114 1487 3149 Thomas
1521 3110 1743 3153 cantuarienfis
1782 3087 2090 3155 Archi-Episcopus?-

1540 3159 1683 3202 Meldenli
1703 3159 1851 3205 Epist-opo
1868 3186 1877 3194 .

1369 3315 1518 3352 ERITO
1540 3312 1678 3349 dixerim
1701 3324 1776 3348 cum
1802 3310 1976 3356 propheta:
2005 3315 2059 3345 Vae
2080 3309 2155 3344 mibi
2175 3323 2188 3350 5

1391 3371 1460 3408 qula
1484 3368 1578 3398 tacui.
1605 3363 1695 3411 Qia
1716 3364 1748 3397 ei
1771 3362 1913 3397 vulneris
1937 3362 2001 3395 mei
2021 3360 2187 3395 &doloris

1255 3429 1322 3453 nou
1333 3415 1472 3451 revelavi
1482 3413 1664 3449 molestiam
1676 3437 1688 3454 ,
1706 3415 1762 3457 qui
1777 3424 1837 3457 prae
1846 3413 1966 3447 caeteris
1977 3410 2059 3445 mihi
2069 3410 2103 3442 ἀ
2114 3418 2189 3441 coc·

1251 3466 1383 3505 ,ausibus
1397 3465 1496 3508 meis,
1522 3463 1647 3502 Christi
1660 3464 1867 3511 proscriptis,
1893 3462 1930 3497 in
1954 3458 2182 3543 Regngrggn-

2025 3519 2043 3544 c
