2358 3776
256 121 310 168 ⁴S,
381 93 779 164 THOMAE
846 107 1979 181 CANTUARIENSIS.-31143

101 208 187 248 scii,
209 204 443 248 exspectantes,
471 201 523 236 sed
546 211 615 234 non
638 198 852 234 desiderantes
871 194 908 231 in
942 195 1049 239 proxi-

105 270 185 299 mo,
219 263 256 289 ut
284 255 374 298 virga
393 251 600 295 corripientis
621 258 842 293 retorqueatur
857 246 894 283 in
909 254 1049 281 tortores

102 307 139 345 dc
159 304 354 343 adversarios
381 302 508 341 nostros
522 326 529 334 .
550 300 728 335 Mallemus
748 299 840 333 enim
852 293 940 340 quod
962 295 1047 329 redi-

103 366 173 393 rent
186 364 222 388 ut
235 353 315 394 filii,
326 353 422 397 quam
436 362 471 386 ut
482 377 494 392 ,
520 350 608 392 quod
620 349 664 383 cis
677 347 825 383 imminet
838 371 850 387 ,
876 356 1060 390 torquean-v

104 415 200 442 turnt
215 404 295 437 servi
312 427 319 435 .
347 403 434 437 Nam
454 402 570 438 talium
590 409 696 445 genus
719 407 787 431 non
811 395 869 429 nisi
882 394 1046 439 suppliciis

101 454 312 491 emendatur,
340 452 460 489 Scribit
483 448 658 489 Ezechiel,
684 446 718 481 δι
743 457 853 482 verum
873 445 944 486 est,
970 446 1045 489 quia

101 505 208 547 qualis
218 502 405 544 consultor,
430 497 720 542 talis&Propheta
743 496 831 540 eius.
863 495 937 530 Era
961 496 1044 530 facIe

104 553 246 590 Domini
258 554 395 597 Spiritus
405 549 545 588 mendax
556 547 739 593 egredietur
747 544 855 582 adhuc
867 570 879 585 ,
904 554 941 579 ut
960 545 1043 579 sitin

101 616 159 640 ore
167 605 324 641 omnium
345 599 580 645 Prophetarum
603 596 721 633 Achab
732 620 746 638 ,
768 597 804 631 ἀ
818 594 970 631 similium
982 595 1048 630 Re·

99 666 200 701 gum.
227 654 325 690 Sic&
340 652 412 687 Rex
435 648 644 695 Asgtorum,
670 656 708 684 ut
729 646 865 687 dicunt,
894 647 951 689 qui
975 644 1041 690 Ap-

104 703 293 749 pellatorias
310 700 417 738 >Archi
431 699 622 744 ·Synagogi
645 697 839 735 audierunt,
865 695 1042 740 Episcopos

102 755 161 791 fibi
174 755 359 789 conformes
374 750 469 787 habet
482 773 493 790 ‚
519 749 600 793 qui,
623 756 659 782 ut
671 748 711 781 de
723 745 958 788 aliisscriptum
970 745 1015 779 est
1031 770 1042 786 ,

102 798 287 840 docuerunt
307 802 455 846 linguam
474 800 563 834 suam
584 797 678 840 loqui
698 796 904 831 mendacium
916 821 927 837 ,
954 796 987 830 δε
1006 804 1042 829 ut

104 850 218 898 inique
227 861 360 896 agerent
371 849 615 884 laboraverunt.
641 845 806 881 Sollicitat
817 846 901 880 alios
920 856 957 880 ut
972 845 1042 880 sub·

102 911 222 941 vertat,
247 902 369 936 &eum
380 899 437 935 alii
459 895 666 933 sollicitando
682 895 901 932 subvertunt.
929 895 1040 943 Qam

100 952 300 998 gloriosam,
319 948 419 996 quim
432 947 662 989 catholicam,
688 946 787 991 quam
812 947 900 990 piam
916 945 1042 990 Episto-

101 1000 167 1038 l'am
177 1000 368 1037 Coloniensi
381 998 544 1043 Episcopo
558 996 762 1032 schismatico
783 1008 886 1040 nuper
895 996 1018 1030 miserit
1030 1021 1041 1038 ‚

100 1065 141 1089 ex
153 1050 306 1097 rescripto
316 1050 383 1094 ejus
393 1073 405 1091 ,
429 1049 519 1092 quod
532 1047 626 1083 vobis
638 1047 780 1082 mittitur
793 1071 804 1088 ‚
818 1047 949 1091 potestis
962 1057 1037 1081 con·

100 1104 199 1148 §icere
212 1126 224 1142 ‚
247 1111 284 1136 ut
293 1109 398 1144 pateat
405 1097 562 1135 omnibus
571 1098 669 1143 quim
680 1107 790 1132 verum
803 1097 841 1131 fit
854 1121 864 1137 ,
890 1097 979 1140 quod
998 1094 1047 1139 de*

100 1149 320 1198 pietate&de
331 1148 453 1194 justitia
475 1148 579 1194 Regis
601 1147 701 1185 nostri
724 1156 816 1181 tanta
836 1147 1036 1183 confidentia

99 1202 304 1248 praedicatur.

151 1250 207 1287 Ad.
228 1251 334 1292 ipsum
352 1257 488 1293 quoque
510 1257 611 1291 nuper
631 1255 790 1281 venerunt
817 1257 862 1279 ex
883 1254 974 1288 parte
996 1243 1037 1278 de

95 1301 222 1335 ‘Monte
240 1298 396 1333 Ferrandi
417 1297 482 1339 jam
499 1296 670 1335 Inusores,
697 1294 809 1328 Abbas
830 1294 1002 1328 Sclusenus
1027 1318 1037 1334 ‚

97 1351 134 1384 ἁ
147 1348 277 1385 Electus
293 1345 518 1391 Hipporiensis
532 1368 543 1386 ,
566 1344 764 1389 postulantes
774 1355 875 1379 unam
896 1343 1036 1379 filiarum

98 1399 202 1446 Regis
212 1398 285 1432 filio
296 1396 502 1431 Marchionis
511 1419 522 1436 ,
548 1392 802 1430 constantissime
813 1394 1037 1438 repromitten-

97 1457 164 1492 ωε,
187 1448 266 1491 quia
286 1445 556 1483 cantuariensem
577 1444 914 1488 Archi-Episcopum
939 1444 1035 1489 depo-

94 1500 135 1534 -ni
156 1498 297 1539 facient,
333 1495 518 1533 dummodo
539 1494 641 1530 filiam
661 1495 797 1538 petitam
827 1495 1002 1529 obtineant
1027 1519 1036 1527 .

93 1549 176 1586 >Rex
187 1548 245 1586 sub
257 1547 318 1583 hac
330 1547 382 1590 spe
391 1546 510 1582 direxit
527 1545 689 1581 Nuncios
699 1556 775 1579 cum
786 1545 833 1579 eis
842 1570 853 1586 ,
878 1545 1037 1587 Joannem

97 1598 223 1634 scilicet
234 1598 359 1633 Cumin
372 1621 384 1637 ,
410 1594 623 1639 Radulphum
636 1595 677 1629 de
686 1593 958 1630 Thamerwurda
968 1619 979 1634 ,
1005 1594 1038 1627 &

96 1649 260 1693 Ioannem
271 1648 312 1682 de
322 1644 513 1681 Oxenesord
525 1667 536 1683 ‚
561 1645 594 1678 in
603 1655 700 1687 quem
712 1645 730 1677 ὲ
755 1644 928 1678 Decanatu
938 1643 983 1678 est
996 1643 1037 1677 la-

98 1710 131 1733 ta
151 1697 309 1731 sententia
322 1720 333 1736 ‚
367 1695 405 1731 ὅ(
427 1693 555 1728 Summi
578 1692 752 1728 Pontificis
766 1692 968 1728 authoritate
999 1704 1038 1727 ac

100 1747 222 1791 scripto
233 1745 402 1782 roborata.'
430 1744 595 1784 Scriptum
619 1742 695 1779 vero
711 1741 757 1775 est
779 1753 878 1784 penes
889 1742 1037 1776 Cantua-

97 1797 239 1831 riensem
249 1790 608 1834 Archi-Episcopum,
634 1790 805 1833 primatem
826 1790 980 1833 Anglioe,
1003 1790 1037 1822 ἀ

97 1842 296 1889 Apostolicae
304 1841 395 1878 Sedis
407 1841 569 1884 Legatum
580 1861 591 1879 ‚
599 1838 689 1883 cujus
701 1838 892 1873 sententiam
900 1862 912 1878 ‚
938 1849 1035 1882 quam

97 1893 174 1929 tulit
186 1893 220 1928 in
232 1891 463 1936 depraedatores
474 1887 716 1924 Cantuarienfis
729 1887 878 1923 Ecclefiae
889 1888 922 1922 &
934 1887 1036 1932 Regis

94 1943 315 1983 consiliarios,
341 1941 511 1975 Dominus
520 1939 608 1983 Papa
625 1948 730 1973 ratam
741 1937 878 1979 habuit,
905 1939 939 1975 ὁ(
961 1949 1036 1973 con-

97 1992 240 2029 firmavit
251 2016 262 2034 ‚
286 1993 320 2026 δε
332 1992 372 2026 ab
395 1990 565 2034 Episcopis
582 1989 814 2024 cismarinis&
825 1988 1036 2023 Transmari-

96 2045 148 2079 nis
158 2042 307 2089 praecepit
329 2041 510 2077 observari.
538 2040 579 2074 Ei
602 2049 742 2080 namque
767 2038 800 2072 δε
820 2037 942 2081 legatio
962 2038 1035 2071 data

99 2093 146 2129 est
158 2117 171 2135 ,
194 2093 230 2128 ἀ
240 2092 396 2136 primatus
408 2091 509 2125 totius
521 2090 652 2134 Angliae
662 2088 883 2123 confirmatus.
911 2087 1037 2130 Scripsit

98 2144 193 2189 super
204 2141 288 2178 hoc:
315 2140 627 2185 Londonienfisjam
640 2138 895 2184 recepitlitteras
906 2162 919 2179 ,
944 2137 1038 2172 vobis

102 2193 261 2230 omnibus
270 2191 487 2227 ostendendas
496 2216 506 2224 .

146 2241 299 2277 Praeterea
311 2250 506 2276 memoratus
524 2237 628 2275 Archi
639 2238 842 2284 -AEp'rscopus
852 2239 885 2274 δε
896 2237 1037 2283 Legatus

51 2306 53 2308 ¹
101 2291 294 2337 Apostolica
303 2289 503 2325 authoritate
514 2289 838 2330 excommunicavit,
862 2289 897 2324 ὅ(
908 2298 1037 2323 excom-

99 2339 483 2385 municarijuffitomnes
495 2339 551 2384 qui
573 2351 685 2383 portus
704 2338 896 2380 observant,
922 2347 958 2372 ut
978 2338 1035 2372 im-

98 2393 231 2436 pediant
243 2389 443 2433 appellantes
455 2389 504 2422 vel
515 2389 691 2431 appellatos
702 2412 714 2428 ,
738 2398 796 2423 aut
816 2400 857 2422 ex
870 2389 921 2431 pia
942 2388 1035 2422 devo·

99 2441 202 2477 tionis
213 2440 317 2474 canffa
329 2438 498 2473 tendentes
509 2438 549 2473 ad
562 2438 800 2482 Apostolorum
823 2438 938 2473 limina
950 2462 960 2478 ‚
987 2438 1036 2471 vel

96 2491 140 2526 ad
149 2491 255 2535 ipsum
266 2489 321 2534 qui
333 2487 542 2532 Apostolicas
561 2489 646 2523 vices
659 2486 799 2523 habet&
811 2489 899 2534 agit:
925 2499 1035 2532 praece-

97 2542 145 2586 pit
169 2542 288 2579 etiam,
314 2548 352 2573 ut
375 2537 459 2572 hanc
479 2538 671 2573 sententiam
688 2538 756 2581 ejus
777 2540 902 2573 faciant
921 2549 1038 2573 omnes

99 2590 251 2635 Episcopi
264 2600 318 2632 per
328 2588 398 2623 suas
420 2587 586 2622 Dioeceses
612 2588 787 2631 publicari.
815 2587 910 2623 Licet
927 2597 1035 2623 autem

97 2640 371 2685 appellationem,
396 2648 496 2681 quam
517 2636 670 2672 adversus
688 2648 763 2671 eum
786 2639 933 2673 fecerunt
962 2638 1037 2682 Epi-

99 2690 216 2734 scopi,
234 2689 356 2724 nullius
370 2688 482 2723 credat
501 2688 564 2721 effe
593 2688 754 2721 momenti
778 2712 790 2729 ,
815 2697 924 2722 tamen
945 2699 1037 2731 opor-

99 2741 209 2782 tebat,
233 2739 336 2784 utqui
355 2750 428 2773 eam
441 2738 565 2781 aliquas
585 2737 667 2771 vires
687 2735 804 2771 habere
822 2739 1001 2781 opinantur
1030 2762 1041 2777 ‚

44 2810 49 2812 s
99 2789 214 2834 utpote
226 2789 320 2830 Rex,
348 2789 526 2833 Episcopi,
552 2788 763 2830 &proceres,
789 2798 949 2830 ponentes
970 2798 1040 2830 pru·

99 2840 243 2875 dentiam
267 2839 372 2873 carnis
391 2838 560 2873 brachium
585 2839 699 2878 suum,
725 2838 839 2871 omnia
858 2837 900 2871 ad
924 2836 1040 2871 Archi·

33 2884 35 2887 ¹
101 2889 298 2933 Episcopum
308 2887 500 2932 pertinentia
513 2889 545 2922 in
558 2888 675 2922 eodem
697 2887 778 2921 statu
796 2888 858 2921 effe
879 2887 1039 2930 permitte-

100 2949 190 2976 rent‘.
216 2938 314 2975 Nihil
325 2939 473 2973 innovari
485 2938 583 2973 debet
601 2937 822 2982 appellatione
842 2937 1004 2980 pendente
1030 2962 1037 2969 .

106 2988 225 3023 Postea
234 2988 310 3022 vero
320 2989 361 3023 de
369 2989 525 3023 mandato
538 2988 760 3033 Regis-captus
772 2988 817 3022 est
839 2986 1039 3022 Wilhelmus

101 3038 301 3082 Capelianus
323 3062 335 3078 ‚
359 3039 392 3073 &
413 3039 469 3073 alii
479 3037 600 3073 Clerici
610 3060 621 3077 ,
647 3049 683 3072 ut
692 3040 733 3073 de
745 3038 854 3072 Laicis
874 3048 1015 3073 taceatur
1028 3051 1039 3070 .-

103 3088 257 3124 Ecelefiae
271 3087 509 3131 possessionibus
520 3088 637 3122 ablatis
645 3089 797 3124 atrociter
807 3090 946 3123 trastatae
954 3089 1039 3122 sunt.

102 3138 211 3174 Unde
220 3138 255 3172 ὅ(
269 3135 372 3171 Archi
382 3152 394 3162 ·
404 3137 579 3182 Episcopus
591 3139 715 3183 Regem
745 3139 850 3183 ipsum
862 3139 1037 3173 denuncia-

102 3189 151 3222 vit
163 3187 315 3222 Domino
339 3186 432 3229 Papae
451 3187 486 3220 in
509 3189 689 3223 Canonem.
706 3189 852 3229 incidisse
864 3213 875 3230 ,
900 3189 934 3223 δε
955 3189 1037 3222 facto

104 3238 164 3272 suo
177 3238 240 3270 esse
250 3238 574 3272 excommunicatum
586 3262 597 3278 ,
622 3239 678 3272 nisi
689 3239 772 3273 forro
781 3239 877 3273 Sedes
891 3239 1036 3283 Aposto-

23 3284 32 3323 J
101 3287 165 3322 lica
180 3287 285 3330 Leges
297 3286 533 3323 Ecclefiasticas
547 3287 671 3325 censeat
683 3289 843 3323 Civilibus
853 3299 1038 3332 comparan-

101 3337 180 3378 das,
208 3347 300 3379 quae,
326 3337 406 3371 ficut
429 3338 473 3371 ait
492 3336 682 3371 Anacharsis
704 3338 845 3383 Schyta,
880 3340 953 3374 telis
973 3350 1054 3371 ara-.

103 3398 238 3422 nearum
252 3386 484 3427 conferuntur,
513 3386 724 3422 retinentibus
745 3388 876 3432 quidem
893 3389 1014 3423 muscas
1027 3371 1055 3428 ‚l

105 3434 473 3474 &transmittentibus
503 3437 647 3472 volatilia
665 3438 856 3483 grandiora-1.
886 3418 1055 3482 praecem-l

1110 203 1165 231 rat
1176 203 1287 231 autem
1296 191 1467 229 Dominus
1478 193 1566 239 Papa
1576 219 1588 235 ‚
1612 206 1654 230 ⁴ut
1664 198 1873 238 Bituricenfis
1881 227 1893 245 ‚
1918 201 2050 238 Retho-

1112 243 1296 291 magenfis,
1322 243 1527 278 Turonensis
1550 269 1561 285 ,
1586 244 1846 292 Burdigalenfis,
1871 252 1905 287 dc
1929 253 2051 288 Ebora-

1111 297 1214 331 censis
1230 293 1424 336 ,observent3
1449 294 1484 328 δε
1495 294 1531 328 in
1544 295 1608 328 suis
1618 295 1801 331 Provinciis
1813 302 1932 337 faciant
1942 302 2050 338 obser-

1112 345 1178 380 vari
1197 344 1409 385 sententiam,
1451 354 1553 388 quam
1575 344 1816 381 cantuariensis
1836 350 1960 385 Archi·
1974 353 2052 397 Epi.

1110 397 1247 439 scopus,
1274 394 1365 429 Sedis
1377 394 1575 438 Apostolicae
1595 395 1760 440 Legum,
1783 396 1880 432 ferret
1898 400 1932 432 in
1945 403 2049 437 mne-1

1108 446 1244 480 factores
1263 445 1506 479 *cantuariensis
1531 446 1702 488 Ecclesiae,
1724 446 1762 479 a&
1783 447 1878 482 suos.
1904 447 1984 483 Hoc
2004 462 2050 486 ta-

1105 506 1183 531 men
1195 494 1314 538 adjecit
1326 495 1359 528 in
1373 494 1565 529 litterisillis
1573 518 1585 535 ‚
1609 496 1685 540 quia
1695 507 1766 530 non
1775 495 1835 532 dat
1845 497 2051 539 mandatum,

1107 555 1143 580 ut
1154 546 1327 589 personam
1348 545 1452 590 Regis
1469 546 1739 581 excommunicet
1750 571 1762 587 ,
1786 547 1843 582 sed
1858 559 1922 582 nee
1945 546 2055 592 prohi-

1107 595 1160 630 bet
1173 595 1306 638 quidem
1320 619 1331 635 ‚
1354 597 1432 637 ,quia
1444 606 1521 630 eum
1530 595 1689 640 potestate
1698 598 1755 632 sua
1765 598 1895 641 privare
1906 609 1976 632 non
1995 598 2052 632 de-

1105 645 1158 681 bet
1184 669 1195 686 ,
1217 645 1388 688 praesertim
1406 656 1485 680 curn
1504 646 1594 680 idem
1618 646 1695 681 Rex
1714 648 1873 690 patientia
1903 648 2052 682 Ecclefiae

1103 695 1255 730 abutatur
1264 695 1301 729 in
1319 695 1434 729 multis
1446 721 1454 728 .
1480 695 1637 740 Praecepit
1656 697 1761 731 etiam
1784 697 1843 731 sub
1860 697 2051 732 anathema-

1101 755 1157 785 re,
1180 756 1219 778 ut
1237 756 1375 785 omnes,
1397 745 1456 789 >qui
1469 746 1510 780 de
1530 747 1688 781 mandato
1711 747 1817 792 Regis
1837 747 2049 782 Clericorum

1105 792 1207 829 Archi
1218 812 1228 819 -
1240 794 1395 839 Episcopi
1407 795 1530 831 reditus
1540 807 1731 840 receperunt
1741 797 1778 831 ἃ
1792 798 1880 832 bona
1890 823 1902 839 ,
1923 798 2048 833 omnia

1099 856 1178 880 cum
1200 845 1387 890 integritate
1398 845 1521 881 eisdem
1530 847 1701 882 restituant
1713 848 1831 891 quibus
1841 848 1946 883 ablata
1960 849 2049 889 sunt,

1101 896 1177 940 quia
1189 893 1264 929 Rex
1275 919 1286 936 ,
1313 895 1417 939 quiin
1429 898 1523 931 causa
1534 897 1698 941 ptaedonis
1709 900 1869 939 versatur,
1892 898 1976 932 nulli
1987 907 2044 943 po·

1070 944 1072 947 ⁴
1099 945 1161 981 test
1172 942 1412 980 authoritatem
1432 948 1592 989 praestare.

1151 995 1217 1040 Egi
1236 995 1314 1030 satis
1330 996 1419 1040 apud
1442 997 1712 1035 Cantuariensem
1733 1023 1746 1041 ,
1780 1009 1823 1035 ne
1844 1000 1957 1037 litterae
1977 998 2047 1033 istae

1100 1045 1332 1090 procederent,
1358 1047 1412 1081 sed
1426 1048 1601 1083 confilium
1622 1050 1788 1094 praevaluit
1808 1050 1950 1085 aliorum
1975 1051 2048 1084 sua-

1099 1096 1248 1131 dentium
1261 1120 1272 1135 ,
1298 1106 1337 1131 ut
1353 1096 1436 1131 dum
1457 1097 1627 1134 Dominus
1647 1100 1737 1145 Papa
1756 1100 1918 1145 superest,
1955 1100 2048 1143 cujus

1100 1156 1241 1181 mortem
1254 1145 1330 1181 Rex
1346 1146 1522 1183 desiderare
1550 1150 1763 1195 cognoscitur
1788 1174 1799 1191 ,
1832 1150 1891 1185 fibi
1914 1150 2048 1184 indulto

1101 1196 1275 1239 privilegio
1296 1197 1331 1230 ἀ
1349 1196 1516 1232 beneficiis
1537 1209 1669 1234 utatur.
1705 1202 1884 1235 Praesertim
1904 1210 1983 1234 cum
2007 1198 2050 1233 ad

1102 1245 1292 1287 patientiam
1312 1245 1380 1286 ejus
1405 1248 1527 1290 semper
1550 1250 1717 1284 erubeseat
1751 1250 1977 1284 inhumanitas
2012 1249 2048 1281 δε

1101 1294 1288 1328 immanitas
1312 1294 1436 1338 Regis.
1462 1295 1624 1331 Caeterum
1646 1299 1721 1332 fiad
1732 1309 1790 1331 vos
1814 1298 1967 1333 mandata
1978 1298 2046 1331 haec

1102 1344 1306 1387 pervenerint
1319 1367 1330 1383 ,
1357 1343 1485 1379 nullum
1503 1347 1677 1381 occasione
1698 1358 1834 1387 eorum,
1858 1358 1930 1392 quae
1950 1347 2048 1382 nobis

1098 1394 1207 1428 ablata
1229 1395 1303 1428 sunt
1328 1393 1416 1438 apud
1438 1405 1495 1429 vos
1511 1419 1524 1435 ,
1559 1397 1740 1440 periculum
1761 1398 1904 1433 timeatis
1924 1410 1935 1429 τ
1971 1397 2049 1442 quia

1099 1443 1261 1489 quidquid
1281 1442 1325 1477 de
1344 1443 1438 1478 rebus
1459 1446 1578 1480 nostris
1596 1448 1703 1482 fietad
1717 1448 1973 1491 -Beneplacirum
1999 1459 2049 1480 vc-

1102 1495 1219 1532 strum,
1247 1503 1307 1527 nos
1328 1493 1410 1528 illud
1420 1493 1559 1529 authore
1573 1497 1649 1533 Deo
1658 1508 1765 1532 rat-um
1789 1499 1823 1531 ἀ
1845 1508 1972 1541 gratum
1997 1497 2048 1530 ha-

1102 1543 1247 1577 bebimus
1257 1568 1265 1575 .
1292 1543 1487 1578 Personatus
1495 1547 1588 1579 enim
1599 1548 1775 1581 retinentes
1786 1544 1893 1589 &jura
1906 1571 1917 1587 ,
1942 1547 2047 1580 mobi—

1102 1594 1183 1628 lium
1203 1592 1359 1636 jacturam
1384 1604 1452 1627 non
1475 1595 1587 1639 magni
1610 1595 1775 1637 facimus„
1794 1596 1875 1630 dum
1898 1597 2047 1640 proficiat

1102 1642 1213 1676 vobis.
1239 1643 1712 1680 Excusavirnusinnocentiarn
1724 1645 1859 1681 vestram
1871 1647 1955 1690 apud
1977 1646 2048 1682 Do-

1101 1691 1227 1725 minum
1249 1691 1519 1726 Cantuarienfem
1533 1717 1545 1733 ,
1575 1694 1610 1726 ὅ(
1636 1694 1711 1728 sat-is
1732 1697 1886 1729 excusata
1908 1697 1952 1730 est
1975 1721 1986 1736 ,
2013 1708 2049 1732 ut

1102 1741 1183 1773 nulli
1195 1740 1556 1775 suadenticontrarium
1574 1741 1674 1775 fidem
1693 1741 1860 1777 habeatis.
1888 1745 2053 1780 Praemeti-

1098 1798 1152 1822 tur
1169 1789 1204 1821 r&
1226 1788 1321 1822 timet
1350 1789 1493 1832 pericula
1504 1789 1603 1824 vestra
1616 1814 1627 1830 ,
1653 1803 1690 1826 ut
1701 1804 1760 1827 vos
1770 1793 1864 1828 malit
1887 1805 1964 1829 cum
1979 1796 2052 1830 aliis

1098 1837 1246 1889 exultare
1269 1838 1366 1879 Deo,
1390 1839 1491 1882 quam
1514 1840 1676 1876 inutiliter
1696 1843 1732 1876 ἀ
1752 1843 1892 1886 probos&
1921 1849 2048 1881 conteri

1099 1887 1226 1922 mundo
1240 1911 1248 1920 .
1276 1886 1351 1922 Vos
1368 1899 1541 1933 utramque
1573 1902 1697 1935 partem
1719 1887 1915 1936 ponderate,
1952 1896 1987 1929 &
2009 1896 2052 1932 de

1098 1938 1238 1972 consilio
1256 1935 1325 1980 ejus
1343 1939 1378 1972 ἀ
1400 1940 1513 1974 nostro
1536 1941 1657 1984 semper
1679 1943 1856 1985 sequimini
1875 1944 2012 1979 meliora
2039 1969 2050 1985 ,

1098 1986 1131 2021 id
1142 1986 1187 2020 est
1201 2011 1211 2027 ,
1238 1998 1309 2030 quae
1320 1988 1397 2021 Deo
1409 2013 1420 2028 ,
1445 1991 1466 2022 fi
1483 1991 1664 2025 innotuerit
1676 1992 1771 2027 vobis
1781 2017 1792 2033 ‚
1814 1994 1924 2038 ⁴magis
1947 1995 2047 2038 placi-

1100 2047 1132 2070 ta
1154 2035 1276 2071 fuerint
1288 2061 1296 2069 .
1323 2038 1424 2085 Qod
1434 2039 1586 2075 fi&illud
1597 2041 1791 2087 ambiguum
1805 2044 1850 2077 est
1874 2054 1930 2078 aut
1942 2046 2056 2079 occul·

1099 2096 1171 2120 tum
1185 2110 1197 2128 ,
1223 2086 1303 2120 fides
1325 2088 1484 2132 sequenda
1496 2092 1557 2125 ess:
1588 2092 1666 2136 quia
1681 2091 1769 2136 quod
1783 2104 1850 2126 non
1867 2094 1915 2128 est
1928 2105 1968 2128 ex
1990 2105 2050 2136 επὶ,

1098 2146 1266 2179 peccatum
1279 2136 1344 2171 est.
1372 2139 1483 2173 Mittit
1502 2142 1716 2186 ergolitteras
1735 2142 1831 2177 vobis
1844 2144 2047 2187 vocationis,

1099 2185 1290 2230 Apostolica
1311 2187 1514 2224 authoritate
1539 2192 1751 2236 praecipiens,
1778 2194 1813 2228 in
1838 2193 1958 2229 virtute
1969 2195 2050 2231 obe·

1097 2236 1252 2276 dientiae,
1276 2236 1309 2270 &
1332 2239 1364 2270 in
1377 2239 1519 2280 periculo
1529 2240 1654 2276 ordinis
1667 2242 1781 2284 vestri,
1807 2254 1843 2278 ut
1860 2245 1947 2280 infra
1966 2256 2050 2290 qua·-

1096 2286 1248 2330 draginta
1259 2285 1330 2320 dies
1340 2287 1357 2322 a
1371 2287 1575 2331 susceptione
1585 2301 1697 2327 earum
1711 2317 1723 2333 ,
1746 2294 1958 2330 occasione&
1969 2294 2052 2331 dila·

1097 2337 1190 2370 tione
1201 2334 1374 2379 postposita
1386 2361 1398 2376 ‚
1421 2339 1582 2374 accedatis
1593 2339 1751 2386 adipsum
1763 2368 1773 2385 ,
1799 2344 1945 2379 audituri
1956 2355 2051 2380 man·

1095 2386 1210 2420 datum
1221 2385 1364 2421 Domini
1376 2386 1490 2433 Papa,
1516 2390 1551 2423 δε
1568 2390 1612 2426 de
1632 2393 1871 2429 neceffitatibus
1895 2395 2045 2430 Ecclesiae

1098 2436 1285 2470 tractaturi.
1315 2437 1508 2474 vosautem
1520 2465 1532 2481 ,
1558 2441 1580 2474 fi
1594 2441 1740 2476 videritis
1753 2443 1847 2478 vobis
1867 2445 2019 2487 expedire
2036 2469 2048 2486 ,

1098 2486 1252 2521 mandato
1262 2487 1568 2532 quidemutemini,
1594 2491 1760 2526 sinautem
1774 2516 1785 2531 ,
1812 2493 1856 2526 fic
1876 2494 2047 2537 accipiatis

1098 2536 1139 2570 de
1148 2537 1306 2571 consensu
1317 2539 1528 2580 mandantis,
1555 2541 1643 2583 quasi
1666 2539 1857 2576 mandatum
1884 2554 1952 2577 non
1975 2545 2046 2577 fue·

1098 2586 1160 2620 rit.
1189 2586 1371 2622 Nonenim
1384 2587 1478 2624 vobis
1498 2589 1651 2637 laqueum
1669 2593 1911 2634 procuravimus
1926 2617 1937 2633 ,
1963 2593 2045 2627 sicut

1097 2635 1196 2672 alicui
1214 2638 1343 2672 suorum
1355 2638 1524 2683 negligens
1541 2638 1715 2685 diligentia
1741 2643 1931 2685 praeparavit
1942 2666 1954 2683 ,
1990 2642 2044 2676 sed

1098 2697 1198 2730 puero
1207 2687 1356 2721 dedimus
1365 2686 1400 2720 in
1411 2687 1573 2724 mandatis
1582 2713 1594 2730 ,
1620 2699 1657 2724 ut
1668 2690 1825 2735 mag-istro
1838 2691 2039 2727 Baldewino

1098 2735 1201 2771 Archi
1212 2756 1221 2762 -
1234 2736 1388 2771 Diacono
1400 2761 1413 2778 ,
1435 2747 1495 2773 aut
1505 2739 1536 2773 R
1550 2763 1663 2773 ......
1692 2740 1765 2776 filio
1776 2741 1925 2787 AEg-idiae
1934 2767 1945 2783 ‚
1971 2742 2045 2776 Fra-

1098 2788 1139 2821 tri
1151 2786 1255 2821 vestro
1268 2811 1279 2827 ‚
1304 2787 1410 2822 tradat
1419 2787 1543 2825 litteras
1553 2813 1563 2830 ,
1588 2790 1623 2824 &
1636 2790 1742 2834 postea
1754 2815 1766 2832 ,
1791 2791 1813 2824 si
1828 2802 1883 2826 eas
1894 2792 2041 2826 volueri-

1098 2837 1291 2879 tisrecipere
1302 2837 1350 2871 vel
1363 2837 1470 2873 uidere
1485 2864 1497 2880 ,
1523 2839 1580 2874 fiat
1591 2851 1649 2885 pro
1672 2840 1877 2885 beneplacito
1901 2842 2006 2876 vestro
2034 2867 2041 2874 .

1099 2886 1177 2921 Hoc
1186 2897 1295 2921 autem
1306 2898 1362 2930 pro
1372 2898 1464 2924 certo
1473 2889 1600 2930 sciatis,
1626 2891 1702 2936 quia
1726 2892 1783 2925 nifi
1806 2892 1880 2926 Rex
1901 2890 2041 2926 With-el-

1098 2947 1188 2970 mum
1211 2937 1427 2982 Capellanum
1438 2937 1639 2980 reddiderit,
1664 2942 1698 2975 in
1721 2953 1819 2986 caput
1841 2942 1909 2986 ejus
1924 2943 2042 2977 feretur

1096 2987 1253 3022 sententia
1273 2986 1506 3031 mathematis,
1532 3001 1591 3026 nec
1610 2991 1639 3025 ei
1651 2992 1771 3026 amodo
1783 3003 1929 3038 parcetur
1939 2993 1975 3027 in
1987 2991 2041 3027 ali-

1095 3047 1162 3081 quo
1173 3061 1184 3078 ‚
1210 3037 1233 3070 fi
1247 3038 1325 3074 talia
1346 3047 1504 3077 attentare
1515 3042 1748 3096 praesumpserit
1760 3067 1768 3076 .

1888 3486 2000 3523 EPI-
