2358 3776
556 110 598 155 s.
642 104 930 156 THOMAE
979 99 1384 153 CANTUAR.
1420 76 1570 151 Lus.
1613 110 1718 157 111.

159 195 362 234 Excellentia
384 205 440 231 tua
460 193 638 240 spirituales
646 193 779 228 divitias
799 187 1032 234 temporalibus
1040 202 1095 225 an-

154 256 318 291 teponens
330 271 340 287 ,
368 246 465 291 quam
476 245 644 280 humiliter
656 243 737 278 mihi
753 244 787 277 in
800 240 1021 295 familiaritate
1039 249 1095 284 per

151 295 348 332 'charitatem
371 297 404 331 &
435 296 621 331 orationum
642 294 783 339 gratiam
802 291 962 335 conjung»
987 290 1094 332 postu-

155 344 223 381 lare
244 347 375 392 dignata
397 346 435 381 fit
452 370 471 388 ,,
505 345 601 380 credo
624 341 713 388 quod
747 341 895 376 nondum
931 339 1093 375 oblivioni

157 395 339 431 tradiderit.
369 395 473 432 Unde
494 396 651 439 quoniam
671 393 762 436 juxta
784 391 1015 437 dignationem
1038 401 1101 424 vos

151 444 291 481 luntatis
310 455 395 487 ruz,
423 445 590 481 charitatis
600 445 661 478 tibi
682 442 818 476 vinculo
838 450 970 478 teneor,
996 440 1029 474 δι
1043 451 1098 474 me

157 495 222 532 tibi
245 497 281 530 in
304 495 376 537 his,
403 507 473 540 quas
492 494 555 529 Dei
580 495 678 533 sunt,
702 492 886 526 obnoxium
909 491 971 524 esse
995 490 1096 524 confi·

155 551 250 587 teor,
277 557 344 580 non
367 546 531 579 modicam
553 543 613 578 tibi
640 541 795 586 scribendi
806 540 923 574 habere
941 539 1105 574 fiduciam
1129 548 1133 555 ⁴

156 593 278 630 debeo.
306 595 380 630 Nec
399 594 424 628 sa
447 606 502 638 pro
524 593 704 628 avertendo
713 591 861 627 Ecclesiae
884 601 960 624 meae
975 590 1092 633 pericu·

156 804 309 828 aternum
331 794 481 827 Ecclesiae
504 793 618 826 nossrae
637 791 807 825 imminere
832 792 1035 834 periculum,
1059 789 1092 823 ἀ

156 843 387 885 sempiternum
408 841 638 886 opprobrium,
666 842 700 874 in
722 851 844 885 magno
872 852 929 884 pro
941 839 1005 873 hoc
1017 849 1092 873 cum

154 893 310 926 universo
330 893 506 927 Conventa
519 892 630 925 nostro
654 901 791 925 moerore
811 891 1029 928 constitutus,
1051 889 1090 923 ad

156 941 253 985 pedes
267 942 393 985 pietatis
414 952 477 975 tuae
499 953 551 975 me
571 951 704 984 corpore
724 941 757 975 δε
771 951 878 975 mente
891 941 1058 984 prosterno
1082 964 1088 971 .

156 989 202 1026 Et
218 990 298 1026 illud
322 991 381 1026 tibi
405 991 640 1034 Evangelicum
661 1003 736 1025 cum
762 990 902 1025 clamore
925 989 1037 1024 valido
1058 989 1091 1023 ἀ

156 1039 336 1085 lachrymis
347 1041 466 1076 offero:
497 1043 621 1075 Domine
630 1066 640 1082 ,
660 1041 768 1083 fiquid
775 1048 860 1082 potes
873 1065 884 1081 ,
898 1041 1017 1082 adjuva
1030 1044 1089 1071 nos.

158 1090 306 1126 Utinam
320 1091 384 1126 hoc
404 1091 492 1135 quod
513 1090 559 1125 ibi
579 1092 764 1133 responsum
788 1091 831 1124 est
855 1114 866 1131 ,
891 1091 924 1124 ἀ
947 1101 982 1123 tu
1007 1087 1091 1123 mihi

157 1141 353 1184 respondeas
373 1142 441 1174 :051
457 1148 540 1181 potes
562 1142 676 1174 credere
694 1164 705 1180 ,
741 1147 841 1174 omnia
856 1137 1092 1182 >maribam-fiam

161 1191 310 1224 credenti.
341 1190 433 1224 Huic
457 1190 625 1233 Responso
647 1192 752 1225 statim
785 1189 968 1224 subinfero:
997 1188 1093 1220 credo

158 1242 286 1274 Domine
302 1265 309 1272 .
337 1241 409 1274 Nec
431 1238 512 1272 illud
524 1241 643 1282 adjicio
663 1253 674 1273 .-
707 1242 831 1279 AdJ'uva
853 1238 1092 1271 incredulitatem

157 1300 272 1324 meam.
299 1289 443 1322 Perfecte
452 1288 575 1322 etenim
596 1289 694 1321 credo
707 1311 717 1327 ‚
743 1288 776 1320 δε
797 1285 966 1319 ce'ttiffime
987 1286 1055 1318 scio
1081 1306 1093 1324 ,

156 1340 239 1383 quia
253 1362 264 1378 ‚
291 1338 312 1371 si
329 1338 488 1376 volueris,
518 1336 560 1370 ab
570 1336 756 1369 imminenti
779 1334 923 1378 periculo
933 1345 1009 1368 cum
1024 1344 1093 1367 om-

154 1387 195 1421 ni
215 1386 369 1421 facilitate
382 1386 516 1420 liberare
527 1397 587 1420 nos
607 1386 746 1429 poteris.
772 1383 914 1419 Videtur
923 1385 1013 1419 enim
1036 1384 1093 1417 mi·

152 1434 275 1474 hireni
288 1436 464 1480 diligenter
484 1435 724 1475 consideranti,
754 1434 842 1478 quod
866 1432 1093 1468 sententiaista

154 1495 199 1519 ex
222 1497 280 1520 ore
302 1486 442 1519 Domini
466 1485 567 1530 Regis
587 1485 725 1520 minime
743 1485 913 1528 proceffit,
941 1495 1014 1528 quae
1034 1492 1096 1517 nos

156 1533 311 1570 adversus
325 1534 435 1569 Archi·
443 1535 638 1578 Episcopum
649 1536 720 1569 nost
726 1545 796 1568 rum
807 1559 817 1574 ,
833 1544 959 1568 ·contra
968 1543 1094 1578 aequum

158 1583 351 1627 deborram,
374 1584 625 1628 appellationem
634 1585 738 1619 facere
747 1584 934 1629 compellit.
959 1584 993 1619 Si
1007 1583 1094 1616 enim

157 1645 218 1671 ore
241 1634 337 1679 ipsius
356 1634 474 1669 dictata
497 1636 629 1676 fuisset,
655 1635 720 1669 hoc
731 1636 886 1669 nimirum
897 1633 1013 1670 ordine
1026 1643 1098 1676 pro-

158 1683 309 1724 cederet,
334 1695 371 1719 ut
395 1684 534 1728 primum
559 1685 710 1728 Episcopi
735 1695 873 1726 omnes,
897 1683 1016 1718 deinde
1032 1683 1097 1716 Ab·

156 1733 252 1768 bates
272 1745 409 1774 omneS,
435 1735 546 1778 postea
567 1734 715 1773 Priores,
740 1737 940 1777 quicumque
960 1732 1097 1775 alicujus

159 1781 366 1818 authoritatis
377 1784 471 1823 sunt,
497 1793 631 1824 omnes,
655 1783 756 1818 Archi
774 1784 941 1817 ·Diaconi
964 1791 1096 1824 quoque

158 1823 196 1867 't
216 1831 351 1865 Decani.
365 1842 482 1866 omnes
508 1831 551 1866 ,ad
572 1831 637 1865 hoc
657 1831 844 1866 faciendum
876 1840 1066 1865 vocarentur
1083 1854 1094 1870 ‚

160 1892 303 1925 quorum
322 1882 451 1916 interest
473 1882 541 1924 jura
576 1882 799 1916 Ecclesiastica
836 1880 1006 1915 defendere
1027 1904 1039 1920 ,
1064 1881 1097 1913 dc

160 1941 222 1975 pro
242 1931 289 1965 eis
302 1931 535 1975 appellationes
556 1932 679 1965 facere.
707 1930 762 1964 Ad
773 1931 973 1974 postremum
985 1928 1062 1963 vero
1087 1954 1098 1970 ,

161 1981 186 2015 fi
209 1981 331 2015 necesse
351 1981 450 2021 esset,
478 1980 641 2015 Monachi
664 1980 860 2014 Claustrales
881 2005 892 2020 ,
928 1979 1096 2023 praesertim

160 2029 199 2064 hi
219 2031 276 2075 qui
298 2029 427 2064 Abbate
450 2032 481 2064 ἀ
494 2030 607 2065 Priore
630 2040 740 2064 carent
755 2055 765 2071 ‚
809 2030 849 2064 ad
869 2029 1097 2073 appellationis

162 2081 421 2124 supplementum
434 2079 601 2114 humiliter
620 2090 832 2125 rogarentur,
860 2092 927 2113 non
942 2079 1099 2112 violenter

163 2131 435 2174 compellerentur
455 2144 467 2163 .-
493 2130 636 2165 maxime
657 2138 732 2164 cum
759 2130 800 2164 ad
819 2140 874 2163 eos
912 2127 1098 2171 hujusmodi

163 2181 298 2225 negotia
319 2180 455 2214 minime
480 2182 638 2223 pertinere
662 2181 860 2214 noscantur.
899 2179 1000 2213 Nunc
1025 2178 1099 2212 vero

166 2329 269 2364 ritatis
291 2330 367 2363 viris
384 2329 545 2372 praeteritis
577 2331 732 2364 universis
755 2354 765 2369 ,
792 2328 925 2363 Archi-
940 2327 1098 2363 Diaconis

144 2387 153 2391 ’·
167 2379 343 2422 quoque&
364 2379 510 2413 Decanis
534 2389 610 2413 cum
636 2379 861 2423 suis'Synodis
876 2379 910 2412 dt
940 2378 1101 2421 Capitulis

168 2427 326 2472 plerisque
340 2427 474 2461 dimiffis
484 2452 496 2468 ,
523 2429 602 2471 quid
614 2428 658 2462 est
674 2428 764 2472 quod
777 2426 937 2462 Monachi
950 2427 1100 2472 simplici-

166 2487 215 2511 ter
234 2476 426 2511 Claustrales
449 2501 461 2519 ,
487 2476 665 2512 Abbate&
687 2478 800 2513 Priore
833 2487 979 2513 carentes
1014 2501 1024 2519 ‚
1061 2477 1101 2511 ad

166 2526 253 2562 hanc
275 2527 395 2570 quietis
411 2527 526 2560 nostrae
550 2527 822 2571 perturbationem
844 2528 1102 2572 specialiterprae

167 2576 290 2611 caeteris
299 2586 488 2615 evocamur,
515 2577 550 2610 ἀ
571 2577 613 2610 ad
633 2588 699 2611 rem
724 2578 819 2613 nobis
828 2588 894 2612 tam
916 2577 1063 2611 illicitam
1093 2600 1104 2616 ,
1123 2586 1125 2588 ’

168 2636 234 2660 tam
244 2626 455 2671 periculosam
468 2650 479 2665 ,
505 2626 585 2660 &in
597 2626 752 2661 omnibus
771 2628 840 2670 post
854 2628 970 2662 futuris
981 2628 1104 2661 saeculis

169 2687 245 2711 cum
257 2676 402 2710 maximo
414 2675 508 2710 nobis
518 2675 697 2719 opprobrio
709 2677 832 2720 semper
842 2675 1062 2720 objiciendam
1089 2700 1100 2717 ‚

170 2736 238 2760 tam
261 2726 417 2760 violenter
427 2727 676 2769 compellimur?
701 2726 793 2773 Qid
805 2725 902 2766 dico,
929 2726 1102 2760 violenter?

169 2775 279 2810 Immo
300 2788 374 2810 cum
396 2786 490 2810 tanto
512 2776 544 2810 ὅ(
564 2787 640 2810 cum
661 2785 727 2810 tam
750 2775 930 2811 inevitabili
957 2776 1105 2819 periculo

169 2824 235 2860 hoc
251 2827 353 2860 facere
364 2825 592 2868 compellimur
603 2850 614 2866 ,
639 2835 677 2860 ut
688 2826 709 2860 si
722 2826 900 2869 periculum
914 2850 925 2867 ,
958 2825 1047 2867 quod
1059 2825 1101 2860 ab

172 2876 218 2912 ira
241 2876 349 2921 Regia
370 2876 465 2910 nobis
475 2876 647 2915 imminet,
673 2875 737 2909 fiei
761 2876 986 2910 inobedientes
1006 2876 1100 2910 fueri·

172 2936 264 2966 mus,
291 2937 345 2969 per
364 2927 556 2960 consensum
579 2926 804 2969 appellationis
821 2925 979 2960 declinare
1000 2936 1100 2961 tente-

173 2986 246 3009 mus
268 2998 279 3015 ,
315 2976 417 3018 majus
439 2976 516 3009 hinc
536 2977 714 3019 periculum
737 2975 843 3010 statim
865 2977 1062 3010 incurramus
1088 2999 1099 3015 ,

172 3024 262 3069 quod
273 3025 423 3059 imminet
438 3025 532 3059 nobis
544 3026 562 3058 a
576 3025 650 3060 Deo
661 3026 694 3059 in
702 3027 943 3060 damnationem
956 3050 966 3066 ‚
984 3026 1011 3059 ‘a
1029 3027 1098 3060 Do·

173 3075 268 3109 mino
276 3074 365 3117 Papa
376 3098 387 3114 ,
413 3075 446 3108 &
458 3074 498 3109 ab
514 3073 618 3109 Archi
630 3093 640 3100 -
654 3076 815 3120 Episcopo
826 3076 993 3120 praesertim
1004 3076 1100 3109 inex-

174 3124 508 3159 communicationem
526 3149 537 3165 ,
564 3125 615 3157 vel
626 3126 755 3159 cerrein
779 3127 903 3160 ordinis
924 3126 1024 3160 nostri
1047 3126 1107 3159 de·›

175 3174 382 3208 structionem
395 3198 406 3213 ,
431 3173 471 3206 ab
490 3173 641 3215 omnibus
665 3176 785 3210 Archia
798 3176 963 3220 Episcopis
985 3177 1099 3210 futuris

176 3224 210 3258 in
222 3232 371 3267 aeternam
381 3223 450 3257 odii
463 3224 495 3256 δε
516 3223 721 3266 depreffionis
730 3227 950 3266 occasionem,
976 3226 1017 3259 ab
1028 3227 1098 3259 uni-

177 3274 265 3307 verso
276 3274 424 3315 mundo,
449 3271 645 3316 ubicumque
666 3274 727 3309 hoc
749 3276 896 3310 auditum
917 3277 1035 3315 fuerit,
1063 3277 1097 3310 in

176 3323 535 3366 sempiterniopprobrii
557 3324 793 3360 confusionem.
821 3328 854 3361 Ο
877 3325 1036 3370 angustia!
1065 3327 1098 3360 O

180 3373 339 3406 violentia
364 3371 506 3415 undique
529 3374 723 3415 periculosa!
758 3376 851 3410 Absit
873 3374 955 3415 hoc,
983 3376 1060 3409 absit
1080 3376 1098 3408 a

175 3423 316 3462 Domini
340 3421 438 3455 nostri
461 3423 561 3466 Regis
584 3424 700 3465 pietate
722 3435 817 3471 atque
838 3426 1006 3472 prudentia
1026 3451 1037 3467 ,
1064 3436 1100 3461 ut

276 3470 380 3513 christ.
393 3474 472 3515 Lupi
483 3475 581 3515 Opera
592 3476 667 3507 Tom.
674 3476 712 3508 Χ.

156 643 192 678 lo
213 645 274 679 tibi
296 656 350 690 per
363 644 485 679 litteras
500 644 645 687 supplico
658 667 668 684 ,
692 641 794 675 nimis
807 641 1092 683 praesumptuosum

156 694 325 729 existimo.
352 693 481 728 Videns
499 695 599 738 igitur
623 693 656 726 in
679 691 896 735 appellatione
915 690 1093 734 Episcopo-

157 755 230 778 rum
241 769 252 785 ,
277 747 329 780 cui
343 756 396 787 per
404 743 540 787 justitias
552 741 843 787 Regis-consentire

163 2230 302 2264 transitis
321 2229 507 2264 Abbatibus
527 2229 639 2263 multis
663 2253 674 2270 ,
713 2228 879 2264 Prioribus
911 2230 1008 2263 etiam
1032 2237 1098 2261 tam

165 2278 411 2313 Monachorum
433 2279 530 2323 quam
542 2280 791 2314 Canonicorum
806 2305 817 2320 ,
842 2290 967 2324 magnae
998 2277 1080 2312 uh·

1920 130 2019 168 =291

1155 188 1223 224 ‘nm
1245 184 1424 231 periculose
1443 198 1556 224 eontra
1580 200 1639 225 nos
1654 188 1822 233 distaverit
1839 222 1852 239 ,
1887 198 1945 243 qui
1966 209 2030 234 nos
2048 200 2093 235 ab

1156 236 1407 274 oriani-humano
1419 238 1534 274 solatio
1554 238 1724 276 destitutos
1734 246 1766 279 in
1778 248 1829 282 sua
1842 260 1918 284 cura
1929 250 2083 294 suscepit·

1153 289 1226 337 Qi-
1246 287 1342 322 nobis
1354 288 1430 322 loco
1455 290 1558 324 Archi
1571 307 1580 316 ·
1593 290 1746 334 Episcopi
1767 296 1799 329 ὅ(
1820 298 1894 332 1000
1913 299 2034 334 prim-53
2052 300 2084 334 s·

1154 338 1299 372 fiiturum
1320 338 1460 373 fideliter
1480 341 1645 384 proposuit
1659 365 1666 373 .
1695 341 1738 374 Er
1749 338 1897 381 haetenus
1908 350 2085 385 misericor.

1154 388 1237 423 diter
1249 389 1311 422 fuit
1326 413 1335 420 .
1359 388 1471 437 Qiem
1483 390 1587 424 solum
1599 391 1669 434 post
1694 391 1803 425 Deum
1826 393 1858 425 ἀ
1879 397 2007 432 Sanaos
2016 397 2085 440 ejus

1155 439 1190 473 in
1211 448 1293 472 terra
1307 448 1481 483 patronum
1492 439 1668 479 habemus,
1695 441 1727 475 ἀ
1738 442 1756 474 a
1770 451 1837 482 quo
1849 443 1917 475 solo
1925 445 2088 489 solatium,

1154 487 1325 523 consilium
1336 513 1347 530 ‚
1369 489 1402 524 δε
1414 490 1574 524 auxilium
1590 492 1748 534 speramus
1760 516 1768 524 .
1793 491 1912 526 Certus
1923 492 1991 525 sum
2001 496 2089 537 quod.

1155 539 1315 573 sententia
1335 538 1394 573 isia
1413 539 1432 573 a
1467 539 1618 574 Domino
1637 541 1748 575 nostro
1769 541 1867 588 Rege
1883 550 1997 576 contra
2033 554 2092 577 nos

1155 590 1242 622 filios
1263 588 1358 630 suos,
1387 590 1445 624 fibi
1458 591 1623 635 semper&
1645 591 1768 634 ubique
1791 592 2012 632 fidelislimos,
2033 592 2093 626 mi-

1155 638 1242 672 nime
1260 639 1430 683 processit,
1468 640 1520 674 fed
1542 638 1683 683 iustitias
1701 642 1769 683 ejus
1789 643 2093 677 excommunicato-

1154 699 1225 722 rum
1246 688 1407 723 calliditas
1430 692 1664 731 circumvenit,
1692 702 1727 724 ut
1739 701 1818 732 nos,
1845 691 1899 734 qui
1922 691 1957 725 in
1984 693 2094 736 capite

1154 738 1265 783 Regni
1291 739 1417 780 sumus,
1443 740 1552 774 secum
1563 740 1817 784 appellationem
1840 742 2090 787 facerecogant,

1153 799 1311 832 perquam
1321 788 1494 823 &causam
1509 788 1609 823 Archi
1621 809 1633 815 -
1647 790 1799 834 Episcopi
1812 791 1954 825 maxime
1974 791 2085 836 depri-

1154 836 1329 877 mendam,
1353 839 1386 873 &
1408 841 1495 873 suam
1508 841 1526 874 e
1545 840 1709 875 contrario
1728 841 1904 885 plurimum
1928 841 2090 876 roboran-

1152 888 1226 923 dam
1246 888 1315 921 fore
1336 889 1522 924 existimant
1548 915 1556 923 .
1590 891 1654 926 Sed
1676 891 1785 925 utrum
1805 903 1847 926 ex
1871 891 2092 935 appellatione

1155 938 1260 973 nostra
1273 938 1389 982 aliquis
1399 941 1555 982 profestos
1564 940 1629 975 illis
1641 940 1808 975 subvenire
1832 941 1926 985 poffit
1938 966 1949 983 ,
1989 939 2092 975 ambi-

1153 999 1252 1033 guum
1274 987 1337 1022 est.
1367 989 1476 1023 Nobis
1486 1001 1595 1025 autem
1608 990 1704 1025 tama
1728 992 1827 1032 Deo,
1854 990 1952 1036 quam
1970 990 2012 1025 ab
2032 989 2094 1025 ho·

1153 1038 1385 1073 minibusin-de
1403 1039 1586 1075 maximum
1606 1041 1981 1085 imminerepericulum
1996 1065 2008 1082 ,
2033 1051 2097 1075 cer-

1154 1088 1306 1122 tiffimum
1324 1088 1390 1122 est.
1416 1089 1477 1124 Sed
1501 1101 1605 1135 neque
1631 1091 1717 1135 apud
1737 1092 1924 1126 Dominum
1947 1091 2096 1128 nostrum

1153 1139 1279 1182 Regem
1301 1148 1407 1173 tutum
1425 1139 1521 1175 nobis
1545 1141 1608 1175 esse
1622 1141 1724 1184 potest
1736 1165 1748 1182 ,
1774 1152 1810 1176 ut
1831 1142 1882 1177 vel
1892 1140 2012 1185 absque
2028 1141 2096 1184 spe-

1152 1188 1229 1222 ciali
1240 1186 1475 1231 ejusmandato
1491 1215 1502 1231 ‚
1527 1191 1579 1225 vel
1591 1191 1711 1234 proprii
1723 1192 1790 1226 otis
1811 1192 1950 1235 imperio
1974 1189 2040 1224 hoc
2050 1190 2098 1223 fa-

1153 1237 1280 1270 ciamus
1290 1260 1301 1276 ,
1329 1238 1498 1280 praesertim
1511 1240 1586 1273 cum
1600 1242 1632 1272 in
1646 1241 1740 1282 ipsius
1752 1241 1888 1274 consilio
1901 1252 1942 1274 ex
1953 1248 2025 1273 toto
2036 1249 2095 1282 po·

1152 1285 1202 1318 siti
1224 1285 1319 1318 fimus
1337 1309 1354 1317 ..
1372 1287 1450 1319 Scio
1465 1298 1571 1331 neque
1592 1289 1696 1329 ipsum
1716 1299 1822 1330 neque
1840 1290 1914 1322 suos
1936 1290 1969 1322 in
1982 1289 2098 1331 aliquo

1154 1335 1202 1369 vel
1217 1332 1383 1368 modicum
1395 1334 1543 1370 dubitare
1555 1336 1597 1370 de
1611 1335 1724 1377 nobis,
1754 1348 1822 1381 quo
1843 1337 1965 1372 necesse
1977 1338 2014 1371 fit
2034 1336 2095 1373 hue

1153 1384 1292 1428 jusmodi
1306 1395 1372 1418 rem
1385 1385 1596 1429 periculosam
1607 1386 1625 1418 a
1639 1385 1735 1420 nobis
1746 1387 1875 1432 exigere
1886 1413 1894 1422 .
1906 1388 1992 1423 Sciat
2002 1387 2095 1421 enim

1155 1435 1286 1469 dilectio
1310 1444 1364 1468 tua
1379 1457 1390 1473 ‚
1413 1436 1492 1468 sciat
1504 1445 1612 1469 tecum
1638 1435 1799 1470 sociorum
1811 1447 1942 1470 tuorum
1954 1460 1966 1477 ,
1991 1436 2024 1470 id
2036 1436 2097 1476 est,-

1155 1483 1348 1527 justitiarum
1362 1484 1461 1528 Regis
1475 1483 1644 1527 prudentia
1658 1509 1669 1525 ,
1695 1483 1772 1518 sciat
1783 1484 1952 1520 vobiscum
1969 1486 2098 1521 univer·

1158 1536 1187 1567 sa
1200 1544 1280 1569 terra
1291 1558 1302 1574 ,
1332 1534 1422 1577 quod
1436 1534 1622 1569 Dominum
1635 1534 1778 1569 nostrum
1793 1536 1919 1580 Regem
1944 1547 2004 1580 prae
2025 1547 2097 1570 om-

1157 1584 1254 1619 nibus
1275 1582 1468 1618 horninibus
1491 1599 1502 1624 ,⁴
1528 1584 1584 1628 qui
1608 1583 1683 1618 sunt
1704 1585 1738 1618 in
1760 1595 1841 1620 terra
1861 1609 1873 1627 ‚
1901 1587 1934 1620 in
1958 1588 2098 1621 veritate

1157 1635 1342 1679 diligimus,
1368 1633 1572 1669 &honorem
1587 1635 1682 1678 ipsius
1707 1635 1740 1669 in
1757 1635 1917 1674 ,omnibus
1953 1662 1963 1678 ‚
1989 1637 2023 1671 δε
2040 1647 2094 1680 per

1157 1686 1271 1719 omnia
1282 1693 1340 1729 pto
1354 1684 1491 1718 modulo
1504 1684 1614 1717 nostro
1631 1685 1811 1724 servamus,
1838 1685 1872 1717 δε
1894 1687 2018 1720 servare
2039 1696 2098 1719 vo-

1159 1735 1266 1768 lumus
1275 1756 1282 1765 .
1310 1733 1420 1775 Hujus
1433 1731 1575 1766 veritatis
1587 1731 1680 1766 testes
1695 1733 1770 1767 sunt
1780 1734 1947 1768 orationes
1961 1735 2075 1769 nostrae
2087 1759 2099 1775 ‚

1159 1793 1238 1826 quas
1248 1783 1323 1817 Deo
1342 1788 1402 1825 pro
1421 1781 1671 1823 saluteipfius&
1697 1781 1855 1817 haeredum
1877 1784 1969 1827 ejus,
1995 1785 2028 1818 δε
2042 1795 2101 1828 pro

1160 1831 1386 1866 incolumitate
1407 1832 1510 1866 totius
1533 1831 1641 1876 Regni
1668 1855 1679 1873 ,
1720 1833 1888 1876 specialius
1913 1834 2010 1878 quam
2040 1845 2100 1877 pro

1159 1883 1227 1916 ullo
1248 1880 1422 1916 hominum
1443 1905 1454 1922 ,
1481 1881 1535 1916 die
1556 1891 1594 1916 ae
1618 1882 1908 1917 nosteaffectuosa
1940 1883 2101 1919 charitate

1158 1932 1325 1967 offerimus
1346 1957 1354 1964 .
1379 1931 1481 1977 Qod
1506 1940 1542 1967 ut
1563 1932 1694 1977 quiete,
1734 1933 1812 1968 ficut
1834 1932 1987 1968 hastenus
2011 1935 2100 1969 'feci—

1161 1993 1250 2021 mus,
1278 1983 1400 2024 semper
1420 1982 1524 2016 facere
1545 1982 1697 2027 poffimus
1713 2006 1725 2023 ‚
1752 1984 1774 2018 si
1798 1983 1869 2019 vere
1891 1986 1924 2019 &
1948 1983 2098 2019 Ecclefiae

1162 2032 1274 2065 nostrat
1295 2031 1330 2065 ὃς
1354 2031 1458 2077 Regis
1479 2033 1615 2069 Amicus
1629 2043 1680 2075 es,
1708 2034 1815 2068 immo
1838 2035 1938 2076 vero,
1964 2035 2039 2079 quia
2051 2046 2098 2074 es,

1162 2080 1256 2115 nobis
1266 2081 1305 2115 ad
1318 2082 1494 2115 imminens
1507 2082 1706 2119 evadendum
1720 2084 1900 2128 periculum
1913 2109 1925 2125 ‚
1950 2083 1984 2119 in
1998 2097 2097 2129 quan-

1161 2142 1230 2165 tum
1253 2142 1362 2174 potes,
1389 2130 1576 2175 providere,
1602 2133 1635 2167 δε
1656 2134 1762 2169 socios
1782 2145 1856 2170 tuos
1879 2161 1889 2176 ,
1926 2134 2029 2179 Regis
2049 2136 2097 2177 ju-

1166 2181 1267 2214 stitias
1288 2183 1320 2215 ἃ
1337 2181 1476 2216 Amicos
1486 2183 1526 2217 ad
1541 2183 1928 2228 similiterprovidendum
1940 2185 2098 2219 omnibus

1162 2230 1403 2264 modisallicere
1421 2231 1534 2266 debes.
1564 2234 1619 2268 Ut
1641 2234 1741 2279 igitur
1764 2234 1955 2275 Christum,
1981 2235 2033 2268 cui
2061 2235 2097 2269 in

1164 2279 1304 2314 Ecclesia
1327 2278 1548 2323 ipfiusdevote
1570 2283 1723 2317 servimus
1738 2308 1748 2323 ,
1775 2285 1809 2318 in
1830 2286 1974 2318 maxima
1990 2285 2100 2318 neces-

1161 2331 1250 2363 sitate
1270 2339 1327 2364 tua
1340 2338 1407 2363 non
1418 2331 1561 2365 aversum
1574 2331 1592 2365 ὲ
1605 2341 1636 2366 te
1649 2355 1660 2372 ,
1686 2334 1767 2366 ficut
1784 2333 1817 2366 in
1832 2335 1954 2369 visione
1967 2334 2097 2375 vidisti,

1163 2380 1213 2413 sed
1224 2378 1265 2414 ad
1286 2388 1320 2413 te
1330 2380 1545 2422 conversum,
1570 2382 1648 2415 sicut
1670 2381 1786 2416 iterum
1805 2383 1932 2425 vidisti,
1972 2385 2098 2428 tibique

1163 2429 1338 2474 propitium
1358 2429 1502 2464 invenias
1521 2454 1532 2471 ‚
1569 2430 1604 2463 ἀ
1629 2440 1665 2464 ut
1688 2432 1833 2464 Beatum‘
1849 2432 2057 2466 Dunstanum
2084 2458 2097 2474 ,

1162 2480 1338 2524 omnesque
1359 2481 1490 2515 Sanstos
1500 2501 1510 2518 ,
1534 2488 1673 2521 quornm
1687 2479 1846 2524 Reliquiae
1857 2481 1890 2515 in
1903 2483 1972 2515 nost
1979 2494 2007 2515 ra
2020 2493 2097 2517 con-

1163 2530 1308 2564 tinentur
1319 2529 1483 2569 Ecclesia,
1508 2539 1577 2562 non
1591 2539 1705 2563 contra
1719 2539 1753 2564 te
1772 2541 1879 2566 coram
1900 2532 1976 2566 Deo
1998 2543 2096 2566 accu-

1165 2581 1299 2620 satores,
1327 2579 1379 2613 sed
1390 2589 1449 2621 pro
1461 2587 1494 2611 te
1504 2577 1590 2622 apud
1606 2579 1712 2613 Deum
1734 2580 1855 2624 semper
1879 2582 2098 2616 intercessores

1153 2630 1282 2666 ,efficias
1293 2654 1304 2669 ‚
1330 2639 1406 2662 ecce
1416 2638 1500 2672 eg0,
1526 2639 1549 2662 o
1562 2627 1710 2663 Domine
1723 2631 1913 2665 venerabilis
1923 2655 1933 2671 ,
1959 2631 1993 2665 δε
2006 2631 2098 2666 Ami-

1162 2691 1198 2715 ce
1209 2678 1388 2714 charissime
1400 2702 1411 2718 ,
1437 2680 1472 2712 in
1486 2679 1617 2722 persona
1634 2681 1735 2714 totius
1748 2680 1940 2715 Conventus
1951 2680 1990 2715 ad
2004 2681 2100 2726 pedes

1162 2729 1296 2764 Pietatis
1308 2738 1370 2761 tuae
1381 2728 1514 2771 supplex
1530 2729 1563 2762 δι
1576 2727 1708 2762 humilis
1721 2730 1811 2773 jaceo
1827 2755 1837 2771 ‚
1865 2733 2042 2776 gemitibus
2061 2733 2096 2766 ὅ(

1162 2778 1471 2821 lachrymisinsitam
1483 2777 1543 2813 tibi
1567 2777 1748 2814 bonitatem
1768 2781 1953 2823 postulans,
1979 2793 2015 2816 ut
2038 2794 2100 2816 no-

1162 2830 1210 2864 bis
1221 2854 1232 2870 ,
1259 2828 1299 2862 de
1308 2838 1368 2862 tuo
1380 2828 1518 2862 consilio
1529 2828 1564 2863 δε
1575 2830 1700 2863 auxilio
1709 2830 1882 2873 plurimum
1898 2832 2096 2866 confidenti·

1162 2879 1241 2917 bus,
1267 2879 1299 2911 in
1318 2877 1378 2911 hac
1392 2877 1568 2921 periculosa
1584 2880 1767 2914 necestitate
1792 2880 1980 2916 subvenias:
2007 2883 2095 2917 &ita

1161 2941 1221 2963 nos
1241 2928 1281 2962 ab
1293 2927 1353 2961 hac
1363 2928 1509 2974 angustia
1521 2929 1699 2964 secundum
1714 2931 1820 2965 datam
1834 2932 1891 2965 tibi
1913 2932 1930 2966 a
1954 2931 2028 2966 Deo
2041 2942 2095 2974 po-

1161 2979 1306 3013 testatem
1317 2987 1414 3020 atque
1436 2978 1626 3023 sapientiam
1648 2979 1793 3014 absolute
1817 2982 1949 3021 liberes,
1976 2991 2011 3015 ut
2033 2992 2095 3015 nee

1162 3028 1302 3063 Domini
1317 3027 1417 3073 Regis
1439 3029 1700 3073 indignationem
1714 3053 1724 3069 ,
1750 3031 1999 3074 appellationem
2025 3030 2094 3065 sub-

1161 3079 1372 3122 terfugientes
1382 3078 1609 3119 ‚incurramus
1621 3103 1631 3118 ‚
1643 3090 1702 3113 nec
1712 3082 1963 3124 appellationem
1976 3082 2092 3115 facien-

1160 3138 1208 3162 tes
1221 3128 1368 3162 universo
1379 3129 1505 3163 mundo
1518 3129 1744 3171 sempiternum
1757 3131 1964 3174 opprobrium
1976 3129 2093 3163 efficia-

1160 3189 1232 3211 mur
1244 3202 1251 3210 .
1279 3178 1387 3212 Credo
1401 3179 1435 3211 in
1448 3177 1580 3212 Christo
1592 3203 1603 3219 ,
1629 3179 1662 3212 <Sc
1674 3179 1714 3213 de
1726 3190 1780 3215 tua
1793 3179 1937 3216 bonitate
1948 3177 2093 3217 confido,

1161 3227 1250 3272 quod
1263 3227 1298 3261 in
1311 3227 1370 3262 hac
1384 3228 1564 3262 necestitate
1577 3229 1682 3263 nostra
1701 3230 1783 3264 illud
1797 3228 1999 3273 proverbium
2012 3228 2092 3262 in‘te

1161 3288 1269 3311 verum
1297 3278 1520 3320 experiemur.-
1545 3281 1583 3311 In
1608 3280 1762 3319 neceffitate
1777 3274 1919 3322 probatur
1940 3281 2058 3310 Amicus
2083 3303 2091 3309 .

1166 3327 1248 3361 Puta
1274 3327 1377 3370 ipsum
1400 3325 1566 3362 Christum
1592 3339 1648 3371 pro
1673 3329 1919 3362 hacneceffitate
1952 3327 2097 3361 Ecclesiae

1165 3378 1224 3411 suae
1249 3377 1447 3419 supplicare,
1475 3378 1508 3411 ὅ(
1530 3389 1644 3412 omnes
1666 3379 1817 3417 Samstoe,
1843 3388 1982 3420 quorum
2001 3378 2034 3410 in
2056 3389 2094 3411 ea

1170 3427 1333 3469 Reliquias
1355 3426 1566 3462 continentur
1584 3453 1596 3469 ,
1628 3437 1719 3460 tuum
1750 3437 1808 3469 pro
1833 3427 1908 3462 loco
1932 3427 2097 3470 sepultura:

1652 3476 1678 3510 ’Β
1691 3476 1710 3510 b
1767 3488 1789 3514 2
1988 3477 2048 3510 sua:
