2358 3776
486 120 526 165 S.
564 116 854 165 THOMAE
890 115 1285 172 CANTUAR.
1323 116 1572 165 LIR.11.

70 213 210 248 frustum
232 208 427 254 Legationis
451 210 635 254 exspestent
657 208 691 244 in
709 208 814 244 Terra
824 206 927 252 ,Regis
940 205 1009 243 An-

71 263 223 307 glorum,
250 258 374 303 judicio
391 261 421 294 se
435 260 524 296 nulla
533 261 661 294 ratione
682 258 853 302 subjiciat.
879 259 934 292 De
956 270 1010 292 cae-

1836 142 1926 182 191

1067 208 1144 246 selis
1166 206 1269 242 redire
1291 207 1324 240 in
1349 207 1489 253 gratiam
1510 207 1638 253 Regis,
1670 212 1706 246 ,δε
1726 213 1865 260 recipere
1884 214 2002 251 Sedens

1073 262 1160 294 suam
1172 282 1182 298 ,
1206 257 1588 300 &administrationem,
1613 257 1647 292 δε
1662 271 1774 302 pacem
1790 265 1890 300 fibi&
1903 267 1964 300 suis
1992 290 2002 298 .

70 310 300 347 terotraeiatur
336 311 376 345 de
389 322 467 354 pace
489 311 621 356 Regum
632 335 640 343 .
668 309 742 343 Rex
766 308 954 354 Anglorum
975 310 1010 343 ἀ
1071 310 1127 344 Ad
1137 307 1202 344 hoc
1215 307 1342 342 Archi·
1355 308 1534 353 Episcopus
1546 309 1710 352 respondit
1722 322 1733 342 .·
1760 316 1885 348 Nullum
1898 314 2001 359 Deces-

67 362 191 407 «Comes
213 360 378 395 Henricus
396 361 621 400 contendunt,
651 368 687 393 ut
709 361 790 394 alter
809 359 944 393 alterurn
974 360 1009 392 in

68 409 134 445 hoc
145 413 281 455 negotio
304 411 398 455 possit
417 411 538 447 astutia
555 412 718 454 superare.
745 409 809 444 Sed
831 408 912 452 quia
925 408 1011 444 nihil

68 459 175 494 adhuc
190 462 498 506 peperitconceptus
509 472 622 496 eorum
632 460 739 495 relatu
749 460 890 504 dignum
903 483 916 500 ,
943 472 1014 494 ver·

68 510 102 545 bi
116 510 210 554 hujus
219 512 448 549 executionem
460 513 494 546 in
513 511 607 546 aliud
623 510 887 554 tempuscredidi
907 521 1011 553 prote-

69 561 218 595 landam.
247 562 474 608 Lugdunensis
496 561 811 604 Archi-Episcopus
835 560 1010 595 Ecclesiam

67 610 104 644 ὅ(
115 611 282 648 civitatem
294 614 382 646 suam
401 623 478 647 cum
493 610 620 646 honore
630 612 665 645 δε
677 612 787 648 laetitia
801 609 952 644 omnium
967 623 1011 644 re-

68 662 157 704 cepit
178 662 212 695 in
226 662 307 697 festo
317 661 409 697 Beati
434 661 592 697 Martini.
616 662 738 695 Eadem
749 660 804 695 die
823 662 1013 705 congressus

73 710 246 747 Federicus
269 713 321 749 Ex
332 730 342 740 ·
353 711 524 756 Augustus
555 724 630 746 curn
664 711 968 745 Mediolanensibus
995 735 1006 751 ,

70 762 189 797 amiffis
201 763 319 807 viginti
340 763 487 806 quinque
509 762 669 796 militibus
684 786 694 801 ‚
722 762 755 794 in
769 762 882 805 fugam
904 762 1013 795 versus

70 811 117 844 est
129 835 137 844 .
166 812 337 847 Dominus
347 812 436 855 Papa
446 812 580 855 receptis
591 812 735 846 Nunciis
744 836 755 852 ‚
778 811 837 854 *qui
854 812 1013 845 Constan-

71 860 248 904 tinopolim
261 862 391 904 profeffi
405 864 532 896 fuerant
541 885 552 901 ,
579 873 653 895 cum
666 862 855 895 muneribus
866 863 899 896 δε
912 861 1015 895 hono·

70 921 105 943 re
115 935 126 951 ,
149 910 187 943 &
198 910 344 945 similiter
353 910 488 956 Legatis
503 911 605 957 Regis
617 912 737 952 Siculi,
769 912 969 955 prosperatur
982 913 1015 946 in

68 958 131 993 vi1s
143 960 305 1000 Domini,
331 971 458 995 moram
467 963 592 998 faciens
607 962 805 996 Beneventi.
833 962 922 996 Cum
948 963 1017 1006 plu-

65 1019 103 1043 ra
115 1009 319 1044 innotuerint
344 1011 426 1046 scitu
447 1012 550 1057 digna
562 1037 573 1053 ‚
598 1022 638 1047 ea
650 1011 742 1046 vobis
755 1013 830 1046 Deo
842 1007 1029 1056 propitian-'

66 1069 103 1145 {e
124 1059 261 1097 scribere
282 1072 351 1096 non
383 1062 565 1108 pigritabor
583 1087 594 1098 ,
636 1062 754 1097 Valete
772 1063 907 1099 interim
928 1087 939 1105 ,
980 1062 1018 1096 ἀ

87 1120 217 1155 emper,

194 1209 600 1248 EvlsToLA
699 1211 898 1247 xxvn.

76 1263 92 1282 Ὦ

131 1308 234 1346 Verba
251 1312 374 1344 Domini
394 1309 622 1350 Cantuaerlenfis
642 1320 707 1347 cum
730 1313 854 1353 Legum
875 1313 956 1344 inter

353 1357 519 1401 Glsorti'um
549 1360 583 1393 kt
601 1361 729 1394 Trium.

171 1455 261 1492 UIA
290 1467 324 1492 te
339 1459 428 1502 super
437 1458 522 1492 statu
536 1458 705 1500 Ecclefiae,
716 1460 752 1494 &
766 1459 944 1503 impetratae
957 1458 1017 1493 Le·

193 1509 338 1551 gationis
359 1519 476 1542 eventu
489 1509 665 1544 sollicitum
678 1510 741 1544 effe
764 1521 832 1543 non
847 1509 982 1553 ambigo
1007 1533 1020 1550 .,

203 1558 243 1592 ad
255 1558 539 1593 tuam&aliorum
560 1561 670 1594 Deum
693 1560 882 1594 timentium
906 1560 1019 1593 conso-

73 1606 233 1642 lationem
258 1607 325 1643 haec
348 1609 579 1644 tibisuccineta
593 1610 750 1644 brevitate
765 1608 878 1644 censui
889 1608 1021 1651 praescri-

70 1656 180 1691 benda
194 1684 201 1688 .
229 1658 372 1692 Noveris
384 1660 496 1700 itaque
508 1660 695 1693 Dominum
714 1660 984 1694 cantuariensem
1008 1682 1020 1700 ,

72 1709 110 1741 &
124 1707 304 1742 nonnullos
337 1708 378 1742 de
390 1709 444 1742 Co
456 1726 467 1733 ·
480 1708 640 1744 Exulibus
650 1710 714 1744 suis
725 1734 736 1750 ,
762 1709 797 1744 in
808 1711 920 1743 octava
942 1709 1021 1743 Bea-

74 1758 103 1790 ti
125 1756 268 1798 Martini
292 1758 377 1791 inter
391 1757 574 1792 Gisonium
598 1761 632 1792 &
652 1760 770 1792 Triam
799 1758 959 1792 acceffifle
978 1758 1019 1791 ad

71 1807 281 1848 colloquium
308 1807 528 1849 Legatorum.
557 1806 646 1840 Cum
669 1808 748 1840 vero
772 1807 822 1839 illi
836 1807 939 1839 multa
950 1816 1019 1848 pro-

74 1855 255 1900 posuissent
267 1854 307 1888 de
317 1853 475 1889 charitate
487 1855 629 1889 Domini
644 1856 741 1899 Papae
751 1856 785 1890 ὅσ
797 1855 1019 1893 sollicitudine

76 1904 201 1946 nostri,
227 1916 326 1950 quam
344 1904 499 1939 attentius
515 1907 600 1949 gerit
621 1904 662 1940 de
688 1905 852 1940 laboribus
877 1906 1019 1949 ipsorum

74 1955 243 1990 &itineris
257 1955 407 1998 periculis
417 1980 427 1996 ‚
453 1955 495 1989 de
507 1956 739 2000 magnitudine
749 1955 911 1998 Principis
921 1957 954 1990 ὅ(
967 1967 1020 1990 ne·

76 2005 220 2040 ceffitate
243 2005 412 2046 Ecclesiae,
439 2005 481 2038 de
502 2006 629 2039 malitia
648 2007 805 2048 temporis
822 2029 834 2046 ,
859 2006 900 2040 de
911 2016 1022 2039 amore

75 2056 111 2093 ,ἀ
131 2055 297 2090 beneficiis
323 2079 333 2095 ,
370 2054 488 2099 quibus
510 2055 679 2089 Dominus
718 2056 794 2090 Rex
826 2065 1020 2098 praevenerat

77 2105 372 2146 Cantuariensem,
403 2106 438 2140 &
459 2106 502 2140 de
525 2105 652 2140 honore
662 2117 761 2149 quem
772 2106 803 2139 ei
827 2106 949 2148 semper
969 2116 1022 2139 ex-

77 2153 210 2196 hibuit,
235 2154 422 2199 adjecerunt
443 2156 542 2190 etiam
563 2157 708 2198 querelas
724 2156 757 2190 &
775 2155 930 2199 injurias,
954 2155 1023 2197 qui-

69 2205 138 2240 bus
150 2205 224 2241 Rex
247 2207 279 2240 se
293 2207 398 2239 laesum
415 2207 434 2239 ὲ
456 2206 682 2240 Cantuarienfi
695 2207 910 2249 conqueritur
925 2230 935 2245 ,
964 2206 1023 2238 irn-

78 2266 206 2299 ponens
215 2256 245 2288 ei
259 2256 292 2288 &
307 2257 388 2289 inter
399 2266 530 2295 caetera,
559 2255 650 2299 quod
668 2256 698 2290 ei
719 2257 919 2290 excitaverat
931 2266 1022 2300 guer-

79 2316 149 2339 ram
177 2305 282 2349 Regis
292 2305 512 2339 Francorum.
539 2307 733 2353 Qaerentes
757 2306 930 2340 confilium
943 2317 1024 2350 quo-

79 2354 595 2398 modotantamindignationem
619 2357 743 2399 placere
764 2357 890 2399 possent
905 2369 916 2389 .·
944 2356 1021 2399 quia

81 2406 150 2438 sine
171 2404 275 2439 multa
296 2402 504 2445 humilitate,
529 2406 565 2438 ἀ
587 2406 839 2447 moderatione,
878 2406 914 2440 &
934 2404 1023 2439 exhi-

81 2455 210 2489 bitione
219 2453 356 2488 honoris
369 2463 529 2488 noverant
541 2455 639 2488 tantis
662 2455 813 2498 periculis
839 2456 1021 2490 remedium

81 2502 232 2538 adhiberi
251 2514 321 2537 non
336 2504 439 2546 posse.
469 2504 712 2539 Cantuariensis
726 2505 849 2540 veroin
860 2505 953 2539 omni
967 2505 1023 2540 hu·

80 2553 257 2594 manitate,
285 2554 320 2587 δε
332 2554 582 2588 mansuetudine
594 2555 722 2597 spiritus
733 2580 743 2595 ,
758 2558 828 2599 post
842 2557 1021 2601 gratiarum

81 2603 245 2638 actionem
258 2602 410 2637 Domino
422 2601 559 2646 Papae&
582 2605 646 2638 illis
658 2605 802 2640 debitam
815 2630 826 2646 ,
853 2607 1021 2649 respondit

81 2652 122 2688 ad
135 2654 260 2699 singula
272 2677 283 2693 ,
309 2652 490 2687 rationibus
503 2654 584 2687 veris
595 2655 629 2689 ὃς
640 2655 864 2697 probabilibus
875 2657 1020 2700 querelas

83 2703 188 2748 Regis
198 2713 357 2738 evacuans
369 2726 380 2742 ‚
404 2703 438 2736 &
452 2704 586 2746 injurias
600 2705 747 2738 Ecclesia:
757 2705 789 2739 &
800 2705 920 2740 damna
934 2706 1024 2741 into-

83 2752 228 2788 lerabilia
252 2764 397 2797 patenter
410 2765 594 2796 exponens.
625 2755 668 2788 Et
678 2756 754 2798 quia
766 2754 987 2790 humilitatem
1011 2780 1023 2798 ,

83 2805 116 2838 δε
136 2804 336 2839 delationem
362 2803 498 2838 honoris
508 2804 548 2839 ab
569 2816 610 2837 eo
630 2805 807 2849 exigebant
820 2829 831 2845 ,
857 2804 1023 2849 respondit

83 2855 117 2887 se
129 2865 261 2889 omnem
275 2852 493 2888 humilitatem
503 2854 725 2902 exhibiturum
737 2879 748 2895 ,
777 2856 810 2888 ἀ
835 2854 971 2889 honoris
991 2857 1024 2890 ὅ(

85 2905 269 2939 reverentiae
279 2914 582 2949 quantumcumque
598 2906 717 2948 posset:
732 2907 750 2937 5
753 2906 823 2939 alvo
836 2905 942 2939 bonore
954 2909 1024 2947 Dei,

87 2955 122 2989 (a
145 2953 279 2987 libertate
298 2954 454 2996 Ecclefiae,
487 2957 524 2989 Θ·
547 2955 693 2996 honestate
707 2954 842 2998 persimae
855 2954 920 2999 suae
940 2981 952 2997 ,
990 2959 1024 2991 &¹

83 3003 291 3046 poffeffionibus
318 3004 448 3046 Ecclefiae
461 3029 468 3037 .
497 3006 540 3052 Et
552 3007 573 3040 sl
586 3005 633 3040 eis
642 3006 767 3050 aliquid
793 3005 952 3041 videretur
971 3006 1024 3041 ad-

79 3052 290 3096 jiciendum,
315 3064 372 3087 aut
386 3055 585 3090 demendum
608 3067 664 3091 aut
686 3056 950 3098 immutandum,
975 3069 1022 3092 ro-

87 3103 179 3148 gavit
191 3112 227 3136 ut
249 3103 279 3135 ei
297 3103 470 3139 confilium
493 3106 628 3145 darent,
653 3106 775 3142 habens
795 3107 1021 3151 adquiescendi

81 3153 290 3198 *propositum
303 3176 314 3192 ,
341 3152 427 3186 salva
448 3154 638 3191 conditione
657 3158 860 3200 professionis
878 3158 913 3192 ὃς
934 3157 1018 3193 ordi-

87 3203 140 3237 nis
152 3226 160 3235 .
187 3203 255 3236 lllis
270 3211 378 3237 autern
390 3202 573 3240 dicentibus
584 3207 614 3241 se
626 3218 693 3241 non
707 3208 829 3243 venisse
842 3218 878 3243 ut
891 3207 921 3243 ei
933 3233 944 3250 ‚
970 3209 1020 3243 sed

86 3264 124 3287 ut
140 3263 216 3286 eum
238 3253 445 3287 consulerent
458 3277 470 3294 ,
503 3256 537 3288 δι
558 3257 834 3293 reconciliationis
856 3269 1019 3294 tentarent

87 3304 193 3344 viam;
222 3302 300 3336 item
313 3304 477 3346 quaefitum
488 3304 533 3338 est
554 3305 596 3339 ab
619 3306 920 3353 Archi-Episcopo
934 3334 944 3349 ,
979 3321 1019 3344 an

87 3353 121 3387 in
136 3352 298 3396 praesentia
311 3353 511 3397 Legatorum
523 3355 619 3390 vellet
642 3358 830 3400 promittere
852 3359 1022 3394 observan-

83 3404 164 3437 tiam
187 3403 463 3438 consuetudinum
480 3429 492 3446 ‚
517 3404 636 3449 quibus
655 3406 865 3443 Deeefl'orum
890 3411 1020 3444 suorum

85 3462 231 3499 ‚tempore
244 3452 352 3498 Reges
364 3453 406 3488 uli
420 3455 492 3490 sunt
505 3480 516 3497 ,
541 3457 576 3490 ἀ
590 3456 630 3490 fic
642 3457 752 3502 sopitis
773 3459 928 3495 omnibus
948 3471 1022 3505 que·

1067 359 1164 404 sorum
1182 356 1301 402 suorum
1321 359 1360 393 ab
1381 361 1484 402 ,aliquo
1504 363 1618 403 Regum
1633 360 1681 392 ad
1708 359 1789 393 banc
1805 366 2002 405 profeffionem

1065 409 1152 453 fuiffe
1166 410 1341 449 adlatum,
1368 409 1514 456 nequeuse,
1541 413 1606 444 Deo
1624 408 1778 450 Autbore,
1802 414 2003 454 psomrffurum

1071 471 1203 503 unquam
1220 469 1253 492 ut
1273 458 1406 503 observet
1424 459 1649 503 consuetudtnes
1663 485 1672 500 ,
1697 472 1769 503 quae
1782 463 1854 504 Legi
1873 464 1930 494 Dei
1948 472 2008 503 pa·

1068 520 1167 545 tenter
1186 508 1411 553 adversantur,
1437 512 1523 544 Sedis
1546 510 1713 552 Apostoltcae
1726 512 1899 545 convellunt
1907 517 2008 552 privi-

1071 563 1193 607 legium,
1219 561 1355 603 Ecclefiae
1370 566 1526 604 perimunt
1542 560 1714 595 libertatem
1731 584 1746 602 ‚
1780 573 1861 605 quas
1890 561 2011 594 Domi·

1074 622 1133 645 nus
1143 610 1231 654 Papa
1243 612 1385 646 Senonis
1396 613 1431 646 in
1446 611 1578 645 illorum
1589 612 1622 645 &
1640 612 1820 645 multorum
1845 610 2011 654 praesentia

1072 659 1308 696 condemnavit
1319 686 1330 702 ,
1357 662 1394 697 r&
1407 663 1474 706 ipse
1484 661 1593 705 postea
1609 661 1753 696 Domini
1765 662 1862 705 Papae
1881 662 2010 695 secutus

1073 710 1302 747 authoritatem
1317 736 1328 752 ,
1351 711 1504 755 quasdam
1524 723 1636 747 earum
1655 723 1732 746 cum
1749 711 2013 746 observatoribus

1076 761 1138 796 suis
1159 761 1295 804 subjecit
1313 761 1542 804 anathemati,
1563 762 1644 796 ficut
1663 763 1700 795 in
1722 762 1836 797 multis
1848 761 2013 796 Conciliis

1077 812 1215 846 Ecclesia
1227 812 1401 847 Catholica
1412 812 1521 848 feciffe
1531 812 1736 858 dignoscitur
1746 837 1754 844 .
1782 813 1866 846 Item
1879 812 2013 846 interro·

1074 873 1169 907 gatus
1177 862 1221 895 est
1234 886 1246 903 ,
1272 873 1312 896 an
1326 887 1336 903 ,
1358 863 1378 895 si
1391 873 1458 896 non
1470 863 1776 902 confirmationem,
1804 862 1917 897 saltem
1930 860 2014 895 diffi-

1075 912 1337 948 mulationem&
1349 913 1557 949 tolerantiam
1571 914 1668 948 vellet
1684 914 1929 957 repromittere,
1955 920 2013 946 aut

1079 974 1146 997 non
1167 963 1249 998 faeta
1261 963 1453 998 altrinsecus
1472 964 1582 1008 aliqua
1605 963 1777 998 mentione
1796 962 2016 998 consuetudi-

1077 1023 1157 1048 num
1172 1036 1182 1052 ,
1206 1013 1324 1048 sedem
1345 1014 1436 1049 suam
1459 1015 1647 1057 recipere&
1669 1025 1800 1058 pacem.
1830 1011 2018 1057 Respondit

1080 1063 1182 1098 Archi
1195 1082 1206 1088 -
1219 1064 1423 1107 Episcopus,
1445 1064 1538 1107 quod
1553 1064 1664 1099 noflrae
1684 1064 1792 1109 gentis
1813 1062 2021 1108 proverbium

1028 1145 1030 1148 ,
1079 1114 1145 1147 est:
1171 1115 1268 1156 ,ραόά
1291 1120 1458 1148 taciturnus
1472 1113 1614 1160 spiritum
1630 1116 1800 1157 praetendit
1818 1113 1983 1155 confitentis
2010 1136 2020 1144 .

1082 1161 1124 1198 Et
1135 1162 1212 1197 cum
1237 1164 1313 1198 Rex
1324 1164 1380 1198 fibi
1391 1163 1536 1199 videatur
1549 1166 1583 1198 in
1605 1166 1796 1208 posseffione
1815 1160 2023 1199 consuetudi-

1082 1224 1160 1248 num
1174 1214 1237 1246 effe
1250 1237 1261 1253 ,
1285 1214 1321 1247 ὅ(
1334 1214 1374 1248 ad
1382 1226 1439 1250 eas
1452 1215 1568 1257 injuste
1579 1215 1613 1249 ἀ
1624 1216 1784 1249 violenter
1796 1223 1896 1258 cogat
1906 1212 2021 1246 Eccle-

1079 1263 1179 1302 fiam,
1202 1263 1278 1296 fific
1298 1264 1705 1306 taciturnitateimpetrata
1732 1264 1865 1296 cessaret
1886 1272 2023 1296 concur·

1081 1312 1147 1353 sio,
1176 1308 1376 1344 authoritate
1392 1311 1539 1346 maxime
1551 1312 1753 1355 Legatorum
1774 1312 2022 1350 interveniente,

1080 1361 1198 1395 statum
1211 1359 1314 1394 fibi&
1333 1359 1407 1395 aliis
1421 1360 1583 1395 videretur
1593 1361 1772 1395 obtinuisse
1784 1361 1818 1395 in
1827 1361 1923 1395 causa
1944 1359 2003 1394 ista
2014 1384 2021 1392 .

1081 1410 1214 1454 Adiecit
1235 1411 1334 1445 etiam
1347 1436 1358 1451 ,
1387 1412 1419 1445 se
1431 1410 1530 1445 malle
1548 1410 1707 1454 perpetuo
1727 1412 1882 1451 exulare,
1908 1411 2027 1454 &pro-

1083 1461 1197 1500 scribi,
1221 1461 1257 1494 &
1284 1482 1295 1498 ‚
1317 1461 1444 1497 siDeus
1465 1461 1512 1495 ita
1535 1461 1722 1504 disposuit,
1748 1472 1806 1504 pro
1823 1460 1950 1504 justitiae
1969 1459 2025 1492 de·

1081 1511 1229 1546 fensione
1242 1511 1324 1544 mori
1340 1533 1350 1549 ,
1375 1511 1473 1551 quam
1485 1511 1519 1543 in
1532 1510 1644 1543 salutis
1656 1511 1717 1545 suae
1726 1510 1936 1553 dispendium
1949 1533 1960 1549 ,
1985 1509 2021 1543 δε

1083 1560 1303 1604 praejudicium
1323 1559 1552 1594 Ecclefiasticae
1574 1559 1728 1594 libertatis
1750 1559 1838 1594 hanc
1861 1560 1951 1594 ineat
1964 1569 2024 1603 pa-

1082 1620 1152 1644 cem
1165 1633 1172 1641 .
1201 1609 1293 1645 Deus
1304 1609 1394 1643 enim
1404 1610 1449 1644 esl
1461 1610 1518 1653 qui
1530 1610 1564 1643 in
1575 1610 1636 1644 tali
1644 1611 1741 1645 causa
1751 1620 1860 1645 tacere
1869 1608 2024 1653 prohibet

1083 1657 1271 1694 Sacerdotes
1284 1683 1295 1700 ,
1322 1660 1381 1703 qui
1401 1659 1680 1694 diffimulantibus
1696 1658 1887 1705 gehennam
1911 1670 2028 1703 praepa-

1083 1710 1195 1750 ravit,
1217 1709 1273 1743 ubi
1288 1708 1451 1743 nullaerit
1468 1707 1705 1742 diffimulatio.
1730 1709 1847 1743 Lectus
1866 1708 1912 1742 est
1934 1710 1967 1742 ὅ(
1990 1709 2027 1742 li·

1083 1759 1187 1794 bellus
1198 1758 1484 1791 abominationum
1505 1756 1636 1790 illarum
1646 1781 1654 1789 .
1684 1756 1727 1793 Et
1740 1758 1905 1801 quaelitum
1918 1757 1935 1791 ὲ
1949 1757 2028 1791 Car-

1081 1806 1249 1841 dinalibus
1263 1830 1275 1846 ,
1300 1817 1341 1839 an
1363 1805 1387 1838 ὲ.
1406 1805 1600 1842 Christianis
1610 1807 1691 1843 talia
1710 1806 1807 1842 liceat
1825 1806 1987 1842 observari
2015 1831 2027 1847 ,

1082 1868 1124 1890 ne
1142 1856 1221 1890 dum
1240 1856 1260 1889 ὲ
1282 1855 1687 1892 pastoribusdiffimulari.
1715 1856 1879 1902 Progressi
1893 1857 1967 1891 sunt
1980 1856 2023 1891 ad

1080 1907 1181 1941 aliam
1193 1907 1404 1950 quaestionem
1418 1931 1429 1947 ,
1454 1907 1651 1943 sciscitantes
1661 1918 1703 1942 an
1726 1907 1826 1941 vellet
1845 1916 1958 1941 eorum
1979 1906 2029 1949 ju-

1082 1957 1171 1991 dicio
1188 1957 1271 1991 stare
1291 1957 1384 2000 super
1407 1956 1459 1991 his
1483 1980 1494 1997 ,
1517 1969 1591 2001 qua:
1613 1958 1699 1991 inter
1715 1957 1822 2001 ipsum
1842 1956 1877 1991 &
1896 1956 2024 2000 Regem

1085 2015 1252 2040 vertuntur
1264 2030 1271 2038 .
1299 2006 1359 2039 Ille
1369 2017 1479 2042 autem
1490 2007 1531 2042 de
1546 2007 1656 2043 cauffae
1668 2008 1699 2041 se
1721 2008 1908 2042 sinceritate
1919 2006 2025 2040 confi-

1083 2056 1158 2090 dere
1179 2056 1344 2098 respondit
1354 2071 1374 2094 ,¹
1391 2057 1425 2091 ὅ(
1448 2057 1523 2091 cum
1545 2058 1611 2101 ipse
1632 2057 1724 2091 &sui
1738 2083 1749 2099 ,
1773 2058 1831 2101 qui
1856 2056 1875 2090 a
1900 2066 2027 2099 tempo-

1083 2117 1117 2140 re
1127 2106 1233 2139 multo
1242 2105 1391 2140 destituti
1410 2108 1509 2149 sunt,
1535 2106 1631 2153 plene
1653 2106 1775 2143 fuerint
1787 2107 1829 2142 ad
1851 2107 1965 2141 omnia
1984 2116 2027 2139 re.

1084 2156 1208 2195 stituti,
1234 2156 1487 2191 habitatatione
1506 2159 1688 2192 cauflarum
1701 2182 1712 2198 ‚
1735 2167 1841 2192 rerum
1855 2182 1866 2197 ,
1892 2157 1926 2191 ὃς
1947 2167 2029 2190 tem-

1084 2207 1172 2250 poris
1183 2230 1193 2246 ,
1219 2206 1283 2249 juri
1296 2205 1435 2241 libenter
1448 2207 1625 2250 pariturum
1638 2233 1648 2246 ‚
1674 2209 1710 2243 &
1725 2209 1755 2242 se
1767 2219 1829 2243 nec
1842 2207 1931 2251 poffe
1942 2230 1953 2247 ,
1965 2217 2027 2240 nec

1086 2256 1168 2290 velle
1180 2255 1362 2296 declinare,
1389 2257 1470 2297 quin
1482 2280 1494 2297 ,
1519 2258 1597 2299 ubi,
1620 2259 1656 2292 ἃ.
1671 2259 1807 2304 quando
1818 2260 1871 2298 ,ἀ
1882 2267 2024 2302 quomo-

1083 2304 1127 2340 do
1138 2305 1285 2346 debebit,
1311 2305 1593 2348 subeatjudicium
1606 2307 1694 2350 ejus,
1720 2307 1921 2342 velillorum
1935 2331 1946 2347 ,
1973 2317 2030 2340 cu·-

1083 2356 1133 2399 jus
1150 2380 1160 2395 ,
1188 2356 1239 2390 vel
1251 2367 1395 2399 quorum
1414 2356 1541 2401 judicio
1564 2358 1734 2392 Dominus
1753 2357 1839 2401 Papa
1852 2369 1928 2393 eum
1949 2356 2029 2391 stare

1084 2405 1199 2440 debere
1211 2404 1405 2440 decreverit.
1433 2407 1570 2442 Interim
1583 2409 1612 2441 se
1624 2409 1656 2441 δε
1682 2409 1757 2441 suos
1768 2409 1810 2441 ad
1825 2406 2028 2451 litigandum

1084 2457 1194 2500 urgeri
1207 2467 1275 2490 non
1286 2458 1375 2499 posse
1388 2480 1400 2496 ,
1427 2468 1487 2491 nec
1500 2466 1718 2502 paupertatem
1732 2458 1821 2490 suam
1834 2455 1874 2489 ad
1888 2456 1951 2488 hoc
1966 2456 2029 2488 suf-

1085 2507 1198 2546 ficere,
1223 2507 1277 2541 cui
1289 2508 1391 2542 etiam
1404 2508 1553 2542 victualia
1565 2507 1703 2546 desunt,
1734 2506 1792 2539 nili
1816 2504 2028 2539 Christianis·

1083 2557 1152 2591 fimi
1164 2556 1266 2602 Regis
1277 2558 1477 2593 Francorum
1493 2558 1579 2589 vivat
1590 2555 1735 2599 expensis
1750 2580 1756 2587 .
1785 2555 1906 2589 Noluit
1929 2554 2019 2588 enim

1086 2607 1186 2650 prima
1198 2607 1279 2642 facie
1298 2607 1462 2642 declinare
1475 2605 1633 2649 judicium
1648 2629 1658 2645 ‚
1682 2605 1741 2640 etsi
1753 2605 1898 2650 aliquem
1910 2615 2024 2638 eorum

1083 2657 1152 2700 jure
1169 2658 1299 2702 optimo
1323 2657 1422 2700 posset
1446 2655 1563 2689 habere
1585 2656 1762 2698 suspestum
1787 2679 1798 2694 ,
1825 2666 1865 2688 ne
1884 2655 2026 2688 caussam

1085 2706 1186 2752 Regis
1205 2707 1379 2751 justificate
1392 2705 1553 2740 videretur
1567 2729 1578 2746 ‚
1606 2717 1666 2739 nec
1681 2706 1711 2739 se
1730 2705 1781 2740 liti
1797 2704 1987 2749 immergere
2016 2729 2028 2744 ,

1084 2759 1259 2802 antequam
1282 2757 1324 2790 ad
1334 2756 1447 2789 omnia
1458 2757 1494 2790 stt
1507 2756 1673 2789 restitutus
1684 2780 1696 2796 ,
1724 2766 1760 2790 ut
1772 2754 1869 2798 poffit
1881 2755 2025 2788 caussam

1086 2808 1278 2842 sufficienter
1292 2806 1448 2840 instruere
1461 2830 1472 2846 ,
1498 2817 1533 2839 ut
1547 2805 1728 2850 quemlibet
1738 2805 1880 2840 divitem
1895 2804 2026 2839 Adver-

1086 2859 1202 2892 sarium
1224 2868 1292 2891 non
1303 2856 1460 2891 formidet
1472 2881 1484 2897 ‚
1511 2857 1658 2890 innitens
1670 2856 1786 2900 gratiae
1796 2855 1861 2889 Dei
1875 2880 1881 2887 .
1910 2855 2026 2889 Proce-

1083 2906 1197 2943 dentes
1218 2907 1295 2941 hinc
1308 2907 1472 2951 quaesitum
1483 2906 1528 2942 est
1541 2930 1552 2947 ‚
1577 2918 1619 2940 an
1642 2907 1701 2940 sub
1713 2906 1759 2941 eis
1771 2905 1935 2949 judicibus
1954 2905 2026 2939 vel-

1086 2959 1128 2993 let
1149 2958 1343 3003 respondere
1372 2956 1560 3001 Episcopis,
1589 2958 1646 3001 qui
1661 2968 1777 2991 contra
1789 2965 1865 2990 eum
1888 2954 2027 2998 appella-

1086 3018 1198 3043 verant
1229 3032 1240 3049 ,
1258 3009 1337 3050 quia
1363 3008 1529 3052 praesentes
1550 3017 1643 3041 erant
1663 3031 1670 3038 .
1697 3005 1824 3041 Archi·
1843 3007 2025 3049 Episcopus

1086 3058 1161 3093 vero
1177 3068 1302 3093 memor
1321 3057 1501 3092 litterarum
1513 3083 1524 3098 ,
1551 3056 1669 3101 quibus
1681 3057 1711 3090 ei
1737 3058 1920 3099 praesentata
1932 3054 1977 3089 est
1990 3054 2026 3087 il-

1084 3110 1114 3143 la
1126 3109 1398 3153 qualiscumque,
1423 3107 1475 3142 vel
1490 3107 1580 3141 nulla
1602 3105 1712 3150 potius
1722 3106 1900 3150 appellatio
1914 3131 1924 3146 ,
1949 3115 2028 3139 con-

1083 3170 1195 3204 cepta,
1235 3170 1272 3194 ut
1294 3158 1343 3194 ibi
1364 3157 1554 3202 perhibetur
1574 3181 1585 3196 ‚
1623 3155 1689 3191 sub'
1705 3157 1843 3190 nomine
1872 3155 2025 3190 omnium

1085 3209 1429 3253 Comprovincialium
1442 3208 1678 3251 Episcoporum
1692 3229 1702 3245 ,
1727 3207 1761 3241 ὃ(
1773 3206 1941 3242 Abbatum
1955 3227 1966 3243 ,
1991 3203 2025 3236 δε

1086 3260 1290 3304 personarum
1303 3259 1415 3304 Regni
1428 3259 1463 3291 in
1475 3257 1651 3291 Provincia
1663 3256 1791 3292 Cantioe
1808 3253 2001 3299 degentium
2012 3275 2024 3291 ,

1085 3312 1118 3344 δε
1131 3321 1239 3345 certus
1251 3310 1341 3355 quod
1355 3309 1406 3342 isti
1417 3319 1484 3341 non
1497 3316 1720 3341 convenerant
1734 3303 1985 3346 Rothomagum
2012 3325 2025 3341 ,

1085 3361 1118 3394 ἀ
1138 3360 1237 3403 quam
1260 3359 1391 3403 plurimi
1403 3369 1517 3392 eorum
1541 3357 1637 3401 hujus
1654 3357 1781 3390 fuerant
1798 3351 2025 3396 appellationis

1084 3410 1188 3454 ignari
1201 3435 1212 3451 ,
1238 3408 1420 3448 &multis,
1446 3409 1501 3452 qui
1517 3420 1585 3442 non
1596 3416 1709 3444 erant,
1736 3402 1947 3447 displicebat,
1974 3412 2023 3435 ut-

1067 3495 1071 3504 ,
1083 3459 1511 3507 potejustitiae‚4quantnm
1532 3458 1566 3492 in
1594 3456 1663 3499 ejus
1685 3452 1893 3490 Authoribus
1915 3460 1983 3486 erat
2008 3474 2021 3492 ,

1878 3502 1979 3538 elufio
