2358 3776
556 62 596 109 S.
635 55 944 108 THOMAE
978 52 1383 103 CANTUAR·
1422 54 1558 106 LIB.
1607 63 1662 110 V.

298 201 329 236 E
354 199 382 235 P
407 198 422 233 1
451 199 475 235 S
500 197 537 233 T
564 198 601 233 Ο
626 196 656 232 L
683 193 715 231 A
830 190 916 229 XX.

186 302 315 336 thomas
342 296 567 341 caenmaerlenfis
595 294 884 340 Archi-Episcopum·
910 289 1032 325 Albem

513 349 698 383 cardinale.

235 450 399 487 TlNAM
413 475 424 491 ,
449 448 565 485 dileae
583 449 653 489 mi,
678 455 770 481 aures
779 445 886 480 vestrm
896 442 1006 479 sintad
1021 454 1078 478 ora

259 502 439 537 nostratum
451 524 462 541 ,
488 501 522 535 ἀ
533 499 667 534 audiant
677 496 733 531 illa
745 520 757 538 ,
781 506 856 540 quae
874 495 909 529 in
935 494 1079 539 ignomi-

138 554 227 588 niam
266 552 414 587 Ecclefiae
449 550 612 585 Romanae
630 547 832 583 cantitantur
857 545 893 578 in
921 544 1077 588 compitis

137 602 330 638 Ascalonis!
356 599 496 645 Aliquid
517 596 755 635 consolationis
764 594 927 630 novissimi
948 594 1075 629 Nuncii

137 653 238 687 nostri
251 650 473 686 videbantur&
492 649 576 685 Sede
596 647 788 694 Apostolica
812 645 954 680 retulisse
966 645 1000 679 in
1024 644 1076 679 lit·

137 704 214 738 teris
235 701 376 737 Domini
398 700 514 744 Papae,
540 699 594 734 sed
606 707 717 734 earum
726 694 909 731 authoritas
920 703 1075 731 evacuata

137 753 184 787 est
205 752 333 787 missisa
356 753 454 786 latere
464 749 599 788 litteris,
624 758 661 783 ut
681 748 717 782 in
731 746 910 791 perniciem
924 744 1074 781 Ecclefiae

136 801 296 838 sathanas
314 801 547 837 absolveretur.
575 797 682 833 Soluti
695 797 770 831 sunt
791 797 883 832 enim
906 795 1076 840 Apostoli·

136 862 178 886 co
200 850 360 886 mandato
379 846 619 885 Londoniensis
640 846 928 882 &Saresberiensis
944 845 1075 890 Episcm

136 901 196 945 pi,
223 911 364 946 quorum
374 900 456 934 alter
466 899 618 933 incentor
627 896 826 937 schismatis,
851 897 885 932 &z
897 896 1000 931 totius
1012 906 1074 929 ma-

135 951 216 986 litiae
234 951 352 985 artifex
380 973 390 991 ‚
415 947 457 984 ab
494 948 594 983 initio
629 947 835 993 dignoscitur
881 945 1038 982 exstitiss'e
1062 970 1073 988 ‚

134 1001 171 1035 δι
183 1011 251 1037 tam
264 999 532 1035 Saresberiensem
547 1021 559 1039 ,
583 998 682 1042 quam
690 1007 808 1033 omnes
818 1021 831 1038 ,
855 1008 940 1041 quos
953 995 1075 1041 potuit,

134 1051 172 1085 in
196 1050 321 1086 crimen
331 1047 565 1084 inobedientia
588 1048 773 1094 impegisse.
799 1047 924 1082 Nescio
934 1057 1002 1091 quo
1017 1057 1075 1089 pa-

135 1102 188 1135 sto
207 1111 276 1144 pars
286 1098 430 1134 Domini
442 1099 565 1142 semper
577 1100 734 1133 mastatur
746 1098 782 1133 in
794 1097 914 1138 Curia,
939 1107 978 1131 ut
999 1096 1075 1130 Bar-

135 1150 250 1185 rabbas
271 1150 412 1190 evadat,
435 1147 628 1183 &Christus
647 1148 834 1184 occidatur.
859 1145 1075 1182 Authoritate
1098 1158 1101 1161 “

139 1200 247 1235 Curiae
266 1199 332 1243 jam
345 1201 379 1234 in
391 1200 492 1234 finem
515 1199 596 1233 sexti
619 1199 697 1233 anni
717 1197 914 1242 proscriptio
931 1195 1038 1230 nostra
1064 1218 1076 1235 ,

137 1251 171 1284 ἔ(
196 1250 342 1285 Ecclesiae
353 1249 521 1285 calamitas
542 1250 698 1292 protraila
708 1249 754 1282 est
767 1273 775 1280 .
802 1246 1076 1282 Condemnantur
1100 1261 1102 1263 ·

137 1300 224 1344 apud
237 1310 296 1334 vos
308 1299 437 1338 miseri,
462 1298 575 1332 exules
584 1298 819 1337 ,innocentes‚
847 1305 909 1328 nec
917 1293 963 1327 ob
974 1293 1076 1334 aliud,

136 1359 175 1382 ut
194 1360 238 1382 ex
261 1346 463 1382 conscientia
476 1347 612 1389 loquar,
640 1344 698 1378 nisi
711 1343 788 1387 quia
807 1353 960 1387 pauperes
980 1342 1076 1378 Chri·

136 1397 176 1430 sti
199 1399 274 1431 sunt
294 1398 327 1431 δι
340 1394 520 1431 imbecilles
532 1419 543 1436 ,
568 1392 840 1436 &ajustitiaDei
856 1392 1002 1428 recedere
1020 1404 1076 1426 no·

138 1446 289 1481 luerunt:
315 1444 556 1480 absolvuntur&
575 1444 710 1487 regione
719 1442 867 1488 sacrilegi
882 1463 896 1484 ,
915 1443 949 1477 δε
971 1440 1076 1476 homi-

138 1496 239 1536 cidae,
266 1505 410 1540 raptores
437 1518 448 1535 ,
475 1493 743 1537 impoenitentes,
769 1503 854 1536 quos
874 1491 1002 1526 mundo
1024 1503 1076 1526 re-

138 1546 326 1586 clamante,
350 1544 438 1580 neca
451 1543 571 1585 Petro,
596 1543 830 1587 sipraefideret,
856 1542 943 1585 apud
963 1541 1075 1577 Deum

135 1595 263 1631 absolvi
278 1596 389 1640 posse,
416 1593 515 1628 libera
538 1604 640 1634 voce,
662 1591 799 1628 Christo
821 1591 981 1632 authore,
1009 1602 1077 1636 pro-

138 1646 281 1680 nuncio.
308 1645 371 1680 Ait
386 1644 477 1680 enim
494 1644 530 1677 in
555 1643 739 1688 Evangelio
750 1641 925 1678 secundum
941 1643 1074 1677 Lucam:

137 1697 173 1729 δὲ
186 1700 363 1738 peccaverit·
382 1700 456 1729 mre
477 1696 593 1727 Frater
614 1702 708 1735 tuus,
734 1692 954 1735 increpamur»
964 1705 978 1735 ;
1005 1693 1039 1726 6
1052 1691 1085 1732 fi·

133 1750 354 1789 penitentiam
372 1749 487 1788 egerit,
514 1744 637 1777 dinume
656 1743 721 1777 int.
749 1746 795 1776 Et
801 1741 831 1783 fi
835 1742 950 1786 septies
976 1748 1009 1775 in
1030 1742 1078 1774 dte

136 1799 314 1838 meaverit
322 1795 356 1827 In
376 1802 407 1827 te
420 1817 432 1833 ,
458 1795 493 1827 Θ
503 1791 614 1835 septies
631 1796 667 1824 in
684 1793 736 1824 die
750 1790 909 1832 conver-sur
926 1790 1026 1832 fuerit
1037 1790 1081 1822 ad

136 1854 190 1886 te,
216 1844 319 1879 dicens
331 1867 343 1884 ,
370 1845 503 1876 Poenlter
514 1851 561 1874 me
572 1864 583 1881 ,
595 1841 715 1874 dimitte
722 1841 769 1874 illi
780 1865 787 1872 .
818 1837 981 1883 Nunquid
993 1839 1077 1873 otio·

135 1895 172 1930 fa
192 1894 267 1929 sunt
288 1892 386 1928 verba
407 1890 555 1930 Christi,
579 1889 698 1932 quibus
719 1891 765 1925 ait
779 1904 790 1925 .·
819 1892 851 1924 51
867 1894 1079 1932 paenitentiam

137 1949 252 1988 egerit,
274 1941 303 1986 fi
317 1941 477 1986 converfias
490 1940 662 1982 confiteatur
675 1964 687 1980 ,
713 1938 825 1974 dicens
841 1963 852 1980 ‚
874 1944 1002 1982 poenmt
1011 1950 1055 1972 me
1064 1940 1083 1971 ἒ

137 1994 359 2039 Nequaquam
371 1994 412 2028 de
426 1992 592 2027 otiositate
604 1989 693 2024 verbi
705 1988 889 2024 redditurus
909 1987 955 2023 est
967 1989 1001 2022 in
1024 1988 1079 2023 die

138 2043 424 2088 judiciirationem
437 2066 448 2082 ,
474 2039 529 2076 sed
550 2038 659 2084 potius
676 2050 733 2074 eos
755 2038 994 2078 damnaturus,
1019 2037 1078 2082 qui

139 2102 254 2129 contra
267 2094 408 2128 formam
420 2117 430 2134 ‚
456 2100 555 2135 quam
576 2090 690 2131 dedit,
719 2089 853 2134 iniquos
872 2089 937 2122 sine
955 2087 1079 2122 confes-

141 2145 232 2178 sione
245 2144 280 2177 δε
293 2141 487 2187 poenitentia
510 2140 603 2174 vanis
623 2139 889 2174 absolutionibus
907 2137 1079 2182 justificare

142 2194 336 2238 praesumunt
348 2217 359 2232 ,
384 2192 419 2226 ἀ
432 2191 596 2225 vivificare
605 2191 731 2224 animas
741 2215 751 2231 ‚
777 2200 847 2233 quae
860 2199 929 2223 non
942 2187 1056 2222 vivunt
1071 2211 1078 2219 .

143 2242 245 2277 Certe
261 2243 282 2276 si
296 2252 343 2276 res
354 2241 463 2276 ablata
486 2239 576 2273 reddi
598 2240 701 2282 potest
716 2264 727 2281 ‚
752 2239 786 2273 δι
810 2249 877 2273 non
900 2237 1046 2272 redditur
1068 2261 1080 2278 ‚

142 2304 213 2327 non
225 2293 332 2337 agitur
346 2290 539 2335 poenitentia
554 2313 566 2330 ‚
589 2290 644 2323 fed
656 2289 791 2335 fingitur
802 2314 809 2320 .
836 2287 988 2323 Profestd
1013 2286 1081 2331 Spi-

142 2345 226 2378 ritus
235 2344 370 2378 Sanctus
381 2365 392 2382 ,
418 2351 454 2375 ut
468 2339 675 2384 scriptumest
688 2364 699 2381 ,
709 2339 845 2383 effugiet
856 2339 965 2372 fidium
979 2350 991 2370 .·
1004 2348 1081 2381 quo-

143 2394 235 2427 niam
249 2392 317 2436 ipse
330 2392 445 2426 veritas
455 2389 526 2430 est,
550 2388 586 2423 &
608 2401 677 2424 non
700 2388 917 2433 figmentum.
942 2386 1082 2432 Obliget

146 2444 198 2481 se,
226 2442 284 2485 qui
299 2440 419 2479 audet,
443 2451 506 2474 nec
527 2439 653 2473 venturi
664 2438 780 2481 judicis
791 2437 946 2472 formidet
957 2439 1083 2471 senten·

143 2493 238 2525 tiam.
265 2491 427 2534 Raptores
439 2514 451 2530 ‚
478 2487 671 2534 sacrilegos,
697 2485 901 2528 homicidas,
914 2487 1059 2531 perjuros
1072 2512 1083 2527 ,

143 2539 389 2586 sanguinarios,
416 2540 451 2572 ἀ
472 2538 696 2573 schismaticos
709 2538 955 2581 impoenitentes
977 2537 1081 2570 absol-

145 2600 198 2625 vat
207 2602 223 2632 ;
248 2600 328 2634 ergo
339 2600 410 2633 quae
421 2587 570 2622 Ecclefiae
595 2587 663 2621 Dei
681 2588 789 2621 ablata
810 2589 909 2628 sunt,
935 2587 1082 2631 impoeni-

146 2639 234 2675 tenti
243 2639 412 2683 nunquam
422 2637 586 2672 remittam
600 2661 607 2669 .
636 2635 764 2671 Nonne
784 2636 891 2670 nostra
904 2659 915 2676 ,
951 2646 1006 2670 aut
1020 2648 1082 2679 po-

146 2690 213 2725 tius
233 2689 382 2725 Ecclesiae
397 2687 496 2732 spolia
509 2688 584 2722 sunt
595 2710 607 2727 ‚
632 2696 702 2728 quae
714 2685 841 2720 Nuncii
854 2685 959 2729 Regis
971 2685 1082 2720 Cardi-

148 2740 278 2774 nalibus
303 2739 338 2775 dc
364 2737 550 2774 Curialibus
584 2736 767 2780 largiuntur
785 2735 819 2770 δε
848 2735 1047 2779 promittunt
1071 2737 1084 2770 ἓ

146 2789 398 2838 Qaeiniquitas
408 2786 580 2823 manifesta
589 2786 661 2826 est,
683 2785 795 2825 stilla,
821 2796 891 2830 quae
913 2786 949 2819 in
972 2785 1083 2820 Eccle-

148 2841 226 2875 siam
237 2841 301 2876 Dei
313 2840 398 2883 apud
411 2848 472 2873 nos
481 2845 650 2873 exercetur
662 2859 674 2876 ,
696 2835 829 2871 occulta
842 2836 888 2869 est
904 2859 912 2868 .
937 2834 1011 2870 Nos
1023 2836 1083 2870 Ec-

149 2890 250 2924 clena
275 2889 458 2925 libertatem
494 2887 576 2922 tueri
597 2898 664 2920 non
688 2886 873 2930 possumus,
900 2885 1082 2930 quiaSedes

151 2938 345 2983 Apostolica
367 2938 638 2983 proscriptionem
663 2937 804 2971 nostram
835 2936 899 2979 jam
925 2936 959 2969 in
982 2937 1082 2970 finem

151 2989 232 3024 sexti
244 2989 323 3023 anni
336 2988 513 3034 protraxit.
541 2986 673 3021 Viderit
685 2983 968 3028 Deus,&judicet
987 3011 995 3019 .
1020 2986 1081 3021 Sed

152 3048 260 3082 proca
271 3040 353 3072 mori
368 3038 469 3083 parati
491 3038 614 3071 sumus.
644 3035 814 3082 Insurgant
834 3036 890 3080 qui
917 3036 1083 3072 voluerint

151 3087 345 3124 cardinales
359 3112 370 3128 ‚
393 3097 519 3122 arment
532 3097 602 3121 non
627 3088 729 3121 modo
752 3086 878 3131 Regem
916 3085 1049 3132 Angliae
1074 3108 1085 3125 ‚

153 3138 208 3174 sed
220 3148 329 3174 totum
340 3162 351 3179 ‚
363 3136 384 3170 si
395 3137 525 3181 possunt
535 3160 547 3177 ‚
561 3136 684 3170 Orbem
696 3139 728 3171 in
744 3137 918 3181 perniciem
929 3137 1083 3176 nostram,

154 3199 220 3233 ego
230 3189 307 3223 Deo
318 3187 516 3232 propitiante
539 3198 598 3222 nec
621 3186 654 3220 in
668 3190 732 3222 vita
745 3210 755 3226 ,
780 3198 839 3221 nec
863 3185 897 3219 in
918 3198 1024 3221 morte
1043 3187 1085 3220 ab

156 3238 305 3273 Ecclefiae
320 3237 479 3272 fidelitate
489 3235 636 3271 reccdam
646 3260 654 3269 .
681 3237 819 3273 Causam
831 3237 921 3271 suam
932 3236 974 3271 de
989 3246 1084 3281 xcaete-

156 3300 194 3322 ro
204 3288 380 3322 committo
390 3288 468 3323 Deo
479 3311 491 3328 ,
517 3297 575 3330 pro
589 3290 657 3331 quo
667 3288 766 3322 exulo
788 3287 981 3332 proscriptus
992 3300 1006 3320 .-
1029 3286 1085 3320 ille

159 3338 325 3372 medeatur
336 3360 347 3377 ,
357 3347 393 3372 ut
404 3337 497 3372 novit
507 3336 673 3380 expedire.
700 3336 781 3373 Non
792 3337 836 3372 est
848 3335 931 3371 mihi
954 3335 1086 3370 ulterius

157 3388 357 3434 propositum
368 3386 508 3422 vexandi
519 3386 655 3422 Curiam
668 3411 680 3428 ,
704 3397 775 3423 eam
787 3388 904 3424 adeant
914 3410 926 3429 ‚
945 3386 1003 3434 qui
1015 3396 1086 3431 prz-

1135 138 1254 174 .valent
1265 136 1300 172 in
1311 137 1549 183 iniq-nitatibus
1565 144 1629 178 suis
1641 169 1653 186 ,
1680 148 1714 183 ἀ
1722 89 2056 197 ττῖυωρῑιιειςῇυξὶξεῐα
2068 184 2079 203 ,

1137 190 1178 226 ἰὰ
1198 187 1393 248 innocentia
1406 189 1598 249 captivata,
1634 194 1671 252 in
1688 202 1915 241 confusionem
1937 203 2081 252 Ecclesi'e

1144 238 1277 276 redeunt
1286 239 1438 285 gloriosi.
1467 238 1618 276 Utinam
1641 254 1692 278 vra
1714 249 1866 290 Romana
1888 266 1959 291 non
1979 259 2085 303 gratis

1143 290 1324 335 peremisset
1334 300 1388 326 tot
1401 290 1538 326 miseros
1562 290 1772 332 innocentes.
1800 303 1889 351 Quis
1909 305 1952 340 de
1962 314 2080 344 emero

1141 340 1275 376 audebit
1286 341 1335 375 illi
1353 340 1441 387 Regi
1451 341 1610 384 resistere,
1637 354 1739 389 quem
1760 347 1901 391 Ecclesia
1923 356 2081 394 Romu„

1140 400 1191 427 tot
1202 389 1375 436 triumphis
1384 391 1567 436 animavit,
1580 394 1614 429 ἀ
1624 395 1760 432 armavit
1769 403 1919 445 exemplo
1930 408 2082 452 pernitio-

1141 443 1176 476 so
1187 452 1342 477 manante
1364 441 1407 477 ad
1427 442 1597 487 posteros?
1634 444 1755 482 Valeat
1779 449 1902 496 semper
1926 455 2080 492 Sanctitas

1140 492 1240 528 vestra
1253 518 1264 534 ,
1291 493 1393 528 nostri
1406 504 1534 529 memor
1544 503 1624 530 ante
1633 496 1744 532 Deum
1755 523 1763 531 .

1287 591 1702 631 EPISTOLA
1813 596 1932 637 xxr.

1460 695 1547 730 uem
1571 698 1741 732 Gratiano.

1140 790 1239 881 N
1244 792 1416 830 ULLUS
1439 803 1551 840 prater
1574 807 1636 833 vos
1660 797 1807 833 Ecclesia
1832 798 1987 839 Romana
2019 816 2087 850 pro

1267 844 1361 899 causa
1379 844 1529 880 Ecclesiae
1542 846 1655 883 missus
1674 848 1722 883 est
1735 847 1778 884 ad
1796 846 1925 895 Regem
1948 852 2085 901 ungros

1137 906 1231 936 rum,
1257 904 1314 939 qut
1326 905 1399 930 eam
1421 907 1490 930 non
1517 896 1655 940 laeserit,
1679 898 1847 935 &cornua
1866 913 1937 938 non
1952 904 2081 940 dederit

1138 944 1320 1001 peccatori·
1347 942 1423 979 Vos
1441 956 1550 981 autem
1570 946 1661 983 illam
1682 948 1872 993 erexeratiS,
1900 961 1938 987 ut
1957 964 2022 998 pax
2043 955 2084 989 in

1138 994 1228 1029 brevi·
1241 994 1417 1030 necessario
1443 997 1647 1042 sequeretur,
1673 998 1732 1033 nisi
1745 999 1917 1045 resumptis
1934 1001 1954 1038 a
1976 1003 2081 1040 Curia

1139 1044 1259 1079 viribus
1277 1044 1492 1082 convaluisset
1519 1047 1678 1093 iniquitas
1691 1074 1699 1082 .
1726 1049 1932 1087 videbamur
1945 1053 2084 1096 quidem

1138 1105 1242 1140 nuper
1260 1094 1386 1140 aliquid
1404 1096 1512 1132 solatii
1525 1098 1722 1146 recepissein
1736 1100 1852 1136 litteris
1862 1102 2006 1138 Domini
2019 1103 2097 1140 Pa·-

1139 1156 1205 1189 pae,
1243 1145 1298 1180 sed
1316 1142 1500 1195 authoritas
1514 1158 1624 1184 earum
1643 1172 1656 1190 ,
1683 1151 1863 1196 antequam
1884 1153 2088 1199 porrigeren-

1139 1206 1214 1235 tur,
1239 1196 1393 1238 evanuit,
1418 1197 1548 1232 miffise
1569 1199 1705 1245 regione
1717 1200 1859 1244 litteris,
1884 1203 2006 1247 quibus
2025 1204 2084 1239 Sa·

1140 1243 1256 1278 thanas
1276 1245 1404 1280 solutus
1425 1246 1496 1287 est,
1522 1258 1559 1282 ut
1570 1249 1707 1283 liberius
1717 1250 1824 1286 szviat
1845 1252 1881 1286 in
1903 1252 2088 1288 Ecclesiam

1139 1292 1226 1327 Dei.
1254 1292 1425 1328 Absolutis
1435 1295 1547 1336 enim,
1573 1296 1616 1331 de
1637 1299 1794 1332 mandato
1806 1300 1951 1335 Domini
1974 1301 2084 1346 Papa.

1139 1341 1364 1377 Londonienfi
1374 1342 1409 1377 δε
1420 1342 1649 1380 Saresberiensi
1665 1345 1838 1392 Episcopi:
1849 1371 1861 1390 ,
1886 1360 2003 1385 omnes
2013 1351 2087 1386 ani‘·

1138 1392 1219 1426 mati
1241 1393 1316 1427 sunt
1333 1415 1344 1432 ‚
1370 1402 1408 1428 ut
1430 1392 1538 1439 Regis
1557 1395 1734 1440 sequantur
1753 1397 1963 1435 voluntatem
1982 1424 1995 1441 ,
2023 1402 2085 1443 qui

1140 1443 1185 1477 ita
1196 1443 1340 1477 fautores
1355 1442 1430 1476 suos
1441 1466 1453 1483 ,
1479 1444 1667 1486 quamlibet
1685 1445 1879 1481 criminosos
1891 1471 1903 1487 ,
1927 1450 2083 1493 expedit,

1140 1491 1250 1536 quide
1258 1490 1543 1536 SedeApostolica
1555 1493 1597 1528 sic
1613 1493 1795 1538 triumphat
1814 1518 1826 1535 ‚
1851 1495 1979 1532 Nuncii
2002 1487 2089 1534 con-K

1139 1552 1189 1576 tra
1200 1541 1313 1576 Deum
1327 1542 1362 1576 δι
1373 1541 1530 1586 justitiam
1541 1543 1611 1587 ejus
1621 1545 1745 1589 semper
1767 1545 1905 1582 redeunt
1927 1547 2059 1594 gloriosi
2071 1573 2081 1583 .

1140 1591 1312 1627 Bonorum
1326 1602 1442 1627 contra
1453 1593 1703 1629 consternantur
1713 1595 1812 1631 corda
1825 1619 1837 1636 ,
1862 1597 1939 1633 cum
1951 1608 2019 1634 tam
2030 1611 2085 1643 pa-

1139 1650 1263 1677 tentem
1275 1643 1310 1678 &
1322 1643 1674 1687 tantaminiquitatem
1685 1645 1819 1681 vid’eant
1829 1646 1864 1680 in
1880 1648 1942 1683 viis
1963 1649 2026 1684 suis
2036 1649 2086 1693 ju-

1140 1693 1225 1738 giter
1235 1694 1428 1736 prosperari.
1457 1693 1544 1727 Ecce
1555 1693 1731 1734 quomodo
1754 1696 1874 1737 punita·
1892 1699 1945 1734 est
1963 1699 2091 1742 injuria*

1142 1740 1234 1776 vobis
1244 1741 1359 1781 illata,
1382 1740 1573 1775 &Nunciis
1589 1741 1733 1778 Domini
1755 1741 1871 1788 Papae:
1896 1757 1973 1782 ecce
1995 1759 2087 1792 quo-

1140 1790 1245 1825 modo
1265 1790 1406 1824 fidelitas
1420 1790 1522 1825 vestra
1545 1801 1749 1827 remunerata
1769 1794 1838 1833 est,
1874 1795 1910 1830 dc
1932 1795 2094 1833 Ecclesit

1139 1839 1206 1875 Dei
1226 1842 1361 1885 repressa
1372 1840 1556 1875 calamitas.
1585 1841 1853 1887 Eccequomodo
1875 1845 2091 1884 vindicatum·

1139 1891 1186 1924 est
1199 1915 1210 1932 ‚
1235 1890 1328 1934 quod
1353 1890 1514 1935 Angliam
1536 1901 1641 1936 nuper
1661 1893 1798 1927 extortis
1819 1893 2013 1937 juramentis
2040 1898 2094 1933 al>

1139 1940 1331 1974 obedientia
1342 1939 1485 1974 Domini
1499 1939 1594 1985 Papae
1603 1951 1743 1977 conatus
1753 1943 1801 1977 est
1824 1944 1988 1989 separare.
2016 1948 2096 1983 Dei>

1141 1989 1274 2034 quidem
1288 1989 1458 2025 miseratio
1468 1990 1536 2032 est,
1561 1990 1650 2036 quod
1663 2003 1733 2027 non
1758 1995 1889 2038 potuit,
1915 1997 1992 2042 quia
2017 2009 2089 2035 ma·

1141 2040 1213 2074 litia
1225 2039 1293 2083 ejus
1313 2041 1355 2074 ex
1377 2039 1652 2086 contingentibus
1673 2041 1759 2077 nihil
1772 2045 1902 2079 omisit.
1932 2046 2088 2083 Exilium

1140 2091 1174 2125 &
1186 2089 1456 2134 proscriptionem
1468 2090 1610 2126 nostram
1620 2090 1684 2134 jam
1698 2104 1754 2138 per
1765 2094 1820 2129 sex
1833 2106 1939 2131 annos
1961 2106 2085 2141 protra-

1141 2140 1189 2174 xit
1201 2140 1302 2174 Curia
1315 2163 1327 2181 ,
1352 2140 1566 2183 innocentes,
1592 2142 1794 2188 miseri,pro
1804 2144 1951 2181 libertate
1970 2147 2090 2183 Eccle-

1141 2190 1187 2223 siae
1198 2189 1299 2235 gratis
1310 2190 1344 2223 in
1358 2189 1475 2225 itinere
1491 2191 1659 2235 perierunt
1668 2217 1679 2235 ,
1690 2194 1722 2228 ἀ
1736 2194 1958 2238 persecutores
1971 2196 2089 2232 Eccle-

1142 2239 1191 2273 fiae
1202 2239 1305 2282 spolia
1319 2239 1425 2273 nostra
1435 2239 1672 2277 Cardinalibus
1684 2244 1719 2278 ὃ(
1742 2244 1933 2281 Curialibus
1949 2248 2089 2291 promite

1140 2298 1217 2323 tunt
1241 2288 1276 2322 et
1302 2287 1506 2332 largiuntur,
1530 2291 1566 2325 ἀ
1592 2303 1682 2326 nnnc
1708 2292 1872 2329 Bar-abbas
1890 2295 2085 2339 dimittitur,

1141 2339 1176 2373 δε
1196 2337 1406 2383 crucifigitur
1416 2335 1583 2374 Christus.
1611 2339 2045 2381 Creditoresexhaustisunt
2069 2371 2083 2388 ,

1142 2389 1176 2423 ὅ(
1188 2388 1209 2421 fi
1220 2398 1303 2432 quos
1315 2386 1470 2422 movebat
1481 2388 1646 2424 miseratio
1667 2391 1760 2424 exilii
1784 2394 1907 2434 nostri,
1939 2396 2012 2430 visis
2033 2394 2093 2431 his·

1142 2450 1214 2483 quae
1226 2438 1312 2472 fiunt
1322 2437 1341 2471 a
1351 2436 1504 2471 Domino
1516 2437 1602 2480 P‘apa
1616 2461 1627 2478 ,
1652 2438 1829 2474 mittuntur
1850 2442 1885 2475 in
1899 2442 2088 2487 disperatio·

1143 2499 1219 2523 nem
1230 2512 1238 2519 .
1265 2487 1326 2522 Sed
1336 2487 1373 2522 dc
1384 2486 1450 2520 haec
1463 2487 1498 2519 in
1509 2495 1626 2521 monte
1636 2487 1806 2524 Dominus
1819 2489 1946 2527 videbit
1957 2515 1968 2532 ,
1993 2495 2028 2528 δε
2038 2494 2087 2538 ju-

1142 2538 1264 2573 dicabit
1275 2537 1356 2572 fines
1366 2546 1457 2570 terrae
1468 2535 1615 2579 majestas
1627 2537 1682 2570 illa
1709 2538 1873 2582 terriblis,
1899 2545 2085 2587 quaeaufert

1144 2588 1292 2633 spiritum
1306 2586 1491 2631 principum
1501 2609 1509 2617 .
1536 2586 1611 2620 Nos
1623 2597 1677 2630 per
1688 2588 1826 2632 gratiam
1841 2590 1912 2634 ejus
1925 2616 1936 2633 ,
1962 2593 2026 2628 sive
2039 2595 2086 2629 vi·

1143 2639 1197 2680 vi,
1228 2637 1290 2672 ῡνὲ
1314 2635 1457 2675 mortui,
1485 2634 1582 2679 ipsius
1604 2636 1714 2671 sumus
1734 2639 1767 2673 δε
1788 2640 1911 2675 erimus
1931 2666 1944 2683 ,
1979 2644 2083 2687 parati

1143 2699 1201 2733 pro
1212 2687 1364 2722 libertate*
1373 2685 1521 2720 Ecclefiae
1542 2686 1681 2722 exilium
1692 2712 1705 2727 ,
1719 2689 1997 2734 proscriptionem
2010 2718 2021 2734 ,
2046 2693 2082 2728 ἀ

1143 2737 1257 2773 omnia
1281 2734 1396 2769 mundi
1417 2735 1630 2771 incommoda
1651 2759 1662 2776 ,
1697 2740 1855 2782 quamdiu
1893 2742 1950 2785 ipsi
1975 2743 2081 2776 visum

1142 2787 1263 2825 fuerit,
1287 2785 1454 2820 sustinere·
1488 2785 1635 2821 Utinam
1649 2787 1853 2823 inveniamur
1877 2790 1995 2836 digni,
2022 2792 2081 2837 qui

1142 2836 1396 2883 persecutionem
1408 2846 1467 2879 pro
1476 2833 1598 2878 justitia
1610 2836 1787 2881 patiamur.
1823 2839 1921 2875 Certe
1931 2840 1976 2876 ob
1992 2840 2081 2877 hanc

1141 2888 1270 2923 causam
1282 2896 1350 2920 non
1371 2883 1472 2919 modo
1494 2885 1728 2922 cardinalibus
1748 2912 1759 2929 ,
1785 2890 1839 2932 qui
1865 2890 2014 2925 Ecclefiae
2026 2903 2081 2925 au-

1140 2936 1302 2972 thoritate
1314 2935 1489 2970 Ecclesiam
1509 2936 1727 2982 impugnant,
1757 2949 1818 2973 nos
1832 2964 1843 2980 ,
1870 2949 1906 2974 ut
1927 2932 2082 2976 Domino

1145 2987 1327 3032 placuerit,
1352 2986 1554 3029 torquendos
1579 2988 1795 3031 exponimus.
1823 2990 1883 3022 Sed
1907 2991 1962 3024 etsi
1993 3000 2082 3025 totus

1145 3036 1310 3077 mundus,
1335 3035 1425 3080 quod
1438 3036 1538 3077 absit,
1564 3037 1731 3081 insurgat,
1755 3037 1954 3074 'abEcclesiae
1974 3040 2078 3075 fideli·

1144 3097 1237 3128 tate,
1262 3096 1360 3131 quam
1380 3085 1506 3129 professi
1526 3086 1656 3127 firmus,
1682 3087 1759 3123 Deo
1779 3090 1972 3131 miserante,
2008 3101 2078 3124 non

1144 3136 1342 3172 recedemus.
1375 3136 1444 3170 Cui
1453 3135 1495 3171 de
1505 3145 1621 3170 caerero
1632 3147 1715 3171 curae
1724 3138 1808 3173 sit&
1829 3139 1929 3173 nostri
1953 3139 2083 3174 misere-

1143 3187 1169 3221 ri
1183 3211 1196 3228 ,
1217 3187 1251 3222 ὰ
1267 3184 1413 3221 Ecclesiae
1425 3210 1436 3226 ,
1461 3195 1559 3228 quam
1573 3186 1766 3230 Apostolica
1787 3187 1883 3224 Sedes
1902 3188 2041 3232 exponit
2065 3212 2078 3229 ,

1143 3236 1229 3272 tueri
1254 3236 1436 3271 libertatem
1445 3259 1454 3267 .
1481 3234 1556 3270 Nos
1568 3246 1610 3270 ex
1624 3238 1791 3281 proposito
1802 3238 1934 3272 Curiam
1947 3249 2017 3272 non
2031 3248 2081 3272 ve-

1144 3287 1296 3322 xabimus
1308 3311 1319 3328 ‚
1345 3284 1398 3319 sed
1409 3286 1538 3320 causam
1551 3285 1705 3321 cedemus
1716 3287 1782 3321 illis
1791 3311 1801 3328 ‚
1812 3297 1951 3329 quorum
1963 3286 2011 3322 ibi
2025 3299 2085 3323 ac-

1148 3346 1295 3382 ceptatur
1320 3334 1500 3378 iniquitas,
1525 3336 1629 3379 &qui
1650 3336 1860 3371 venalitatem
1878 3337 1949 3380 ejus
1969 3338 2086 3382 praedi-

1150 3397 1244 3429 cant,
1271 3385 1480 3421 &cantitant
1490 3386 1524 3420 in
1537 3386 1661 3430 plateis.
1694 3384 1871 3422 Parcentes
1882 3396 1990 3423 autem
2013 3389 2086 3422 reti-

1921 3447 2033 3473 cemus
