2358 3776
286 180 332 218 ba
350 174 429 215 ,vero
446 169 628 214 Sacerdotis
650 172 773 217 semper
788 172 946 212 comitem
967 173 1090 212 debent
1111 170 1228 210 habere

287 229 457 266 veritatem
470 249 478 257 .
504 223 703 262 Deusbone
723 248 734 269 ,
766 224 916 268 nunquid
936 235 1007 260 non
1028 222 1227 261 erubesceret

289 280 407 322 aliquis
429 276 471 310 de
487 273 586 323 plebe
604 273 802 314 istadicere?
830 274 1002 313 Consulite
1013 272 1229 311 conscientias

288 330 406 364 vestras
423 351 434 367 ‚
462 324 618 362 advertite
639 325 779 359 formam
801 323 994 363 demonis,
1033 324 1228 357 consensum

287 378 440 413 omnium
448 375 489 413 ad
508 385 589 419 quos
610 372 769 418 spectabat
791 373 910 406 eledtio
929 384 940 413 ,
966 373 1124 410 assensum
1136 372 1227 409 Prin-

286 428 369 471 cipis
379 437 434 476 per
445 425 549 463 filium
561 426 651 458 suum
664 447 675 463 ,
702 424 736 456 ἀ
750 433 807 456 eos
818 423 874 470 qui
887 422 927 460 ad
943 420 1008 456 hoc
1034 422 1115 456 miffi
1134 420 1207 456 sunt
1218 446 1227 458 ,.

286 477 366 515 Filii
384 477 484 511 etiarn
511 485 586 512 cum
612 472 769 507 omnibus
790 470 982 516 primatibus
1005 471 1117 516 Regni
1142 496 1149 504 .
1194 473 1227 507 Si

285 527 404 571 aliquis
414 536 527 561 eorum
540 523 763 565 contradixit,
790 523 812 556 fi
839 521 1027 558 reclamavit
1041 522 1092 559 vel
1114 522 1150 555 in
1172 522 1229 558 ali-

283 586 374 622 quo,
402 577 552 619 loquatur
563 574 620 619 qui
633 573 785 618 noverit,
812 573 900 612 dicat
913 571 971 616 qui
983 571 1028 606 est
1040 571 1190 610 conscius
1218 595 1226 603 .

286 628 323 663 Si
346 626 421 661 vero
445 625 523 663 inde
544 622 692 657 turbatus
712 623 808 659 fuerit
818 623 958 668 aliquis,
983 633 1053 660 non
1065 621 1151 660 dicat
1164 632 1223 669 pro

285 678 341 716 sua
365 674 514 715 molestia
535 674 599 710 toti
620 673 742 721 Regno
765 673 799 707 δε
823 669 974 711 Ecclefiae
994 673 1110 706 faciam
1134 671 1227 705 fuisse

284 727 459 771 injuriam.
487 725 766 771 Litterasquoque
777 723 919 761 Domini
941 722 1066 774 Regis,
1093 722 1127 761 ὅς
1154 733 1226 755 om-

284 777 379 815 niurn
404 775 547 814 -vestrum
569 772 762 819 diligentius
794 773 952 810 attendite
973 797 985 814 ,
1029 771 1227 816 postulantes

286 826 385 864 nobis
395 837 472 865 cum
482 824 751 859 multainstantia
774 822 916 861 Pallium
932 847 943 863 ,
967 823 1001 863 ὃς
1028 820 1226 861 obtinuisse,-

283 877 339 914 δίο
350 878 381 911 se
393 876 541 910 habetrei
554 875 684 913 veritas.
716 873 840 914 Verum
865 874 887 907 fi
911 884 1009 917 quem
1032 872 1122 908 torsit
1147 872 1228 907 invi·

282 928 361 968 dia,
387 928 520 975 siquem
533 924 655 966 afflixit
665 923 804 963 ambitio
818 948 829 968 ,
856 924 878 957 fi
899 924 952 957 cui
976 933 1044 963 tam
1068 921 1228 966 pacifica,

286 986 354 1011 tam
366 976 537 1022 legitima,
563 985 630 1015 tam
653 974 717 1009 fine
738 972 996 1013 contradidiione
1020 975 1099 1013 faeta
1112 972 1227 1007 electio

283 1025 478 1064 dolorem&
502 1024 753 1065 amaritudinem
766 1023 919 1068 impreffit
936 1024 1062 1065 animi,
1095 1031 1228 1061 eatenus

282 1086 322 1110 ut
345 1076 390 1112 ob
413 1076 477 1115 hoc
497 1074 748 1113 machinetur&
777 1075 854 1109 velit
875 1074 996 1109 turbari
1018 1073 1155 1113 omnia,
1181 1073 1227 1105 in·

285 1125 422 1172 dulgeat
441 1125 472 1164 ei
493 1123 796 1166 Dominus&nos‚
822 1125 864 1159 eo
887 1122 976 1169 quod
989 1124 1118 1172 culpam
1139 1124 1229 1161 suam

286 1174 427 1211 minime
449 1185 575 1216 taceat,
601 1176 756 1219 suamque
777 1175 882 1214 animi
899 1173 1168 1219 indignationem
1193 1172 1229 1205 in

285 1227 461 1271 conspeetu
496 1227 651 1266 omnium
686 1225 814 1275 publice
848 1225 1000 1264 confiteri
1046 1233 1115 1261 nou
1151 1233 1223 1259 eru·

282 1276 410 1315 bescatp

333 1326 457 1364 Dicitis
476 1336 529 1360 me
551 1324 593 1362 de
611 1324 691 1361 exili
714 1323 920 1363 sublimatum
944 1323 985 1358 ab
1009 1322 1080 1367 ipso
1104 1321 1139 1360 in
1159 1320 1229 1367 glo,

273 1377 369 1413 ‘riam
392 1400 401 1410 .
440 1375 522 1414 Non
546 1376 614 1409 sum
637 1374 745 1414 revera
765 1374 881 1409 Atavis
910 1374 1018 1413 editus
1039 1371 1189 1417 Regibus
1218 1395 1226 1404 .

267 1427 383 1470 *Malo
392 1435 505 1463 tamen
518 1426 544 1463 is
552 1426 616 1464 effe
627 1449 639 1469 ,
666 1425 778 1468 inquo
796 1424 968 1464 Nobilitas
986 1422 1114 1468 generis
1134 1421 1230 1466 dege-

283 1485 392 1515 meret,¹
423 1475 521 1514 For-te
541 1484 635 1510 natus
656 1475 726 1508 sum
749 1474 790 1508 de
812 1485 950 1518 paupere
973 1472 1140 1518 tugurio?
1166 1469 1230 1509 Sed

283 1534 486 1570 cooperante
496 1524 622 1561 Divina
633 1522 806 1562 clementia
818 1547 830 1566 ,
853 1534 925 1566 quae
937 1523 1031 1559 novit
1043 1523 1148 1559 facere
1169 1520 1230 1559 mi-

283 1574 490 1612 sericordiam
511 1584 589 1608 curn
607 1573 703 1607 servis
728 1572 814 1611 suis,
839 1582 909 1614 quae
932 1571 1028 1616 eligit
1054 1569 1181 1606 humile
1194 1579 1231 1607 ut

285 1623 471 1662 confundat
495 1624 612 1664 fortia,
639 1623 674 1655 in
694 1621 842 1660 exilitate
864 1631 959 1662 mea,
983 1619 1159 1664 antequam
1180 1629 1231 1653 ac·

290 1677 436 1713 cederem
448 1674 489 1712 ad
503 1672 571 1715 e'ms
582 1672 790 1714 obsequium,
803 1672 876 1709 satis
886 1669 1032 1715 copiose,
1047 1670 1121 1704 satis
1132 1668 1233 1708 abun-

282 1725 424 1766 danter,
451 1721 525 1757 satis
535 1719 741 1760 honorifice,
767 1720 846 1753 sicut
868 1719 926 1762 ipsi
949 1719 1110 1758 novistis,
1136 1728 1233 1761 prout

286 1766 507 1811 abundantius
519 1772 602 1810 inter
614 1769 741 1805 vicinos
753 1779 844 1805 meos
855 1768 890 1807 ἀ
901 1777 999 1802 notos
1009 1791 1021 1811 ,
1039 1768 1231 1810 >cujuscum-

287 1837 353 1871 que
389 1821 593 1860 conditionis
629 1819 752 1856 fuerint
778 1842 790 1859 ‚
816 1818 1023 1855 conversatus
1059 1817 1129 1852 sum
1155 1840 1163 1847 .
1189 1816 1233 1853 Et

287 1874 423 1914 David,
449 1872 490 1907 de
502 1869 732 1906 Postfoetantes.
756 1868 954 1912 assumptus,
976 1866 1177 1905 constitutus
1188 1864 1233 1901 est

288 1936 329 1960 ut
348 1932 473 1968 regeret
497 1919 666 1964 Populum
687 1918 754 1957 Dei
774 1940 786 1957 ,
823 1919 876 1952 cui
894 1919 985 1962 aurfta
1004 1917 1051 1951 est
1072 1915 1234 1953 fortitudo

287 1977 322 2010 δε
356 1972 481 2018 gioria,
510 1968 671 2015 quoniam
705 1967 885 2003 ambulavit
908 1968 943 2001 in
967 1966 1027 2004 viis
1056 1966 1199 2001 Domini
1226 1987 1234 1999 .

286 2025 402 2060 Petrus
425 2020 503 2059 vero
526 2020 568 2056 de
589 2026 658 2056 arte
678 2017 809 2063 piscaria
831 2018 967 2056 electus,
991 2017 1097 2053 'fastus
1118 2014 1163 2049 est
1176 2015 1235 2048 Ec-

288 2075 390 2111 clefiae
415 2073 588 2115 Princeps,
609 2069 665 2113 qui
682 2064 844 2114 'sanguine
855 2067 913 2106 ,suo
938 2066 1090 2105 meruerit
1109 2076 1167 2108 pro
1179 2075 1239 2097 no·

290 2126 382 2162 mine
395 2121 568 2157 christiin
590 2119 682 2156 coelis
705 2118 823 2157 habere
844 2128 1027 2158 coronam,
1052 2114 1238 2152 &interris

290 2184 415 2211 nomen
435 2173 470 2210 ὃς
490 2170 651 2219 gloriam..
679 2170 819 2204 Utinam
843 2169 877 2205 δε
901 2166 963 2202 no's
983 2166 1129 2204 similiter
1142 2165 1236 2199 facia·

291 2236 385 2261 mus.
412 2223 610 2260 Succeffores
630 2221 720 2255 enim
741 2218 831 2257 Petri
852 2219 961 2256 sumus
980 2241 992 2261 ,
1029 2227 1098 2252 non
1121 2215 1237 2259 Augu-

292 2276 331 2310 sti
353 2300 360 2307 .
399 2270 508 2312 Novit
527 2271 719 2309 Dominus,
747 2278 828 2316 ⁴-quo
847 2267 972 2305 intuitu
999 2276 1061 2301 nos
1083 2263 1238 2308 ipsedesi·

292 2324 449 2360 deraverit
466 2321 657 2359 sublimari.
693 2316 901 2361 Respondeat
922 2317 952 2353 ei
970 2316 1025 2354 sua
1055 2313 1198 2351 intentio
1226 2315 1237 2357 ',

295 2377 403 2410 &nos
414 2369 679 2419 respondebimus
701 2367 731 2402 ei
752 2379 813 2412 pro
833 2367 935 2406 officii
959 2365 1061 2402 nostri
1086 2363 1200 2401 debito
1226 2386 1238 2405 ‚

293 2424 483 2468 fideliusper
494 2418 751 2457 misericordiam
769 2417 835 2453 Dei
865 2414 902 2450 in
923 2417 1113 2456 severitate,
1140 2424 1238 2457 quam

290 2477 348 2519 qui
375 2472 589 2510 blandiuntur
613 2469 643 2504 ei
671 2470 705 2507 iu
731 2467 911 2502 mendaciis
931 2493 950 2511 .,
966 2466 1109 2503 Meliora
1147 2465 1238 2500 enim

296 2528 372 2561 sunt
399 2523 530 2561 verbera
555 2518 673 2563 amici,
698 2519 796 2569 quam
821 2517 1028 2557 fraudulenta
1055 2514 1168 2554 oscula
1181 2514 1240 2551 ini-

296 2576 374 2614 mici
388 2600 396 2610 .

1242 1101 1247 1140 l

349 2623 536 2668 impingitis
548 2621 641 2657 nobis
650 2618 897 2666 ingratitudinis
910 2628 1022 2653 notam
1031 2640 1040 2650 .
1067 2617 1130 2652 Per
1141 2625 1251 2660 quan·¹

298 2674 373 2709 dam
394 2672 648 2708 insinuationem
672 2671 834 2706 credimus
857 2693 868 2710 ,
909 2669 986 2713 quia
1007 2668 1134 2703 nullum
1169 2676 1239 2708 pec-

300 2735 412 2760 catum
438 2720 606 2757 criminale
631 2718 676 2753 est
712 2721 802 2761 quod
836 2720 988 2762 importet
1026 2718 1194 2753 infamiam
1232 2737 1253 2755 ,-

303 2775 364 2811 nisi
378 2770 558 2818 processerit
570 2781 610 2803 ex
622 2769 752 2804 animo.
781 2768 916 2803 Undefi
931 2770 1003 2812 quis
1025 2766 1243 2803 homicidium

302 2824 428 2860 invitus
447 2818 667 2860 commiserit,
693 2818 748 2851 etsi
772 2815 940 2851 homicida
965 2817 1091 2855 dicatur
1113 2818 1148 2852 δε
1169 2818 1207 2850 fit
1233 2838 1242 2854 ‚

307 2886 377 2910 non
402 2884 510 2907 tamen
534 2867 706 2906 homicidii
728 2877 851 2902 reatum
883 2868 1016 2903 incurrit
1037 2894 1044 2901 .
1090 2869 1143 2905 Sic
1166 2866 1245 2901 dici-

306 2935 401 2961 mus:
432 2922 497 2957 Etfi
512 2920 663 2954 Domino
683 2917 793 2952 nostro
817 2917 902 2961 Regi
924 2917 1114 2960 obsequium
1133 2915 1246 2953 debea-

303 2984 379 3009 mus
400 2973 467 3018 jure
478 2970 641 3010 Domini,
668 2969 869 3004 si-teneamur
879 2967 919 3000 ad
942 2970 1152 3004 reverentiam
1176 2978 1246 3014 prae-

311 3022 538 3066 standamjure
560 3020 688 3064 Regio,
717 3018 738 3054 fi
759 3017 946 3051 Dominum
966 3018 1198 3062 sustinuimus,
1225 3017 1246 3050 si

309 3075 417 3110 filium
441 3082 578 3117 paterno
599 3070 713 3105 affeetu
730 3066 964 3107 convenimus,
1006 3068 1027 3100 fi
1044 3069 1077 3101 in
1100 3078 1249 3103 conven‘

310 3135 406 3165 tum,
433 3133 501 3160 non
527 3119 629 3158 auditi
655 3120 688 3155 &
713 3118 862 3153 dolentes
878 3142 890 3159 ,
931 3118 1113 3152 necestitate
1150 3117 1250 3152 officii

315 3175 480 3210 censuram
494 3171 668 3207 severitatis
687 3179 896 3208 exercemus,
922 3168 993 3212 plus
1018 3168 1180 3203 credimus
1194 3178 1253 3202 nos

316 3237 375 3268 pro
390 3225 459 3268 ipso
471 3223 576 3259 facere
593 3221 628 3256 ὅ(
648 3231 723 3254 cum
743 3219 835 3262 ipso,
860 3217 957 3261 quam
975 3228 1088 3252 contra
1113 3218 1217 3260 ipsum
1245 3242 1251 3249 .

316 3275 396 3308 Plus
407 3286 446 3308 ex
458 3284 498 3307 eo
515 3270 689 3318 promereti
701 3270 838 3315 gratiam
853 3292 863 3309 ,
890 3268 987 3313 quam
1012 3266 1253 3312 ingratitudinis

318 3334 430 3358 notam
455 3323 509 3357 ,vel
535 3324 695 3365 poenam’·
733 3316 905 3362 Saepiffime
942 3319 1028 3352 certe
1056 3318 1251 3352 beneficium

321 3374 485 3406 confertur
506 3373 628 3405 invito.
660 3368 766 3404 Unde
788 3368 997 3416 commodius
1017 3367 1083 3411 ejus
1108 3366 1259 3411 prospici-

319 3429 373 3458 tur
386 3420 610 3464 indemnitati,
638 3420 693 3463 qui
707 3419 761 3455 etsi
776 3429 844 3454 non
865 3417 964 3460 alias,
984 3427 1121 3464 urgente
1132 3416 1260 3453 neceffi·

977 86 1143 137 ΕῬῑι
1181 84 1207 133 s
1244 78 1284 132 T
1321 86 1367 135 0
1402 87 1438 135 L
1471 90 1571 140 AE:
1614 58 1657 125 {V
1711 85 1727 94 -
1785 83 1798 122 3.

1290 168 1362 208 tate>
1380 183 1551 211 revocatur
1582 172 1598 207 a
1621 172 1859 216 perpetratione
1888 174 1994 213 delicti
2014 189 2035 212 .’
2061 173 2225 216 'Praeterea'

1290 222 1435 262 defendit
1446 236 1506 259 nos
1526 223 1567 258 ab
1589 224 1833 268 ingratitudinis
1856 235 1934 259 nota
1956 227 2049 263 Pater
2067 229 2221 265 noster&

1290 271 1473 315 Patronus,
1497 274 1553 318 qui
1566 274 1609 307 est
1632 274 1697 317 ipse
1718 272 1885 310 Christus.
1913 275 1987 317 Jure
2009 278 2151 315 Paterno
2175 291 2224 315 te-'

1293 325 1452 362 nemurad
1466 324 1534 368 ejus
1545 324 1766 359 obedientiam
1779 349 1789 364 ‚
1818 334 1882 367 qua
1894 336 1963 359 non
1984 325 2146 363 observata
2168 342 2223 374 pu-

1292 373 1503 419 n'iemurjusta
1515 373 1781 411 exhaeredationis
1792 384 1908 419 poena.
1933 374 2045 411 Potest
2066 378 2154 413 enim
2165 380 2222 415 Pa·

1291 430 1338 460 tet
1351 425 1551 463 'exhaeredare
1564 425 1670 462 filium
1683 436 1722 460 ex
1732 424 1813 468 justa
1834 426 1948 461 causa,
1977 425 2048 469 lpse
2066 427 2158 461 enim
2177 430 2224 464 di-

1290 473 1335 510 cit
1348 486 1356 507 2
1386 477 1418 512 si
1431 487 1489 509 non
1503 481 1738 511 annunciaveris
1749 479 1840 516 impio
1850 480 2040 519 iniquitatem
2053 474 2140 520 suam
2154 500 2166 517 ,
2184 481 2223 513 ’θ

1290 529 1432 558 moriatur
1456 531 1490 562 in
1512 525 1616 559 delic‘Io
1631 524 1705 567 suo,
1728 523 1907 571 sanguinem
1927 527 2044 571 ejusde
2062 537 2153 560 manu
2174 535 2226 561 tua

1289 580 1456 616 requiram.
1487 575 1867 624 Ergofidelinquentem
1880 574 1947 611 noh
1969 577 2186 613 convenimus
2212 591 2226 618 ,-

1290 624 1311 656 fi
1334 634 1401 658 non
1423 625 1610 660 audientem
1634 637 1700 659 non
1721 626 1938 670 corripimus,
1978 627 2000 660 fi
2024 627 2224 673 pertinacem

1291 682 1359 707 non
1381 686 1591 716 coercemus,
1617 675 1856 714 committimus
1881 677 1917 710 in
1946 677 2166 719 Mandatum,
2191 678 2226 712 δε

1290 723 1445 768 tanquam
1458 725 1688 765 inobedientiae
1710 727 1754 760 rei
1771 726 1841 769 jure
1862 725 2103 764 exhaeredemur
2116 752 2124 761 .
2151 727 2228 773 Jure

1290 775 1484 812 ‚patronatus
1497 786 1597 819 ,quo
1609 777 1677 821 ejus
1697 777 1807 812 sumus
1829 776 1922 811 liberi
1943 776 2075 823 justitiae
2086 788 2141 820 per
2155 776 2225 820 ejus

1289 824 1448 869 gratiam,
1474 825 1660 870 obligamur
1686 827 1715 861 ei
1742 827 1784 862 ad
1822 828 2035 864 reverentiam
2072 828 2107 864 &
2138 827 2230 862 obse-

1289 875 1402 919 quium
1415 900 1422 906 .
1450 875 1556 910 Unde
1569 877 1728 921 quoniam
1742 878 1889 918 nemini,
1904 878 1960 911 nifi
1974 875 2059 912 salva
2071 878 2139 922 ejus
2150 876 2227 919 fide,

1289 935 1437 963 tenemur
1450 925 1615 967 obnoxii,
1641 927 1663 963 fi
1676 927 1713 960 fit
1724 937 1840 963 contra
1862 938 1936 962 eum
1961 929 1996 961 in
2016 927 2227 972 dispendium

1291 975 1437 1013 Ecclefiae
1448 977 1673 1021 pertinaciter,
1700 976 1818 1013 meritc)
1829 1001 1839 1017 ‚
1862 978 1961 1013 finon
1973 978 2126 1023 punimus
2137 988 2228 1012 com·

1291 1026 1419 1059 mistum
1434 1037 1540 1071 proca
1554 1037 1640 1070 parte
1651 1025 1905 1067 sollicitudinis,
1938 1027 1974 1063 in
1997 1038 2096 1071 quam
2118 1029 2228 1062 vocati

1290 1076 1417 1116 sumus,
1445 1075 1605 1110 collatum
1625 1076 1792 1111 revocabit
1808 1075 1937 1113 anobis
1956 1076 2002 1110 ob
2022 1077 2230 1122 ingratitudi-

1291 1137 1367 1159 nem
1382 1126 1449 1169 ipse
1472 1126 1556 1163 solus
1577 1125 1774 1163 beneficium
1790 1150 1803 1170 ,
1827 1136 1869 1160 ex
1893 1136 1960 1173 quo
1978 1125 2050 1160 vere
2065 1125 2228 1170 apparebi-

1290 1187 1362 1214 mus
1374 1176 1494 1220 ingrati
1511 1201 1517 1208 .

1340 1226 1530 1271 Proponitis
1542 1225 1638 1263 nobis
1657 1226 1836 1269 periculum
1860 1225 2011 1259 Ecclefiae
2034 1225 2195 1261 Romanas
2215 1247 2233 1268 ,

1289 1276 1442 1319 jaeiuram
1454 1277 1684 1319 temporalium
1697 1302 1704 1309 .
1732 1276 1920 1310 Periculum
1932 1276 2064 1321 quidem
2078 1276 2233 1311 nostrum*

1289 1327 1322 1361 &
1344 1326 1527 1361 nostrorum
1542 1350 1552 1366 ,
1586 1337 1648 1360 nec
1670 1327 1706 1360 fit
1728 1327 1854 1362 mentio
1875 1326 1915 1359 de
1938 1326 2082 1369 periculo
2107 1326 2232 1360 anima-

1291 1388 1381 1410 rum.
1412 1375 1586 1414 Intentatis
1608 1376 1707 1412 etiam
1730 1377 2024 1414 comminatorium
2047 1376 2089 1410 de
2111 1375 2229 1411 recessu

1291 1426 1433 1465 Domini
1445 1426 1568 1471 RegiS,
1595 1427 1684 1471 quod
1699 1427 1778 1464 absit
1791 1449 1801 1465 ,
1825 1426 1844 1463 a
1857 1426 2056 1464 fidelitate&
2078 1426 2232 1461 devotio-

1293 1487 1334 1511 ne
1346 1476 1506 1510 Romanae
1520 1475 1680 1513 Ecclefiae.
1709 1476 1821 1516 Absit,
1847 1477 1983 1520 inquam
1998 1499 2010 1519 ,
2036 1485 2073 1512 ut
2086 1476 2232 1512 Domini

1293 1525 1396 1563 nostri
1410 1526 1512 1574 Regis
1523 1524 1704 1561 devotio&
1718 1527 1798 1563 fides
1816 1525 1861 1561 ob
1886 1527 2065 1573 temporale
2085 1535 2235 1560 commo-

1292 1575 1372 1610 dum
1400 1576 1453 1609 vel
1479 1576 1731 1613 incommodum
1762 1577 1780 1613 ὲ
1817 1576 1973 1614 fidelitate
2008 1577 2041 1614 ὅς
2077 1576 2232 1612 devotio-

1293 1635 1334 1661 ne
1350 1624 1493 1661 discedat
1517 1624 1665 1662 Ecclesiae
1683 1651 1690 1661 .
1727 1625 1832 1672 Qod
1857 1626 1989 1669 quidem
2006 1625 2179 1666 criminale
2197 1626 2233 1660 dc

1292 1674 1480 1712 damnabile
1506 1675 1584 1709 esset
1607 1674 1643 1709 in
1663 1675 1813 1718 privato,
1841 1675 1962 1708 nedum
1982 1675 2018 1707 'in
2040 1673 2234 1718 Principe-,¹

1293 1725 1349 1767 qui
1378 1725 1500 1759 multos
1521 1726 1630 1758 secum
1656 1724 1755 1759 trahit
1775 1724 1846 1767 post
1880 1725 1911 1757 se
1931 1749 1938 1756 .
1978 1724 2075 1762 Abfit
2095 1723 2195 1760 etiam
2213 1743 2232 1766 r,

1292 1773 1382 1814 quod
1395 1774 1467 1813 quis
1478 1772 1546 1818 ejus
1557 1773 1665 1809 fidelis
1675 1770 1902 1816 haee‘unquam
1914 1773 2062 1817 cogitare
2081 1773 2196 1809 debeat
2216 1769 2235 1821 ,';

1294 1820 1415 1856 nedum
1429 1821 1536 1858 dicere
1547 1822 1680 1864 supinus
1703 1819 1844 1866 aliquis,
1871 1821 1994 1858 nedum
2017 1822 2197 1867 Episcopus
2229 1850 2236 1857 .

1294 1871 1416 1909 Videat
1427 1871 1585 1909 discretio>
1594 1871 1693 1907 vestra
1705 1896 1717 1915 ,
1742 1883 1784 1910 ne
1796 1872 1862 1909 oris
1874 1872 1966 1907 vestri
1981 1872 2074 1910 verba
2085 1872 2236 1908 inficiant

1293 1922 1436 1965 aliquem
1461 1946 1472 1962 ,
1511 1921 1562 1960 vel
1580 1920 1771 1970 pluresgin
1804 1923 1920 1957 animae
1943 1923 2004 1958 suae
2025 1923 2236 1969 dispendium

1293 1972 1586 2007 &damnationem
1599 1996 1610 2012 ,
1637 1970 1678 2007 ad
1691 1969 1789 2006 in'star
1810 1971 1921 2006 calicis
1942 1972 2054 2016 aurei,
2080 1973 2138 2017 qui
2156 1973 2237 2009 dici-

1297 2031 1350 2057 tur
1362 2020 1544 2064 Babylonis
1555 2045 1567 2061 ‚
1593 2021 1729 2056 interius
1742 2023 1776 2060 ὅς
1787 2021 1929 2059 exterius
1941 2023 2068 2061 ieneno
2090 2023 2206 2071 illiniti
2218 2048 2235 2066 v,

1298 2071 1338 2105 de
1359 2082 1425 2115 quo
1443 2082 1518 2105 curn
1540 2070 1612 2118 quis
1625 2070 1765 2116 biberit,
1803 2083 1871 2108 non
1895 2073 2010 2107 timeat
2032 2084 2198 2110 venenum
2223 2080 2236 2116 ᾗ

1299 2132 1375 2155 cum
1400 2121 1518 2158 viderit
1539 2133 1687 2166 aurum,
1703 2123 1737 2157 ὅ(
1761 2122 1846 2159 sicin
1858 2122 2029 2169 publicum
2052 2124 2163 2159 veniat
2184 2129 2240 2160 vob

1300 2171 1353 2206 stri
1376 2171 1481 2213 operis
1501 2171 1644 2208 affectus.
1670 2172 1730 2207 Ille
1750 2173 1860 2214 enim,
1898 2172 1957 2217 qui·
1981 2181 2050 2210 non
2073 2174 2200 2212 fallitur
2223 2198 2237 2216 ,

1297 2232 1381 2265 opus
1393 2220 1548 2259 furtivum
1577 2221 1727 2266 producit
1745 2222 1779 2255 in
1801 2221 1910 2259 lucem
1926 2223 1994 2264 ,ὃς
2020 2223 2237 2269 machinati&

1300 2282 1356 2305 nes
1383 2271 1528 2306 denudat
1555 2272 1711 2316 iniquas.¹
1729 2272 1767 2307 ln
1791 2270 2007 2309 tribulatione
2042 2272 2175 2316 quidem
2204 2274 2240 2310 de

1301 2321 1467 2364 sanguinis
1479 2322 1811 2358 effufioneconsuevit
1822 2322 1962 2358 Ecclesia
1970 2324 2107 2359 crescere
2115 2325 2148 2359 ὃς
2157 2324 2240 2359 mul·

1301 2371 1442 2415 tiplicari
1457 2396 1464 2402 .
1491 2370 1664 2414 Proprium
1676 2372 1764 2405 enirn
1775 2371 1819 2406 est
1833 2370 1982 2406 Ecclesiae
1997 2395 2007 2413 ,
2024 2383 2062 2408 ut
2073 2384 2154 2408 tune
2167 2375 2240 2409 vin-

1301 2429 1352 2455 cat
1365 2432 1442 2455 cum
1455 2419 1579 2455 laeditur
1589 2445 1600 2463 ,
1626 2429 1706 2454 tunc
1719 2420 1880 2464 intelligat
1892 2431 1967 2455 cum
1979 2422 2144 2465 arguitur,
2155 2433 2236 2458 tune

1300 2470 1447 2508 obtineat
1467 2478 1542 2508 cum
1564 2470 1734 2504 deseritur.
1774 2469 1890 2505 Nolite
1911 2480 1990 2514 ergo
2011 2471 2122 2509 fratres
2145 2472 2238 2516 super

1301 2522 1403 2566 ipsam
1427 2520 1523 2562 flere,
1550 2521 1604 2557 sed
1626 2521 1718 2566 super
1732 2530 1789 2553 vos
1806 2520 1913 2564 ipsos,
1939 2520 1997 2562 qui
2016 2521 2126 2558 facitis
2145 2521 2240 2557 vobis

1302 2583 1423 2608 nomen
1437 2595 1448 2612 ,
1475 2570 1529 2607 sed
1550 2574 1617 2605 non
1637 2570 1764 2614 grande
1785 2580 1826 2604 ex
1848 2568 1913 2604 hoc
1933 2568 2019 2604 fasto
2032 2571 2070 2608 δε
2089 2570 2178 2607 disto
2196 2582 2240 2607 ex

1301 2633 1357 2656 ore
1368 2622 1540 2656 omnium.
1567 2621 1636 2668 Qi
1650 2619 1833 2666 provocatis
1852 2619 1885 2651 in
1908 2629 1964 2652 vos
1986 2619 2052 2654 Dei
2075 2621 2238 2658 odium&

1302 2672 1546 2706 universorum.
1574 2671 1642 2717 Qi
1657 2671 1773 2714 paratis
1784 2668 1958 2704 Innocenti
1977 2668 2131 2716 laqueum
2145 2694 2156 2712 ,
2181 2672 2240 2716 qui
2273 2669 2275 2673 ’

1286 2721 1424 2756 cuditis
1447 2733 1549 2757 novas
1573 2722 1605 2757 δε
1627 2720 1814 2764 ingeniosas
1836 2719 1976 2753 rationes
2005 2719 2038 2753 in
2068 2719 2254 2765 subversio-p

1305 2782 1380 2806 nem
1408 2770 1564 2808 libertatis
1595 2771 1744 2806 Ecclefiae
1770 2795 1778 2802 .
1815 2769 1939 2804 Fratres
1977 2779 2029 2812 per
2063 2772 2240 2806 misericor-

1306 2822 1393 2856 diam
1406 2822 1470 2856 Dei
1486 2823 1518 2856 in
1534 2832 1654 2855 vanum
1669 2819 1839 2857 laboratis.
1869 2819 1983 2854 Stabit>
1994 2820 2084 2855 enim
2106 2822 2170 2863 ipsa
2184 2821 2243 2855 Ec.

1306 2872 1399 2906 clesia
1414 2896 1425 2912 ,
1450 2871 1507 2907 etsi
1531 2870 1641 2916 saepius
1662 2869 1816 2906 concussa
1836 2892 1846 2911 ,
1883 2869 1916 2901 in
1939 2880 1977 2902 ea
1997 2870 2190 2906 fortitudine
2208 2872 2243 2906 &t

1309 2923 1483 2961 firmitate,
1511 2922 1544 2957 in
1557 2931 1618 2966 qua
1631 2919 1766 2956 firmiter
1777 2918 1912 2956 fundata
1924 2918 1969 2954 est
1987 2944 1997 2959 ,
2024 2919 2131 2954 donec
2155 2921 2242 2957 filius

1310 2972 1365 3007 ille
1393 2971 1584 3014 perditionis
1609 2971 1715 3013 surgat
1743 2993 1753 3009 ,
1786 2979 1882 3012 quem
1911 2980 1978 3002 non
2006 2970 2168 3005 credimus
2203 2969 2251 3007 de

1311 3020 1453 3066 partibus
1474 3018 1734 3057 occidentalibus
1754 3017 2003 3070 adscensurum‚
2039 3020 2098 3055 nifi
2122 3030 2244 3067 perver-

1313 3073 1343 3106 se
1363 3081 1506 3108 mutatus
1523 3070 1620 3107 fue'rit
1642 3069 1725 3104 ordo
1741 3080 1845 3102 rerum
1868 3092 1878 3107 ,
1911 3069 1944 3103 δε
1970 3068 2060 3103 series
2080 3070 2244 3116 scriptura·

1314 3133 1402 3156 rum.
1429 3120 1463 3157 Si
1484 3120 1560 3157 vero
1571 3118 2006 3163 de'temporalibusagatur,
2044 3120 2245 3162 plustimere

1313 3171 1465 3207 debemus
1475 3168 1895 3216 animae³periculum,quam
1909 3170 2148 3212 temporalium.
2163 3170 2248 3206 Scri-

1317 3224 1406 3266 pt'u'ra
1423 3220 1499 3255 vero
1510 3219 1609 3254 dicit.
1638 3220 1728 3262 ,Quid
1732 3219 1848 3260 prodest
1861 3218 1970 3253 bomini
1989 3226 2082 3251 totum
2103 3221 2245 3254 mundum

1317 3275 1441 3312 lucrari,
1468 3276 1577 3306 animae
1588 3267 1729 3311 verdsuae
1744 3267 1884 3311 sustinere
1909 3267 2128 3311 dispendium?
2160 3269 2251 3304 Peri-

1319 3322 1428 3356 culum
1443 3321 1551 3367 itaque
1565 3320 1709 3355 nostrum
1733 3320 1766 3353 ὅς
1790 3318 1969 3352 nostrorum
1994 3319 2124 3362 penitus
2144 3317 2254 3362 abjici·

1320 3383 1408 3405 mus.
1436 3372 1517 3406 Non
1530 3371 1619 3404 enim
1634 3369 1798 3403 timendus
1808 3368 1852 3402 est
1866 3368 1919 3402 ille
1934 3392 1945 3409 ,
1971 3369 2028 3415 qui
2052 3379 2167 3414 corpus
2185 3379 2254 3411 per-

1322 3422 1394 3463 dit,
1421 3419 1472 3456 sed
1486 3420 1541 3466 qui
1554 3431 1668 3464 corpus
1680 3421 1711 3454 <St
1724 3420 1867 3454 animam
1882 3442 1890 3452 .
2115 3430 2117 3433 ·

2095 3465 2214 3514 Argui-
