2358 3776
282 80 1794 145 S.THOMAE*C''ANTL1'A=‘R1ENSIS.

111 239 224 267 omnes
236 227 355 262 domos
378 239 491 261 eorum
513 226 743 261 exterminabit
760 225 779 258 a
803 233 884 258 terra
905 223 982 261 sua,
1009 223 1058 256 ni-

110 282 133 314 si
151 278 373 314 Cistertienses
399 289 452 312 me
474 278 614 311 Exulem
627 278 660 310 ὄι
684 275 973 318 proscriptum-pm
987 273 1058 306 Do-

111 330 225 367 mino,
251 328 285 363 &
309 327 464 362 fidelitate
479 327 627 361 Ecclesiae
639 326 821 363 Romane,
847 324 880 357 ἃς
903 321 994 356 Cleri
1019 322 1057 355 li-

110 381 254 418 bertate,
280 378 413 422 ejiciant
435 379 452 412 a
468 375 670 411 Monaslerio
681 372 942 413 Pontiniacensi,
973 372 1055 405 invi-

109 440 145 462 to
160 428 290 463 Abbate
304 428 369 462 loci
383 429 416 463 δε
436 426 608 465 fratribus,
634 425 689 468 qui
713 432 774 466 pro
795 422 973 457 reverentia
985 432 1054 465 pre-

109 490 185 512 cum
212 479 407 518 vestrarum,
441 478 475 512 ὅ(
496 473 760 510 Christianiffimi
786 473 889 519 Regis
913 473 1056 506 Francia:

108 529 142 563 i&
162 529 371 572 optimatum
390 527 504 562 Galliae
525 526 714 560 interventu
735 549 748 565 ,
775 522 1001 567 benigniffime
1022 523 1057 557 ὅ(

114 579 333 613 liberaliffime
357 577 527 621 plurimam
547 573 633 609 mihi
647 574 681 608 δι
704 573 785 608 meis
794 593 806 613 ,-
832 572 922 614 quod
944 573 990 607 eis
1013 583 1057 606 re-

110 629 230 672 pendat
253 628 458 666 Altiffimus,
495 624 735 659 humanitatem
757 621 999 662 exhibuerunt,
1023 623 1057 656 &

110 679 219 713 adhuc
240 703 250 719 ,
275 677 456 719 fi'licuerit‚
480 675 636 709 exhibere
659 674 758 718 parati
780 673 854 706 sunt
876 698 884 705 ,
914 673 958 706 Et
980 672 1057 707 licet

110 729 303 762 tribulemur
322 727 354 762 δε
374 737 582 761 conteramur
604 725 665 761 soli
679 735 757 759 cum
770 723 911 766 parvulis
926 723 1057 763 nostris,

109 780 166 823 qui
189 779 286 812 fidem
297 775 605 818 divitiis&d'eliciis
619 775 844 818 praetulerunt,
872 785 932 817 pro
958 771 1058 807 liber·-

111 838 177 861 tate
205 826 307 861 totius
336 826 484 863 Ecclesia
501 849 514 867 ,
540 832 651 858 tamen
675 823 715 857 ad
739 822 978 858 subversionem
1013 823 1056 866 ju-

110 877 203 922 stitiae
222 877 256 910 ἀ
279 873 433 912 libertatis
456 900 467 916 ,
491 872 697 918 quorundam
720 873 955 917 Episcoporum
977 872 1056 907 citra

110 937 199 960 mare
219 925 253 959 δε
276 925 359 960 ultra
381 926 498 961 nititur
522 924 661 959 consilio
679 949 691 965 ‚
718 924 776 968 qui
800 934 860 968 pras
883 924 1004 958 caeteris
1017 924 1058 957 sa-

111 976 236 1019 pientes
258 977 332 1010 sunt
353 985 389 1011 ut
409 976 533 1011 saciant
547 976 632 1009 mala
645 999 656 1016 ‚
681 975 716 1008 ὃς
736 975 925 1018 eloquentes
948 984 985 1007 ut
1007 973 1058 1007 de-

110 1025 248 1060 doceant
260 1025 387 1072 legem;
415 1025 464 1061 Hi
487 1027 562 1061 sunt
581 1035 621 1059 os
644 1023 731 1068 ejus,
758 1023 793 1058 hi
809 1025 973 1064 calamus,
1001 1022 1060 1058 ho-

109 1085 182 1110 rum
194 1076 268 1110 freti
291 1076 419 1110 auxilio
439 1077 580 1110 fautores
591 1074 658 1118 ejus
669 1075 873 1120 gloriantur,
899 1074 989 1118 quod
1003 1085 1058 1107 no·

112 1125 185 1160 stris
206 1126 401 1160 confodiant
411 1125 544 1170 jaculis,
568 1125 602 1158 ἀ
624 1124 735 1168 spoliis
757 1125 962 1169 oppriment.
990 1123 1058 1157 Ha·

110 1175 191 1210 bent
202 1175 354 1210 fiduciam
370 1198 381 1217 ,
405 1176 494 1217 quod
518 1175 667 1218 jordanis
690 1174 851 1209 influatin
862 1185 920 1208 ora
930 1183 1054 1207 eorum.

110 1225 337 1259 Veruntamen
348 1224 553 1267 respondebit
575 1223 749 1268 eisjustitia
771 1226 825 1257 sua
838 1247 848 1263 ,
874 1224 907 1256 ἀ
925 1232 986 1255 nos
1001 1233 1057 1265 per

108 1275 360 1309 misericordiam
374 1274 438 1308 Dei
452 1274 588 1313 Petrus,
614 1284 689 1307 cum
708 1274 821 1316 quo&
844 1283 903 1316 pro
916 1282 985 1316 quo
1008 1270 1054 1304 di-

107 1323 271 1359 micamus
284 1347 295 1365 ‚
331 1324 366 1358 in
387 1322 583 1357 fortitudine
603 1320 726 1355 brachii
749 1322 845 1356 vestri
866 1319 1018 1365 expediet
1044 1345 1053 1352 .

113 1373 403 1413 Annuntiavimus
424 1372 527 1415 impio
539 1371 860 1415 saepiusimpietatem
874 1372 985 1411 suam,
1012 1382 1054 1405 ne

109 1420 241 1468 sanguis
261 1423 329 1467 ejus
348 1422 526 1466 requiratur
546 1422 587 1456 de
611 1421 760 1456 manibus
781 1422 915 1456 nostris.
942 1422 1055 1455 Minas

106 1473 289 1508 haesitastis
308 1474 343 1507 ὅ(
364 1484 443 1512 vos,
471 1482 505 1506 ut
517 1473 566 1506 vel
579 1471 620 1506 sic
632 1472 765 1506 evitaret
777 1473 932 1517 laqueum
958 1471 1049 1506 dam-

70 1530 75 1535 ·
107 1522 274 1559 nationis.
303 1517 365 1557 Sed
385 1520 883 1566 ‘ipseobsurdescensadomnem
909 1521 1052 1557 Domini

109 1574 226 1608 vocem
239 1597 249 1614 ,
276 1573 414 1616 seipsum
428 1572 638 1616 praecipitavit
650 1571 684 1605 in
697 1572 869 1615 laqueum,
894 1572 975 1605 dum
988 1572 1054 1603 vio-

107 1623 211 1658 lentas
232 1633 350 1657 manus
363 1622 485 1664 vinjecit
511 1623 545 1655 in
563 1621 770 1656 Sacerdotem
784 1645 791 1652 .
808 1622 925 1665 'Leges
946 1621 1055 1663 impu-

1875 113 1995 160 h*1¹41

1116 173 1157 208 tis
1175 170 1336 215 decipiat.
1381 170 1451 219 Qi
1477 172 1535 205 nifi
1548 172 1758 212 'characterem
1793 172 1901 215 bestiae'
1916 185 2066 226 ‘repertu‘

1117 226 1152 258 in
1170 223 1279 257 ftonte
1296 246 1307 262 ‚
1345 219 1502 255 timemus
1527 233 1567 255 ne
1587 224 1746 268 quidquid
1766 226 1908 265 honoris*⁴
1926 236 2065 276 reporta-

1118 274 1199 308 verit
1222 271 1279 305 sibi
1300 297 1312 312 ,
1351 272 1386 305 in
1408 273 1633 307 confusionem
1657 275 1748 308 Sedis
1772 279 1968 320 Apostolicae
1983 283 2064 324 s&

1118 323 1218 357 totius
1251 321 1400 356 Ecclefiae
1418 323 1637 367 ignominiam
1675 348 1686 364 ‚
1725 325 1758 357 δε
1779 331 2058 367 confortationem

1118 372 1393 409 schismaticorum
1415 382 1624 407 convertatur
1645 398 1652 404 .
1689 373 1814 408 Caetera
1837 381 2006 418 posuimus
2028 383 2064 416 in

1116 435 1174 459 ore
1193 422 1390 456 nunciorum
1412 423 1596 457 nostrorum
1619 448 1630 464 ,
1655 424 1796 467 quibus,
1821 426 1845 458 fi
1869 427 1995 470 placet,
2022 432 2064 464 fi·-

1116 474 1192 508 dem·
1202 471 1319 507 habeat
1336 472 1633 515 Maiestatisssvestrae
1644 473 1820 519 dignatio,
1842 475 1878 509 :Sc
1889 478 2061 519 provideat

1119 530 1160 558 ne
1178 522 1368 557 innocentia
1380 522 1710 565 nostraperielitetur
1732 525 1765 558 in
1775 525 1920 560 adventu
1945 527 2067 561 Domi-

1119 574 1152 607 ni
1179 572 1353 607 Wilhelmi
1375 571 1569 616 Papiensis,
1588 584 1644 617 per
1663 585 1761 618 quem
1773 578 1995 618 persecutores
2009 588 2068 610 no·
2095 590 2097 592 ·

1116 623 1170 673 siri
1194 624 1298 667 palam
1315 623 1555 668 gloriantur⁷se
1570 632 1763 667 operaturos
1778 626 1923 661 nostram
1942 625 2067 670 ¹deposi-

1116 674 1262 708 tionem.
1290 674 1483 717 ignoramus
1507 681 1618 708 tamen
1643 685 1684 708 an
1711 676 1745 708 in
1769 675 1831 710 hac
1854 687 2008 710 venturus
2029 677 2067 710 fit

1113 724 1295 767 potestate,
1323 723 1377 757 sed
1398 734 1523 757 certum
1548 723 1727 764 habemus,
1764 725 1855 768 quod
1882 727 1943 759 nisi
1966 738 2066 771 coga-

1119 784 1190 808 mur
1210 773 1228 806 ὲ
1241 772 1413 815 Majestate
1425 774 1522 807 vestra
1533 799 1545 815 ‚
1558 788 1560 790 ’
1571 774 1693 809 nullius
1707 785 1768 808 nos
1782 799 1792 815 ‚
1821 775 1878 809 nisi
1891 776 2067 811 sanctitatis

1120 824 1246 864 vestrae,
1272 823 1439 857 credemus
1456 823 1584 866 judicio
1600 849 1610 857 .
1635 825 1826 859 Meminisse
1848 826 2002 869 potestis,
2044 827 2066 860 si

1121 874 1224 918 placet
1238 898 1250 915 ,
1287 884 1351 916 qua
1370 873 1435 907 fide
1459 873 1631 909 nobiscum
1654 899 1665 916 ,
1699 887 1764 919 qua
1780 873 1941 911 charitate
1972 876 2067 912 nobi·

1120 925 1208 959 scum
1232 922 1468 958 ambulaverint
1483 924 1638 966 quidam,
1664 935 1728 967 qua
1746 926 1928 961 sinceritate
1949 937 2068 970 procu-

1112 974 1260 1009 ’raverint
1273 984 1381 1017 preces
1403 973 1506 1018 Regis
1527 974 1679 1020 Angfiae,
1706 976 1919 1020 justificantes
1930 978 2065 1012 causam

1120 1023 1265 1059 hominis
1289 1024 1468 1058 Ecclefiam
1499 1026 1717 1069 persequentis
1737 1050 1748 1066 ‚
1786 1027 1936 1061 adversus
1969 1038 2067 1069 quern

1119 1085 1199 1109 terra
1210 1075 1329 1109 clamat
1350 1075 1557 1118 exigentibus
1570 1076 1695 1120 culpis,
1719 1078 1755 1111 &
1776 1078 1850 1111 coeli
1865 1077 2065 1118 revelabunt,

1119 1126 1176 1158 nisi
1191 1126 1267 1168 quia
1285 1125 1397 1158 velatae
1407 1135 1475 1157 non
1495 1125 1570 1159 sunt
1581 1126 1614 1159 δε
1626 1127 1762 1161 oecultae
1775 1127 2049 1171 iniquitatesfejus
2063 1151 2070 1158 .

1118 1174 1212 1208 Absit
1224 1176 1265 1208 ab
1289 1175 1428 1208 Ecclesia
1454 1175 1542 1216 Dei,
1570 1187 1610 1210 ne
1634 1176 1692 1210 illa
1714 1178 1967 1220 compleantur,
1996 1189 2068 1219 quae

1118 1224 1316 1267 Presbyter,
1343 1225 1491 1258 Clericus
1513 1227 1684 1259 memorati
1705 1228 1816 1260 Amici
1833 1228 1932 1261 nostri
1946 1228 1979 1261 δι
1999 1226 2068 1259 Do·

1117 1273 1223 1312 mini,
1250 1283 1352 1315 nuper
1371 1274 1516 1315 promisit
1531 1274 1617 1317 Regi
1633 1275 1783 1318 Angliae:
1812 1276 1934 1310 scilicet
1946 1287 1982 1309 ut
1996 1286 2068 1309 cau·

1117 1325 1183 1357 sam
1198 1346 1208 1361 ,
1233 1323 1403 1366 quaeinrer
1414 1333 1474 1355 nos
1495 1323 1652 1363 verritur,
1679 1324 1823 1368 Legatus
1842 1326 1881 1358 ad
1897 1326 2000 1370 Regis
2014 1326 2070 1359 de-

1116 1373 1210 1407 finiat
1233 1371 1434 1406 voluntatem
1458 1397 1464 1404 .
1493 1372 1605 1406 Frater
1621 1372 1804 1408 Sacerdotis
1824 1400 1835 1416 ,
1861 1376 1917 1416 qui
1941 1385 2069 1409 tenetur

1118 1423 1151 1456 in
1165 1423 1327 1462 vinculis,
1351 1421 1503 1466 expediet
1526 1424 1635 1457 c'aetera
1655 1448 1662 1455 .
1689 1424 1920 1465 Miseremini,
1958 1426 1979 1458 fi
2006 1427 2068 1468 pla-

1116 1484 1166 1508 cet
1196 1498 1207 1514 ,
1242 1472 1342 1506 nostri
1369 1496 1380 1512 ,
1417 1473 1579 1506 &eorum
1606 1497 1619 1514 ‚
1652 1474 1759 1508 immo
1792 1476 1894 1509 torius
1918 1475 2063 1509 Ecclenae

1116 1523 1182 1558 Dei
1198 1527 1221 1555 .’

1250 1619 1659 1656 EPISTOLA
1765 1622 1941 1657 CXXX.

111 1683 216 1717 goat,
242 1671 346 1706 immo
369 1672 402 1705 δε
425 1670 621 1715 Evangelii,
645 1680 805 1714 quantum
827 1671 861 1704 in
882 1670 952 1714 ipso
972 1669 1017 1704 est
1045 1693 1055 1710 ,
1113 1674 1117 1678 '

109 176 427 217 ximodenunciavit
450 175 640 211 inimicitias
663 175 725 210 toti
747 173 884 214 ordini,
906 172 942 206 ’δε
1034 172 1065 206 f

109 1724 230 1756 statuta
255 1721 432 1756 convellit.
459 1722 557 1754 Suam
571 1721 752 1762 ponit'cum
763 1719 1067 1761 schismaticisporm

107 1772 256 1812 tionem,
283 1770 402 1813 quibus
422 1768 670 1806 communicat,
697 1769 731 1800 &
753 1769 890 1812 cumeis
911 1767 1055 1800 vanas&

106 1811 244 1856 nefariis
262 1816 429 1852 contrahit
438 1816 678 1861 obligationes,
705 1811 968 1851 &anathematis
990 1817 1057 1849 sen·

107 1870 245 1915 tentiam
269 1867 414 1904 sciens&
435 1867 577 1911 prudens
597 1865 752 1900 incurrit.
780 1864 888 1900 Novit
907 1866 997 1900 enim
1020 1867 1053 1900 ἀ

106 1921 198 1963 ipse,
223 1917 310 1960 quod
324 1918 382 1959 qui
397 1917 555 1951 violentas
575 1915 743 1950 manus-in
755 1914 903 1950 Clericos
927 1915 1032 1960 injicit
1045 1940 1055 1955 ,

105 1970 192 2014 satio
218 1968 290 2012 ipso
313 1967 619 2003 excommunicatus
646 1967 692 2000 est
714 1989 722 1998 .
762 1965 888 2004 Nonne
906 1966 1056 2001 facientis

103 2020 235 2064 culpam
259 2016 357 2053 habet
381 2018 415 2051 in
437 2015 576 2057 talibus,
603 2016 658 2057 qui
676 2015 743 2048 fieri
766 2015 899 2049 mandat
914 2040 926 2056 ‚
952 2015 1056 2049 immo

106 2068 302 2112 compellit?
328 2066 437 2103 David
461 2067 578 2111 legitur
600 2066 794 2100 interfecisse
818 2064 940 2099 Uriam
957 2088 968 2105 ,
1004 2064 1066 2098 sed*

105 2119 219 2167 gladio
242 2118 386 2153 filiorum
404 2118 552 2152 Ammon
567 2141 574 2149 .
604 2114 722 2150 Achab
743 2115 890 2160 arguitur
909 2115 941 2148 δε
964 2115 1065 2158 puni-3

105 2169 329 2206 tnr‘effudiffe
353 2168 544 2212 sanguinem
569 2165 706 2200 Naboth
722 2190 732 2205 ‚
766 2165 855 2209 quod
879 2164 1058 2199 ministerio

106 2220 285 2263 impiorum
306 2220 427 2255 factum
469 2217 606 2252 nomine
626 2216 709 2261 ejus·
717 2239 729 2257 ,
773 2215 809 2251 δι
826 2213 1058 2250 ratihabitione

106 2268 320 2304 convincitur
333 2267 484 2311 placuisse
497 2291 504 2299 .

158 2317 290 2353 Placeat
327 2318 437 2361 itaque
461 2315 647 2360 dignationi
680 2315 789 2350 vestrae
809 2314 910 2349 tantis
934 2314 1053 2349 mederi

108 2368 255 2410 morbis,
282 2367 315 2401 &
330 2366 466 2406 nostrae,
491 2364 595 2399 immo
620 2365 768 2398 Ecclesiz
791 2365 964 2399 afflictioni
988 2376 1057 2408 pro-

105 2466 356 2511 compellatur,
389 2465 445 2509 qui
468 2465 648 2499 temeritate
672 2466 726 2499 sua
750 2489 761 2506 ‚
795 2466 828 2498 &
861 2475 1051 2509 contemptu

106 2518 208 2563 legis,
234 2517 267 2551 &
290 2515 446 2560 potestate
465 2515 498 2549 in
520 2524 616 2558 caput
642 2516 758 2555 suum,
793 2525 928 2558 operum
953 2516 1054 2558 pravi-

106 2575 174 2602 tate
195 2564 411 2601 anathematis
432 2564 745 2598 condemnationem
769 2565 897 2598 intorsit
917 2585 927 2598 .
971 2566 1055 2608 Epi-

107 2627 211 2661 copus
233 2614 472 2651 Londonienfis
500 2613 660 2648 honorem
684 2614 846 2657 usurpavit
873 2611 908 2648 in
932 2588 1078 2703 Anglia,l

107 2678 222 2702 contra
244 2676 370 2701 morem
392 2666 564 2708 antiquum
588 2665 621 2698 &
645 2674 829 2707 perpetuam
848 2665 1030 2707 aequitatem
1044 2688 1055 2705 ,

108 2727 145 2752 ut
167 2716 321 2762 glorietur
343 2716 377 2750 in
403 2714 577 2749 Provincia
599 2713 706 2748 nostra
721 2712 961 2748 nihilmandari
986 2716 1055 2757 pos-

108 2768 142 2801 se
161 2776 217 2801 aut
241 2765 335 2800 statui
365 2788 376 2805 ,
416 2765 474 2797 nisi
501 2775 554 2807 per
572 2764 698 2807 ipsum,
732 2763 804 2797 aliis
826 2774 894 2796 non
915 2764 1054 2806 'aequani-

107 2817 203 2851 miter
221 2814 398 2851 ferentibus
421 2814 642 2849 Pharisaicum
664 2812 728 2847 hoc
739 2813 808 2857 ejus
831 2814 1046 2856 supercilium.

110 2866 392 2901 Diffimulavimus
414 2863 520 2909 primo
546 2889 556 2905 ,
591 2863 712 2898 exinde
731 2863 946 2907 corripuimus
968 2863 1055 2898 hunc

112 2925 276 2951 tumorem
292 2941 302 2957 ,
329 2916 379 2950 sed
394 2916 470 2958 quia
492 2914 540 2948 vad
566 2913 739 2958 perniciem
758 2913 954 2955 indurescit,
979 2924 1055 2947 eum

112 2966 170 2999 diu
188 2964 252 2999 fine
271 2967 470 3000 correctione
495 2976 562 2999 non
585 2965 764 3008 poterimus
785 2963 959 2998 sustinere.
987 2965 1053 2998 Co-

112 3015 223 3051 hibeat
249 3015 414 3049 Dominus
427 3015 574 3060 linguam
596 3013 863 3049 Londoniensisa
885 3013 994 3054 malo,
1022 3015 1055 3049 &

111 3065 199 3101 labia
224 3065 434 3100 Lexoviensis
456 3076 496 3099 ne
517 3066 693 3108 loquantur
714 3064 829 3098 dolum
844 3088 854 3104 ,
881 3065 921 3098 ad
948 3065 1055 3099 interi-

110 3125 183 3150 tum
206 3115 260 3148 cui
283 3112 463 3148 ministrant
475 3115 630 3154 consilia,
656 3114 690 3148 &
710 3115 809 3148 etiam
823 3115 930 3148 suum.
961 3115 1055 3158 Joan·

113 3176 170 3199 nes
191 3162 381 3200 Oxeneford
406 3163 590 3198 Sanssiratis
614 3164 721 3198 vestrae
744 3165 905 3207 praesumit
928 3175 1054 3208 appare-

113 3226 146 3247 re
170 3214 394 3256 conspectibus
408 3238 418 3253 ‚
445 3213 477 3246 &
490 3216 572 3256 quasi
588 3225 620 3248 re
634 3214 714 3248 bene
724 3216 811 3260 gesta
824 3241 834 3256 ,
861 3215 894 3249 ὅ(
907 3213 1055 3249 schisma-

112 3264 188 3298 ticis
199 3264 239 3296 de
263 3263 432 3297 schismate
454 3264 663 3305 perpetrando
689 3288 699 3304 ,
725 3265 815 3308 quod
836 3266 956 3299 exinde
978 3277 1055 3298 con-

114 3313 243 3351 valuit,
277 3313 411 3355 praestito
424 3313 630 3355 juramento,
658 3314 778 3350 iteratis
797 3315 885 3350 dolis
915 3316 1053 3358 Aposto-

114 3363 211 3396 licam
237 3360 351 3397 Sedem
373 3362 494 3406 appetit
519 3388 529 3403 ‚
568 3372 604 3396 ut
625 3373 719 3407 quarn
745 3365 883 3408 perjurio
908 3355 1072 3415 nequivit!

116 3412 297 3449 subvertere
307 3436 318 3454 ,
348 3413 474 3458 impura
489 3413 684 3458 purgatione
699 3414 731 3447 ἃ
745 3416 911 3451 fraudibus
923 3415 1053 3459 exquisi-

107 2420 228 2462 spicere
245 2440 256 2456 ,
278 2427 314 2450 ut
339 2416 507 2450 severitate
526 2414 907 2458 justitiaeabsolutionem
919 2402 1076 2586 quaerere¹
1122 2416 1209 2449 sdam
1218 2415 1300 2449 alios
1326 2414 1500 2450 Minisl-ros
1512 2416 1642 2459 pietatis
1656 2420 1738 2457 suae,
1765 2431 1823 2454 vos
1836 2422 2071 2456 &Dominum

1237 1717 1455 1766 3mtbolmaeo
1473 1717 1642 1758 Exanimfi
1664 1717 1971 1765 Episcopo-somnes*

1205 1781 1210 1789 =
1233 1784 1256 1814 <-
1434 1783 1438 1787 ¹
1474 1766 1718 1810 Saresberienfis.

1173 1909 1177 1911 ι
1232 1865 1374 1902 ULTA
1401 1866 1536 1909 quidem
1555 1867 1724 1902 scribenda
1748 1871 1874 1912 essent,
1904 1871 1957 1905 sed
1971 1884 2072 1918 angu-

1256 1916 1314 1951 stia
1325 1919 1481 1959 temporis
1501 1918 1535 1950 ἀ
1550 1919 1792 1952 necessariarum
1805 1921 1968 1956 tumultus
1979 1935 2074 1957 occu-

1120 1969 1292 2009 pationum
1314 1969 1472 2011 cogunt,'
1489 1977 1526 1999 ut
1542 1978 1579 2001 ea
1603 1969 1820 2013 perstringam
1842 1970 1952 2014 potius
1975 1972 2073 2016 quam

1116 2020 1302 2060 exponam.
1332 2017 1453 2061 Recepi
1469 2028 1601 2060 nuper,
1636 2018 1777 2053 authore
1803 2020 1977 2062 Domino,
2004 2024 2071 2056 fra-

1119 2077 1199 2100 trem
1212 2075 1321 2100 meum
1333 2066 1531 2110 benignitati
1545 2068 1577 2101 &
1591 2065 1777 2103 liberalitati
1798 2071 1907 2104 vestrae
1927 2083 2066 2116 congra-

1119 2115 1279 2151 tulantem
1318 2116 1352 2148 in
1375 2117 1540 2159 plurimis,
1570 2118 1606 2150 δε
1625 2129 1677 2152 me
1709 2128 1817 2162 praeter
1856 2121 2031 2163 plurimam
2061 2148 2071 2162 ‚

1119 2170 1217 2210 quarn
1234 2164 1348 2199 habeo
1371 2166 1412 2199 ad
1434 2177 1493 2200 vos
1510 2191 1520 2206 ,
1547 2166 1764 2203 devotionem
1789 2170 1869 2205 fecit
1900 2172 1934 2205 &
1968 2174 2073 2217 magis

1112 2215 1324 2249 'obnoxium-
1352 2214 1388 2247 ln
1415 2216 1527 2258 primis
1553 2219 1629 2251 verti
1654 2219 1797 2253 adventu
1818 2220 1984 2263 cujusdam
1997 2223 2077 2256 ami·

1121 2264 1360 2299 ciffiminostri
1386 2266 1493 2309 recepi
1506 2266 1652 2310 litteras,
1678 2270 1864 2313 quibus-me
1875 2272 1984 2310 voluit
1997 2284 2072 2316 prae·

1121 2316 1273 2356 munire,
1298 2315 1332 2348 &
1354 2324 1434 2357 vos,
1461 2315 1482 2348 si
1504 2315 1572 2349 fieri
1595 2318 1720 2360 posset,
1747 2329 1802 2362 per
1824 2328 1878 2355 me
1899 2334 1908 2355 ε
1936 2324 2071 2364 quando

1122 2366 1196 2400 Rex
1211 2365 1360 2409 praecepit
1375 2375 1432 2409 per
1453 2366 1703 2408 Jocelinumde
1727 2370 1906 2412 Baillolio,
1932 2373 1967 2406 ὃς
1991 2384 2074 2414 quo·

1124 2465 1368 2511 Vigornensem
1380 2465 1422 2500 sic
1435 2463 1606 2501 habendos
1618 2468 1651 2501 in
1664 2468 1820 2502 omnibus
1830 2471 1861 2502 ὅ(
1875 2470 2070 2511 trastandos,

1118 2526 1154 2550 ut
1165 2515 1319 2560 capitales
1346 2516 1502 2551 inimicos
1514 2517 1649 2561 Regni,
1675 2517 1857 2561 &publicae
1880 2520 1990 2554 salutis
2014 2520 2071 2555 ho-

1117 2566 1196 2600 stes.
1227 2564 1374 2600 Utinam
1394 2575 1499 2599 vanus
1521 2565 1673 2599 fittimor
1697 2578 1808 2601 meus,
1837 2570 2071 2614 Sed-quidquid

1119 2616 1273 2660 Episcopi
1296 2616 1330 2649 in
1352 2615 1572 2660 appellatoriis
1595 2616 1658 2649 suis
1692 2616 1785 2660 Papae
1806 2618 1848 2653 de
1884 2629 1924 2654 eo
1946 2621 2073 2663 scripse-

1118 2667 1204 2706 rint,
1230 2666 1387 2709 quidquid
1409 2665 1579 2707 praedicent
1599 2665 1641 2700 de
1661 2667 1779 2709 pietate
1794 2667 1828 2700 <St
1849 2671 2073 2704 mansuetudi-

1116 2720 1159 2751 'ne
1178 2716 1245 2758 ejus
1269 2740 1278 2755 ,
1303 2714 1486 2757 dejustitia
1507 2715 1542 2749 δε
1562 2715 1752 2750 affabilitate
1793 2740 1803 2757 ‚
1840 2719 1880 2753 de
1928 2730 2071 2754 reveren-

1117 2767 1162 2800 tia
1198 2764 1397 2804 sacerdotii,
1425 2763 1511 2798 nihil
1532 2764 1615 2799 adeo
1628 2768 1765 2812 impium
1792 2768 1837 2800 est
1879 2770 1912 2802 in
1937 2770 2070 2809 Deum,

1119 2813 1565 2857 inhominesinhumanutn,
1592 2820 1683 2860 quod
1706 2818 1993 2853 Franci&Latini
2026 2820 2068 2854 de

1118 2877 1159 2900 eo
1179 2865 1307 2900 facilius
1321 2865 1551 2899 non-credant.
1583 2866 1688 2901 Unde
1700 2868 1878 2911 plurimum
1906 2870 2067 2904 mirantur

1117 2917 1150 2950 ὃς
1169 2915 1364 2959 stupentqui
1388 2915 1546 2956 audiunt,
1575 2919 1873 2959 quaconscientia,
1908 2931 1972 2963 qua
2000 2921 2066 2953 im-

1118 2966 1291 3009 pudentia,
1324 2975 1386 3006 qua
1398 2966 1509 3000 fronte
1529 2966 1591 3000 ausi
1607 2968 1713 3002 fuistis
1725 2969 1878 3009 asserere,
1907 2970 2043 3004 scribere
2058 2994 2068 3009 ‚

1116 3017 1150 3050 <St
1164 3015 1365 3058 Episcopalis
1386 3015 1597 3050 authoritatis
1617 3017 1854 3052 characteribus
1868 3020 2063 3053 confirmare

1118 3065 1342 3099 innocentiam
1356 3064 1502 3100 hominis
1513 3091 1524 3107 ‚
1551 3066 1641 3108 cujus
1655 3068 1817 3110 injustitiae
1829 3071 1903 3102 sunt
1915 3070 2063 3106 omniurn

1116 3115 1244 3155 fabula,
1271 3116 1362 3158 cujus
1374 3116 1654 3159 supplantationes
1668 3119 1700 3152 δε
1726 3118 1902 3154 violentias
1917 3120 2064 3153 Mundu‘s

1116 3165 1272 3211 agnovit.
1300 3165 1483 3213 Qiomodo
1509 3168 1540 3198 in
1563 3167 1766 3202 subversione
1795 3169 1923 3211 justitiae
1947 3169 2063 3201 falsum

1116 3215 1491 3250 dedittot&tantorum
1518 3215 1649 3249 Parrum
1675 3219 1869 3251 venerabilis
1893 3217 2063 3251 Univerfi-

1119 3277 1167 3300 tas
1179 3276 1235 3308 pro
1248 3266 1372 3300 malitia
1389 3266 1635 3300 testimonium?
1667 3267 1755 3301 Nam
1771 3269 1875 3309 scripti
1893 3266 1983 3299 vestri
2000 3277 2068 3299 ter-

1119 3317 1157 3350 ba
1175 3316 1327 3350 sunthaec
1350 3327 1406 3357 pro
1434 3315 1544 3359 Rege,
1570 3317 1659 3358 cujus
1672 3319 1798 3351 causam
1828 3316 1987 3348 Notarius
2015 3327 2066 3349 ve·

1120 3366 1178 3399 ster
1203 3366 1374 3410 justificare
1399 3376 1558 3399 conatur:
1588 3371 1650 3398 Rex
1673 3377 1784 3398 omnem
1802 3371 1955 3405 promittit
1971 3365 2066 3405 justi*

1120 3423 1216 3457 nam,
1243 3417 1277 3450 Θ·
1298 3425 1365 3448 eam
1371 3413 1470 3456 falsis
1480 3417 1602 3459 implere
1618 3424 1744 3458 paratus
1769 3414 1824 3454 est.
1852 3418 1897 3448 Ee
1922 3416 2005 3448 dulce
2025 3426 2064 3448 re-

1930 3473 2028 3507 print
