2358 3776
409 148 509 211 1581
703 194 706 196 ,
903 152 933 194 s!

333 232 432 278 eui&
454 229 574 279 quibus
597 227 734 275 loquar,
760 228 970 274 probabiliter
992 230 1247 274 retorquendum
1276 242 1283 262 :

330 279 632 323 nonhabetlmfelot
647 285 797 320 Numitor
808 283 1010 323 quid‘nmut
1034 283 1153 318 ⁴Amico.
1182 283 1285 325 Quin,

326 334 419 374 lille,
443 332 615 378 quiddonet
629 355 640 373 ‚
666 330 757 367 habet
772 355 780 362 .
808 335 874 365 Nec
890 330 990 375 ,defuit
1012 331 1080 369 illl,
1106 332 1186 366 unde
1208 341 1285 364 eme,

1051 117 1601 195 EP1sT0‘LAE

1338 235 1448 270 cientes
1457 224 1814 271 quemadmodamfumus
1825 224 1958 268 deficient
1971 252 1979 262 .
1993 228 2151 274 Exspesta
2163 226 2290 272 parum,

1343 281 1474 328 perquiri
1487 278 1627 316 insibilet
1640 277 1684 312 eis
1694 276 1803 315 sibilus
1813 287 1896 314 aurae
1907 277 1990 312 lenis
2000 302 2012 319 ,
2036 281 2071 314 in
2084 292 2152 325 quo
2172 279 2290 315 Domi·

1338 341 1428 369 nas,-
1455 331 1490 364 δε
1515 328 1614 372 adhuc
1632 326 1785 373 pusillum,
1810 329 1845 364 (5
1867 339 1926 363 non
1943 333 2002 363 erit
2018 336 2172 371 peccator.
2194 331 2292 375 ,Que-

329 391 376 418 νη
388 378 772 428 multaepassendum-tarne
786 384 916 418 Leonem
927 379 1037 417 .÷.Nec
1049 377 1116 417 hoc
1128 381 1286 423 dixerim,
1335 390 1419 423 ,retur
1429 381 1504 417 locus
1515 381 1579 423 ty‘us
1598 381 1646 423 ‚&
1657 389 1713 412 non
1726 383 1899 415 invenietur
1924 401 1932 413 .
1956 376 2038 414 Haec
2051 378 2200 416 haetenus
2227 404 2235 412 .

327 431 419 476 quod
432 429 564 469 verbum
576 429 643 469 hoc
657 431 692 466 in
702 441 820 468 omnes
830 427 925 467 cadat
935 452 947 468 ,
973 429 1025 466 sed
1049 430 1082 466 in
1095 441 1151 469 eos
1163 455 1173 471 ‚
1201 441 1282 475 quos

327 481 556 519 indubitanter
567 480 689 521 nostis,
713 480 792 525 quia
807 488 983 524 potuerunt
995 490 1064 516 uon
1078 481 1256 528 transgredi
1270 504 1282 522 ,

324 531 360 570 δι
371 531 552 575 transgteffi
562 531 654 575 sunt;
686 530 774 568 bona
786 532 905 571 facere,
935 530 1158 568 nec·fecerunt
1173 556 1189 568 ‚-
1211 531 1283 567 No-

326 582 376 615 vit
388 580 706 626 inspeaoreordium
719 605 733 626 ,
756 582 833 627 quia
844 579 928 618 mihi
940 578 1069 617 tristitia
1084 580 1129 618 est
1140 605 1151 622 ,
1182 581 1283 622 &do-

323 630 376 669 lor
387 630 756 670 continuuscordimeo
769 655 781 674 ‚
806 630 896 675 quod
917 629 1011 667 vobis
1030 630 1275 668 ,dormientibus

325 681 364 717 in
375 680 524 724 periculo
538 682 612 719 vitat
622 705 634 725 ‚
659 682 725 719 soli.
735 682 835 718 alieni
848 681 1023 725 naufragio
1036 680 1148 718 nostro
1171 683 1280 719 ferunt

320 741 442 775 opem,
471 729 609 770 Dicetur
629 741 738 769 tamen
758 731 801 770 ad
823 731 993 769 cumulum
1024 730 1152 769 doloris
1171 734 1240 768 ‘mei
1267 755 1280 776 ‚

319 781 412 823 quod
423 781 510 819 eirca
523 793 628 821 unum
641 782 674 820 in
687 791 776 819 tanta
789 780 972 819 neceffitate
983 781 1075 819 Patri
1089 781 1279 826 praestitistis

318 829 515 876 obsequium
536 857 547 877 ‚
574 831 772 878 diligentem
791 830 981 870 adhibendo
1003 831 1210 876 custodiam,
1237 844 1279 866 ne

315 888 531 927 ‘quocumque
541 883 616 919 casu
629 881 800 923 evaderet,
828 881 885 926 qui
902 880 945 925 de
964 893 1066 920 manu
1085 883 1278 919 carnificum

315 930 446 977 elapsus
458 933 689 971 convolaverat
700 931 741 969 ad
754 931 940 971 nostrorum
953 932 1090 977 pfaefidia
1122 932 1281 971 Patrono,

317 991 414 1018 rum,
439 982 474 1020 si
486 983 640 1021 timorem
657 982 876 1026 praetenditis,
896 994 930 1020 at
943 982 1085 1027 profecte
1099 983 1190 1020 Deus
1207 993 1279 1019 non

316 1030 490 1070 irridetur.
516 1033 549 1069 si
560 1032 681 1071 timetis
692 1044 792 1075 eum,
830 1033 884 1070 cui
907 1033 950 1071 ad
973 1043 1182 1070 momentum
1204 1042 1275 1068 cre-

310 1078 384 1117 dita
394 1080 439 1117 est
453 1082 652 1129 dispensatio
664 1093 796 1126 peccata
808 1083 1010 1128 corripiendi
1022 1084 1055 1117 in
1070 1082 1275 1130 corporibus,

308 1139 411 1172 quare
422 1141 491 1167 non
503 1133 684 1178 pertimetis
699 1144 775 1171 eum
785 1158 796 1174 ‚
822 1133 879 1181 qui
890 1133 994 1180 potest
1005 1143 1121 1176 corpus
1146 1134 1180 1170 ὅ(
1202 1133 1276 1170 ani-

312 1189 401 1216 mam
414 1181 544 1224 perdere
557 1182 591 1219 in
602 1181 816 1229 gehennam?
843 1183 1121 1228 Expergiscimini
1146 1181 1230 1219 mihi
1261 1207 1272 1224 ,

307 1228 346 1266 ἀ
359 1230 570 1271 memineritis
582 1233 700 1271 Abdiae
710 1233 938 1277 dispensatoris
963 1232 1104 1274 Achab,
1129 1233 1186 1276 qui
1199 1244 1274 1269 cen·

306 1288 381 1319 tum
395 1279 576 1323 Prophetas
589 1283 623 1318 in
637 1282 771 1320 lacubus
784 1283 950 1320 latitantes
962 1284 1050 1328 pavit
1061 1283 1095 1316 in
1134 1283 1271 1326 persecu-

309 1327 405 1365 tione
427 1329 575 1375 Jezabel.
602 1331 780 1379 Qidquid
812 1342 923 1371 autem
946 1332 981 1368 in
1004 1331 1157 1368 alterutra
1183 1340 1273 1376 parte

309 1377 470 1421 feceritis,
499 1379 729 1423 proculdubio
750 1381 790 1419 ad
816 1384 1000 1418 mensuram
1022 1381 1144 1419 bonam
1164 1382 1198 1418 δε
1224 1383 1270 1419 su»

305 1427 600 1471 pereffluentemin
616 1431 702 1468 linus
727 1431 850 1468 vestros
870 1432 1021 1469 refundet
1046 1431 1232 1468 Altiffimus
1258 1456 1285 1468 ,-

304 1478 427 1525 Neque
438 1477 672 1526 hocimpediet
698 1480 755 1517 ille
778 1481 883 1517 vester
908 1480 1270 1526 Collega-Bathonienr

305 1528 365 1566 fis,
392 1527 591 1571 quintinam
605 1528 832 1577 submergatur
849 1531 884 1567 in
895 1529 1055 1571 thermis,
1081 1529 1199 1577 quibus
1220 1531 1267 1567 di·

306 1587 391 1620 gnus
404 1575 471 1617 est,
498 1588 579 1622 quas
589 1579 727 1616 meruit:
754 1590 791 1613 ut
814 1579 1010 1622 conjiciatur
1033 1579 1069 1615 in
1092 1579 1194 1616 ruthae
1215 1581 1262 1615 fo-

304 1628 386 1665 lium
398 1651 408 1667 ,
423 1626 514 1669 cujus
529 1627 706 1664 Petronius
718 1628 871 1666 meminit
883 1629 916 1666 in
932 1640 1063 1674 poeuam
1075 1627 1265 1674 delinquen:

305 1678 389 1713 tium
406 1700 415 1716 ‚
442 1687 498 1711 aut
510 1678 728 1720 sepeliaturin
753 1679 906 1716 salinario
935 1679 1128 1715 Eduorutn.
1159 1679 1266 1715 Utad

303 1726 491 1774 parabolam
504 1737 593 1763 tuam
614 1727 743 1763 redeam
764 1751 775 1770 ,
802 1729 883 1761 scias
907 1730 983 1771 quia
1005 1732 1144 1765 nomina
1168 1729 1265 1765 libro-

304 1787 378 1814 xum
391 1775 476 1819 apud
490 1787 542 1811 me
555 1775 677 1823 sepulta
690 1776 763 1814 sunt
786 1801 794 1813 ,
821 1776 973 1823 Sigillum
997 1778 1133 1821 quidem
1159 1779 1264 1817 nomi·
1332 1803 1336 1806 -

303 1838 346 1864 ne
359 1836 418 1864 tuo
433 1827 536 1870 recepi
552 1850 562 1867 ‚
590 1826 643 1863 sed
657 1826 740 1861 illud
753 1825 835 1863 mihi
851 1837 926 1863 tuus
938 1826 1072 1863 abstulit
1099 1828 1264 1863 Britonel·

307 1877 378 1915 lus.
409 1875 512 1922 Qod
524 1886 565 1913 ex
577 1873 803 1916 condiuotuo
821 1878 946 1916 fastum
966 1877 1175 1926 suspicabor,
1200 1878 1261 1915 nisi

310 1924 394 1966 mihi
406 1925 582 1964 restitueris
593 1949 602 1962 ‚

494 2075 906 2117 EPISTOLA
970 2076 1077 2118 CLV1.

301 2173 458 2215 Thomas
471 2175 714 2214 Cantuarienfis
738 2176 1046 2222 Archi-Episcopus
1059 2175 1205 2215 Nicolao
1216 2175 1258 2214 de

536 2236 538 2238 ·
563 2228 686 2267 Monte
710 2229 975 2272 Rothomagensi
990 2252 997 2262 .

402 2329 480 2364 Suus
501 2324 557 2374 suo
578 2325 707 2374 salutem
722 2350 733 2371 ,
760 2329 797 2364 ὡ·
821 2328 917 2363 animi
941 2324 1157 2370 constantiam.

366 2476 381 2512 1
407 2475 545 2521 grandia
572 2475 718 2523 loquitur
738 2499 750 2518 ,
774 2476 798 2512 si
825 2475 989 2521 magnalia
1017 2475 1137 2521 spargit
1162 2499 1174 2517 ,
1199 2476 1256 2522 qul

390 2525 596 2569 jurisjurandi
635 2527 833 2562 commercio
869 2526 1018 2563 mirando
1045 2527 1138 2561 novit
1165 2526 1256 2563 indu-

301 2589 374 2617 cere
390 2600 400 2619 ,
425 2574 513 2613 haud
536 2575 723 2613 mirandum
750 2576 936 2618 credimus,
962 2588 1023 2613 nec
1049 2576 1093 2613 rei
1118 2575 1255 2612 admira«

303 2630 397 2665 tione
424 2626 608 2663 cedendum
645 2652 652 2661 ,
687 2626 792 2662 Satius
818 2627 909 2664 enim
935 2626 980 2663 est
1005 2626 1117 2662 alieno
1143 2626 1257 2662 scelere

306 2689 368 2715 nos
382 2677 481 2722 perire
493 2702 504 2719 ‚
530 2676 628 2723 quam
640 2687 729 2712 metu
744 2676 854 2711 nostro
867 2700 875 2709 .
902 2676 963 2712 Tu
988 2676 1064 2712 vero
1073 2687 1198 2712 certum
1213 2689 1256 2714 te-

304 2739 368 2771 ne,
400 2727 559 2773 quidquid
573 2727 750 2763 mentiatur
760 2727 914 2773 Jutatoris
926 2727 1050 2762 famosa
1067 2726 1219 2763 dolofitas
1245 2753 1255 2771 ‚

306 2777 468 2824 quidquid
511 2777 652 2813 minetur
699 2776 831 2812 tortoris
868 2777 1033 2813 austeritas
1073 2778 1217 2822 captiosa
1244 2803 1254 2818 ‚

304 2830 383 2871 quia
407 2839 462 2870 per
484 2824 738 2863 misericordiam
758 2826 822 2861 Dei
848 2837 953 2869 neque
986 2838 1075 2863 mors
1095 2851 1106 2869 ‚
1149 2839 1254 2871 neque

305 2879 393 2918 vita,
421 2888 528 2923 neque
550 2876 697 2920 Angeli,
733 2887 839 2921 neque
862 2877 970 2924 aliqua
995 2887 1141 2915 creatura
1167 2888 1254 2921 pote-

309 2927 352 2965 rit
378 2937 438 2963 nos
462 2929 604 2969 separare
624 2926 643 2961 ,ὲ
660 2923 817 2962 charitate
846 2926 933 2966 Dei,
961 2938 1029 2970 quae
1048 2928 1182 2972 subjecit
1196 2941 1255 2965 nos

306 2974 528 3014 tribulationi,
555 2975 618 3014 Sed
644 2987 706 3014 nec
726 2975 792 3019 ipse
814 2975 977 3020 Papienfis
997 3002 1007 3017 ‚
1036 2977 1143 3016 donec
1167 2989 1254 3016 com-

307 3028 433 3074 pleatur
455 3025 639 3069 iniquitas,
663 3026 769 3063 donec
790 3027 962 3061 evanescat
983 3029 1188 3065 conditionis
1200 3041 1256 3065 no-

307 3076 375 3115 sstae
398 3077 555 3123 pressura·
583 3074 638 3112 Ad
661 3075 754 3119 cujus
774 3075 952 3121 ingressum
967 3077 1126 3120 incipiant
1142 3080 1254 3117 saltem

308 3136 458 3173 apparere
470 3125 603 3171 vestigia
615 3124 771 3163 libertatis
788 3150 798 3166 ,
825 3134 860 3162 ut
881 3124 998 3162 eodem
1021 3128 1129 3166 studio
1151 3155 1161 3172 ,
1188 3142 1256 3174 quo

311 3178 378 3222 ipsa
390 3174 559 3223 parabatur
569 3175 667 3211 deleti
682 3177 811 3222 penitus
835 3200 847 3218 ,
872 3187 940 3223 quo
962 3176 1089 3212 libertas
1109 3179 1256 3216 funditus

306 3227 497 3265 credebatur
530 3226 684 3270 extingui
705 3211 878 3272 ‚Nestigia
915 3226 947 3263 se
982 3226 1143 3270 ptaebeant
1180 3232 1256 3265 emi-

307 3278 484 3320 nentiora,
509 3277 651 3323 resurgat
673 3275 789 3313 fortior
809 3277 874 3321 ipsa
895 3275 1024 3313 libertas
1049 3301 1057 3312 ,
1085 3277 1142 3314 An
1164 3279 1254 3324 igno-

308 3339 358 3364 ras
369 3328 498 3363 arbores
518 3337 654 3372 magnas
675 3325 734 3365 diu
755 3328 915 3369 crescere,
940 3337 1006 3364 una
1020 3324 1101 3364 hora
1118 3331 1254 3374 extirpa-

308 3377 363 3412 ri?
389 3376 590 3419 stultusest‚
615 3377 672 3423 qui
683 3377 803 3414 fruetus
814 3387 923 3412 earum
934 3379 1117 3421 exspectat,
1139 3389 1197 3413 nec
1209 3391 1257 3414 at-

308 3424 415 3461 tendit
435 3428 561 3464 casum.
586 3427 637 3465 Sit
659 3426 771 3473 itaque
787 3426 849 3463 tibi
872 3428 1011 3469 solatio,
1037 3429 1114 3471 quia
1136 3435 1256 3466 inimici

308 3476 428 3513 Domina
438 3498 451 3519 ‚
474 3487 543 3513 mox
561 3486 596 3513 ue
614 3476 797 3524 honorificati
811 3476 932 3524 fuerint
947 3479 982 3516 <a
1003 3479 1134 3515 exaltati
1145 3503 1158 3523 ,
1184 3480 1254 3526 defi-

1367 430 1556 470 (Σατιετὺω
1568 430 1589 463 Γ]
1599 428 1790 467 ‚absolvendi
1806 430 1880 465 sunt
1894 452 1905 470 ,
1931 427 1985 462 vel
2007 427 2073 472 jam
2085 427 2222 465 absoluti
2234 441 2290 466 ex·

1333 481 1575 529 communicati
1597 480 1719 526 nostri,
1743 479 1872 516 constat
1895 489 1953 515 eos
1974 479 2040 515 esse
2064 477 2216 516 velfuiffe
2225 492 2288 515 ex·

1340 533 1619 573 communicatos.
1650 530 1803 576 Sequitur
1815 541 1894 576 ergo
1914 528 1961 565 eis
1982 528 2122 565 scienter
2144 539 2291 566 commu-

1342 581 1489 620 nicantes
1509 582 1706 618 contraxisse
1727 580 1763 616 in
1786 581 1816 615 se
1839 579 2002 618 maculam
2022 579 2289 619 excommunieav

1340 630 1460 671 tinnis,
1487 633 1542 670 De
1560 642 1677 670 caetero,
1696 631 1775 677 quid
1796 630 1874 668 inde
1897 628 2066 676 proveniat
2085 652 2097 670 ‚
2115 628 2172 671 ipsi
2201 628 2289 668 vide÷

1341 681 1426 718 rint·
1454 681 1576 722 Unum
1599 682 1699 723 scias,
1727 692 1797 719 non
1818 681 1895 718 tulit
1915 682 2016 727 gratis
2040 678 2198 721 beneficia
2221 679 2290 724 ipse

1341 730 1497 778 Joanneg.
1525 732 1637 769 Habet
1647 732 1772 778 aliquid
1794 729 2098 776 compensationis,
2125 729 2216 774 quod¹
2230 740 2291 774 pro

1340 780 1650 825 cettoaudivimusa
1661 781 1871 820 redeuntibus
1885 782 1925 815 de
1949 780 2074 818 Curia:
2102 779 2290 818 Renuntia-

1338 839 1410 867 tum
1421 832 1553 880 esseper'
1567 834 1672 877 ipsum
1694 843 1736 870 ex
1757 842 1845 877 parte
1857 831 1958 878 Regis
1982 829 2290 868 consuetudinibus

1340 881 1474 927 Regiis,
1500 893 1579 928 quas
1602 882 1731 926 petebat
1752 883 1772 919 ὲ
1796 881 1892 921 nobis
1911 883 1986 918 Rex
2006 880 2066 918 fibi
2090 880 2229 916 concedi
2248 880 2288 918 δι

1336 931 1540 971 confirmari.
1570 934 1650 970 Hoc
1661 943 1812 975 optamus
1835 931 2018 968 ministerio
2042 941 2102 967 tuo
2115 930 2289 975 provenire

1337 982 1379 1018 ad
1399 993 1490 1019 aures
1512 982 1649 1027 Regis,
1674 983 1709 1020 δι
1729 980 2076 1025 comprovincialium
2109 991 2285 1022 tuorum„

1336 1030 1438 1067 tacito
1449 1041 1558 1071 tamen
1571 1043 1625 1069 me
1638 1030 1793 1068 Authore
1806 1044 1818 1063 .’
1840 1031 1902 1067 Sed
1915 1041 1978 1065 nec·
1998 1040 2030 1066 te
2047 1031 2161 1074 ipsum
2185 1030 2292 1077 patina·

1337 1082 1380 1116 ris
1391 1081 1469 1118 inde
1479 1080 1606 1119 laudari.
1614 1081 1787 1117 authorem
1799 1103 1811 1119 ,
1838 1091 1875 1115 ut
1898 1079 2053 1115 velfiede
2063 1082 2287 1124 praesumptio-

1336 1143 1377 1166 ne
1405 1132 1459 1166 sua
1476 1131 1698 1167 confundatur
1721 1128 1967 1175 garrulusipse,
1990 1129 2029 1165 δε
2042 1128 2084 1163 de
2101 1129 2290 1172 gloriatura»

1336 1181 1479 1218 vanitate
1490 1182 1644 1218 reddatur
1656 1181 1839 1226 inglorius.
1866 1178 1925 1215 Tu
1941 1188 2056 1216 autem
2075 1179 2287 1222 confortate,

1333 1231 1366 1268 ὅ(
1383 1232 1453 1266 esto
1473 1231 1647 1272 robustus,
1673 1233 1752 1274 quia
1777 1239 1831 1273 per
1853 1228 2110 1266 misericordiam
2131 1227 2200 1264 Dei
2211 1236 2288 1272 pro&

1336 1281 1407 1324 pior
1426 1281 1472 1316 est
1496 1280 1603 1316 nostra
1630 1282 1715 1319 salus
1735 1306 1746 1322 ,
1791 1291 1848 1316 aut
1868 1280 2009 1317 censurae
2031 1277 2126 1323 vigor
2147 1302 2158 1318 ‚
2185 1279 2289 1322 qua»

1334 1332 1510 1366 mentiatur
1534 1331 1613 1368 falsa
1646 1328 1819 1367 crudelitas
1839 1355 1850 1371 ‚
1878 1340 1978 1375 quam
2011 1327 2069 1365 sibi
2095 1326 2302 1367 blandiatur*

1331 1381 1479 1418 adulatio
1493 1381 1693 1424 deceptoria.
1721 1379 1859 1416 Valere.
2251 1416 2255 1417 ⁷

1334 1453 1337 1457 »
1356 1461 1358 1466 ,
1381 1430 1501 1465 Valeat
1513 1431 1548 1466 δι
1571 1439 1679 1467 tecum
1698 1430 1860 1466 Nicolaus
1877 1430 2004 1466 noster.
2033 1428 2222 1471 Exspectate
2240 1426 2297 1469 liri

1331 1490 1406 1523 nem
1418 1480 1600 1525 gaudentes
1617 1504 1627 1521 ,
1653 1481 1711 1523 qui
1722 1481 1876 1525 cujusque
1888 1480 1933 1514 rei
1953 1478 2034 1514 solet
2053 1478 2118 1514 effe
2142 1487 2288 1527 μηροὶ·
2330 1491 2333 1495 ⁴

1331 1530 1470 1570 tissima,
1498 1530 1586 1564 unde
1607 1530 1760 1565 sortiatur
1782 1530 1838 1565 fibi
1859 1530 1993 1575 quisque
2020 1538 2146 1563 certum
2171 1527 2287 1570 exsp&

1330 1580 1483 1663 {tationis
1503 1580 1564 1617 suae
1584 1582 1846 1628 experimentum
1866 1605 1875 1617 .
1915 1579 2036 1617 Valete
2056 1578 2176 1616 iterum
2198 1600 2213 1620 ,
2243 1575 2288 1616 δε
2356 1596 2358 1599 ·

1342 1638 1469 1675 emper.
2204 1636 2209 1652 ³

1499 1728 1583 1765 nt>
1608 1730 1624 1767 1
1651 1731 1673 1768 s
1699 1729 1738 1766 T
1761 1730 1795 1767 o
1824 1728 1855 1765 1.
1882 1727 1916 1766 A
1984 1711 2128 1766 curt.⁴
2179 1734 2274 1765 ο

2242 1802 2245 1806 .
2268 1784 2276 1806 τ

1344 1810 1346 1813 ¹
1399 1825 1619 1867 Constantienst
1638 1826 1782 1871 Episcopo
1798 1831 1945 1876 Joannes
1957 1826 2206 1870 saresberiensss.
2262 1844 2278 1858 *¹

1328 1963 1330 1966 Α
1387 1923 1522 1961 UPER
1550 1926 1731 1963 afflictione
1757 1927 1900 1963 Domini
1936 1927 2002 1964 mei
2037 1924 2280 1963 Saresberienlia

1414 1976 1570 2021 Episcopi
1595 2000 1607 2017 ,
1632 1976 1723 2019 quod
1741 1977 1874 2021 quidem
1893 1977 2098 2022 justiffimum
2116 1975 2162 2011 est
2176 2001 2187 2016 .
2223 1986 2282 2011 ιι-

1323 2025 1431 2058 xiatur
1442 2025 1696 2070 Spiritusmeus:
1725 2027 1778 2063 Εὸ
1790 2026 1922 2072 quidem
1941 2027 2071 2072 gravius
2084 2051 2095 2068 ,
2121 2025 2188 2074 qud
2207 2027 2278 2063 mi·-

1324 2073 1384 2110 nus
1396 2073 1515 2109 laboris
1528 2074 1623 2119 hujus
1636 2076 1766 2113 facssem
1777 2079 1906 2115 exitum
1929 2077 2033 2115 videt.
2061 2078 2142 2128 Qa
2165 2083 2279 2112 autem

1323 2122 1492 2161 sedulitate
1501 2124 1588 2168 apud
1613 2127 1799 2165 Dominum
1822 2127 2095 2165 Cantuariensem
2112 2126 2239 2173 egerim
2264 2145 2279 2169 5

1323 2184 1358 2207 ut
1368 2185 1442 2208 eum
1455 2175 1630 2215 relaxaret,
1660 2178 1754 2212 novit
1768 2179 1928 2221 inspedtor
1939 2179 1974 2215 δε
1986 2178 2090 2225 Judex
2100 2178 2274 2212 omnium.

1321 2224 1382 2259 Sed
1394 2223 1499 2260 labori
1511 2238 1588 2260 meo
1599 2227 1755 2264 successus
1766 2227 1871 2264 defuit
1882 2239 1925 2264 ex
1936 2230 2034 2265 variis
2054 2226 2173 2270 causas,
2195 2236 2276 2272 quas

1321 2285 1464 2310 retexere
1512 2278 1744 2319 supervacuum
1783 2278 1923 2315 arbitror
1948 2301 1959 2319 ,
1999 2279 2076 2324 quia
2114 2277 2274 2320 plurimu

1320 2335 1431 2361 earum
1470 2326 1630 2370 Magister
1666 2327 1855 2365 Gilebertus
1879 2352 1890 2369 ,
1917 2327 2028 2366 fidelis
2063 2327 2165 2364 vester
2186 2350 2199 2370 ‚
2230 2325 2274 2362 ab

1322 2375 1415 2419 ipsius
1436 2373 1778 2420 Archi-Episcopiote
1791 2378 1934 2414 audivit.
1968 2378 2023 2415 Ut
2047 2378 2126 2412 vero
2146 2385 2275 2413 taceam

1321 2424 1484 2469 plurima,
1510 2436 1551 2459 ex
1575 2436 1617 2458 eo
1644 2426 1788 2462 maxime
1814 2436 1966 2463 movetur
1995 2426 2277 2470 Archi-Episco-

1321 2485 1378 2518 pus
1400 2498 1412 2514 ,
1450 2475 1542 2520 quod
1565 2476 1735 2511 Dominus
1758 2475 2003 2512 Saresberienfis
2034 2476 2177 2512 formam
2201 2475 2274 2510 ino-

1322 2524 1492 2561 bedientiae
1515 2526 1636 2560 caeteris
1660 2526 1771 2565 dedit,
1807 2528 1842 2560 ὃς
1864 2525 1973 2560 adhue
1993 2525 2106 2560 affistit
2135 2524 2274 2561 Londo-

1322 2573 1444 2617 nienfi‚
1471 2575 1504 2611 &
1525 2575 1597 2612 aliis
1616 2577 1672 2621 qui
1697 2586 1845 2621 qua-,runt
1855 2576 2001 2611 animam
2022 2574 2111 2618 ejus,
2135 2585 2173 2610 ut
2185 2574 2274 2610 aufe·

1321 2636 1392 2660 rant
1416 2636 1507 2661 eam.
1547 2626 1674 2668 Adjicit
1695 2627 1798 2662 etiam
1820 2650 1831 2666 ,
1863 2623 1953 2669 qued
1977 2625 2008 2661 ei
2027 2623 2271 2662 contumaciter
2332 2621 2358 2635 ”

1321 2676 1477 2719 scripserit
1490 2699 1500 2716 ,
1525 2676 1558 2712 <Sc
1571 2675 1627 2710 sub
1638 2687 1790 2719 praetextu
1811 2676 1935 2711 frivola:
1955 2674 2186 2720 appellationis
2210 2672 2272 2710 cti·

1320 2737 1394 2760 rnen
1419 2725 1654 2761 inobedientiae
1675 2726 1798 2762 studuit
1822 2726 1969 2761 colorare
1984 2748 1992 2760 .
2019 2724 2082 2761 Sed
2108 2735 2168 2760 nec
2191 2734 2270 2761 eum
2319 2751 2321 2754 .

1319 2775 1428 2821 postea
1465 2777 1723 2821 praesumptionis
1758 2776 1914 2820 poenituit
1941 2799 1952 2816 ,
1978 2785 2015 2809 ut
2052 2773 2270 2818 appellationi

1319 2827 1544 2867 renunciaret,
1571 2828 1623 2863 sed
1646 2825 2018 2871 quadaminconstantia
2031 2824 2172 2861 verbi&
2191 2834 2269 2866 ope·

1318 2878 1361 2911 ris
1397 2901 1409 2919 ,
1446 2877 1644 2912 diffimulara
1681 2876 1799 2921 injuria
1836 2875 2065 2920 appellationis
2098 2896 2111 2916 ,
2144 2884 2208 2920 qua
2236 2873 2268 2919 se
2329 2877 2339 2892 -“

1319 2936 1448 2968 tuetur,
1473 2927 1614 2971 opponit
1633 2926 1763 2960 obicem
1785 2926 1976 2970 corripienti
2000 2949 2012 2966 ,
2036 2924 2072 2960 δε
2094 2935 2205 2960 tamen
2229 2923 2270 2959 (ir

1319 2977 1442 3013 mulata
1451 2975 1650 3014 humilitatis
1668 2975 1849 3011 reverentia
1871 2975 2129 3011 misericordiam
2149 2973 2232 3019 petit
2252 2992 2265 3007 ι
2330 2985 2338 2998 ⁴

1319 3025 1416 3064 Nihil
1428 3026 1518 3063 aliud
1529 3025 1658 3075 ergoab
1671 3037 1713 3062 eo
1724 3026 1828 3071 potest
1841 3026 1958 3070 aliquis
1981 3025 2175 3069 impetrare,
2202 3022 2263 3059 nili
2323 3058 2335 3067 q

1319 3087 1356 3115 ut
1369 3076 1568 3122 Episcopum
1587 3076 1629 3112 ab
1650 3076 1869 3120 appellatione
1889 3076 2116 3116 recedentem,
2138 3074 2174 3110 δε
2195 3071 2265 3108 cul·
2328 3107 2332 3110 .

1319 3138 1393 3174 pam
1413 3127 1543 3173 publice
1563 3125 1774 3170 profitentem
1800 3150 1813 3167 ‚
1848 3127 1883 3163 δε
1904 3127 1945 3161 de
1972 3136 2087 3162 caetero
2107 3121 2263 3159 obedien·

1319 3189 1383 3215 tem
1396 3201 1407 3218 ,
1432 3177 1571 3214 Paterna
1591 3176 1798 3221 benignitate
1819 3176 1973 3220 recipiat,
1997 3178 2032 3213 δε
2051 3173 2171 3211 exinde
2182 3182 2262 3217 qua·

1319 3228 1476 3266 fiFilium
1486 3226 1706 3263 chariffimum
1720 3228 1754 3262 in
1775 3227 1932 3265 omnibus
1948 3228 2076 3262 tractet.
2105 3222 2196 3259 Nam
2218 3221 2261 3260 de

1319 3275 1589 3320 Archi-Episcopi
1612 3277 1862 3314 mansuetudine
1880 3302 1893 3318 ,
1916 3277 1941 3312 fi
1966 3276 2052 3319 hoc,
2092 3272 2184 3321 quod
2205 3282 2262 3309 ne·

1317 3327 1484 3365 cessarium
1507 3327 1569 3363 else
1589 3326 1677 3362 scitis
1696 3351 1707 3370 ‚
1734 3328 1897 3372 Episcopo
1920 3327 2016 3362 fuerit
2039 3323 2220 3369 persuasum
2249 3344 2263 3364 ‚

1317 3375 1458 3414 omnino
1481 3387 1550 3412 non
1569 3375 1704 3412 dubito.
1733 3377 1850 3412 Nostis
1871 3377 1961 3413 enim
1982 3375 2059 3422 quid
2082 3377 2171 3419 super
2192 3370 2259 3406 hoc

1318 3427 1409 3464 vobis
1424 3437 1524 3471 nuper
1537 3427 1694 3470 scripserit
1708 3428 1875 3463 Dominus
1886 3427 1972 3470 Papa
1983 3449 1994 3466 ,
2017 3428 2050 3462 δε
2063 3425 2141 3470 quid
2159 3431 2260 3457 reme·

1316 3478 1364 3517 dii
1389 3476 1542 3515 Decanus
1568 3476 1646 3514 huic
1677 3479 1778 3516 causae
1804 3478 1950 3517 retulerit
1982 3475 2025 3515 ab
2060 3470 2258 3562 Λρὲἑὲἒῑῑῦῑ
