2358 3776
535 124 577 170 S.
612 112 1336 169 THOMAECANTUAR·
1370 111 1509 165 LIB.
1557 118 1626 167 11.

265 260 674 304 EPISTOLA
767 257 891 319 LXIX.

105 363 259 406 Thomas
271 365 506 404 Cantuarienfis
518 361 699 404 Archi-Epi
705 332 818 405 scopus
827 357 998 394 Gileberto
1011 358 1053 396 de

434 410 701 466 Semplingeham
713 435 721 443 .

155 519 292 553 sanctem
307 519 343 553 Θ
366 521 399 552 in
430 517 543 559 Spiritu
562 510 799 555 mansuetudinis
826 519 1005 555 congregare

440 561 588 613 5dts‘perfis
598 561 636 606 Is
629 564 695 597 rael
703 588 710 595 .

213 668 270 704 OS
295 665 389 702 vobis
407 664 470 700 alia
492 664 562 700 vice
584 663 736 708 scripsisse
751 660 962 697 meminimus
980 682 992 699 ,
1017 668 1054 694 ut

239 717 349 756 fratres
369 716 519 758 nostros,
543 714 602 757 qui
622 713 792 753 occasione
812 711 985 758 juramenti
997 711 1055 749 ser·

107 766 447 810 vandaeprofeffionis‚
474 765 563 810 quod
584 764 695 803 nulla,
720 762 801 798 ficut
833 761 1017 798 audivimus
1044 785 1056 802 ‚

108 816 300 863 Religionis
312 816 476 855 institutio
484 811 792 857 oirigeteconsuevit
804 837 817 854 ‚
831 813 961 856 dispersi
970 813 1056 850 sunt,

106 866 321 906 revocaretis,
346 865 472 903 remisso
492 862 577 901 tanti
600 863 743 900 scandali
765 863 949 907 juramento
970 885 982 902 ‚
1019 861 1054 899 βε

106 925 211 952 eoae·
222 914 448 950 moderatione
458 911 500 952 de
510 921 624 953 caetero
643 913 817 953 traaaretis
827 937 839 954 ,
864 923 935 956 quae
947 910 1058 954 culpas

106 963 448 1010 cohibere&purgare
465 963 623 1004 sufficiat,
649 963 826 1001 &Patrem
845 964 880 998 dc
894 962 1057 997 Pastorem

105 1013 222 1055 deceat
231 1015 432 1055 animarum.
460 1014 540 1048 Hoc
551 1014 702 1056 ipsum&
725 1014 868 1058 praecipit
889 1012 1059 1051 Dominus

105 1063 199 1109 Papa
211 1089 223 1107 ‚
246 1065 339 1109 eujus
352 1074 420 1099 non
431 1063 565 1098 obedire
576 1062 745 1103 Mandatis
766 1063 902 1098 maximi
926 1061 1054 1102 sceleris

106 1115 288 1156 instat-est,
313 1112 560 1156 &Idololatriae
583 1114 716 1153 crimini
739 1123 968 1158 eomparatur.
996 1109 1058 1146 Sed

107 1164 189 1203 sieut
210 1164 348 1204 fratrum
369 1163 553 1202 nostrorum
574 1163 698 1201 indicat
715 1164 924 1208 querimonia
949 1161 1062 1204 saepius

108 1214 224 1249 iterata
234 1238 246 1259 ,
264 1214 410 1255 nostrum
422 1213 658 1257 contempsistis
667 1222 723 1250 aut
734 1211 953 1251 dissimulastis
965 1211 1062 1243 Man-

108 1262 225 1299 datum
235 1287 247 1304 ,
274 1275 335 1298 nec
346 1263 387 1297 de
397 1262 540 1302 Ecclesia
551 1262 683 1302 curastis
693 1261 802 1299 adhuc
822 1271 953 1295 tantum
968 1259 1062 1294 scan-

110 1313 224 1350 dalum
248 1322 416 1350 amovere,
441 1312 539 1350 Scitis
574 1315 706 1352 tamen,
733 1310 824 1354 quod
852 1308 1023 1349 Dominus
1051 1331 1062 1347 ‚

109 1360 203 1405 eujus
218 1362 352 1402 essentia
375 1360 491 1399 veritas
514 1360 584 1402 est,
609 1361 644 1395 &
670 1359 765 1395 verba
784 1358 996 1400 vita,'eiVae
1006 1357 1063 1392 de·

111 1411 246 1452 nuntiat
260 1411 430 1446 imminere
440 1435 451 1451 ,
477 1420 532 1455 per
543 1421 641 1455 quem
651 1408 838 1447 scandalum
850 1409 959 1446 venit.
980 1407 1062 1444 Inde

110 1459 180 1503 est,
204 1461 295 1506 quod
307 1460 501 1499 fraternitati
511 1460 643 1502 vestras,
668 1461 894 1504 quam,‘ficut
904 1459 997 1496 Deus
1006 1468 1064 1493 no—

112 1511 184 1553 vit,
211 1511 379 1547 sincerain
404 1509 536 1545 Christo
557 1509 727 1556 diligimus
749 1509 922 1548 charitate,
951 1509 1064 1546 iterata

112 1560 329 1606 praeceptione
355 1559 564 1601 mandamus,
589 1560 626 1599 in
653 1561 772 1598 virtute
796 1558 997 1595 obedientiae
1018 1558 1064 1601 Ju-

111 1610 227 1651 bentes
239 1634 251 1651 ,
274 1620 437 1657 quatenus
447 1610 557 1645 fratres
569 1611 697 1648 nostros
705 1621 856 1647 revocare
881 1610 917 1649 ὃς
928 1617 1066 1653 congre-

112 1671 192 1709 gate
201 1659 377 1702 studeatis,
401 1659 607 1699 &unitatem
630 1661 718 1704 pacis
739 1659 913 1694 reformare
934 1659 969 1693 in
997 1658 1067 1691 Do-

112 1722 172 1745 mo
183 1709 325 1744 Domini
339 1734 351 1751 ,
364 1720 406 1744 ne
416 1721 478 1748 nos
487 1721 530 1745 ex
541 1708 706 1750 Mandato
715 1709 913 1754 Apostolico
939 1706 1066 1751 aliquid

113 1760 151 1796 in
167 1770 227 1794 vos
239 1759 351 1799 durius
362 1759 501 1794 statuaee
510 1760 756 1802 compellamur,
770 1759 943 1803 Rogamus
952 1758 1066 1794 etiam,

111 1818 314 1847 monemus,
339 1808 564 1846 consulImus,
587 1807 623 1844 ἀ
659 1806 783 1840 Christi
819 1808 891 1840 vice
907 1829 918 1846 ‚
945 1806 981 1839 ἀ
1002 1814 1066 1846 qua

113 1858 358 1906 pra-‚eminemus
377 1853 575 1894 authoritate
595 1855 817 1900 praecipimus,
844 1864 883 1893 ut
907 1855 950 1888 sic
972 1853 1034 1889 zeli
1055 1878 1067 1896 ,

114 1918 218 1953 quem
229 1906 355 1948 habetis
365 1906 399 1940 in
414 1905 568 1944 Domino
580 1929 591 1946 ‚
616 1906 757 1951 rigorem
768 1905 954 1950 temperetis
967 1927 979 1944 ,
999 1914 1065 1947 quo

117 1957 240 1996 laboris
263 1955 365 1993 nostri
387 1957 508 1992 fructus
527 1956 631 1995 valeat
654 1965 840 2003 permanere
853 1979 864 1995 ,
888 1954 923 1988 δε
942 1964 985 1991 ne
996 1953 1066 1997 post

117 2007 192 2045 die!
210 2006 333 2046 vestros
352 2006 437 2041 tanti
462 2005 581 2046 laboris
600 2017 701 2050 opera
724 2003 1032 2049 pereat&impensa
1058 2027 1066 2038 0

118 2057 230 2099 Nam,
258 2066 295 2095 ut
307 2056 433 2095 nostis,
457 2056 515 2098 qui
528 2054 810 2099 nimisemungitg
835 2053 927 2091 elicit
940 2051 1068 2097 sangui-

118 2118 219 2148 nem,
243 2106 279 2140 ὅ(
298 2105 532 2146 immoderatio
552 2116 691 2140 noverca
714 2104 824 2140 salutis
844 2101 909 2137 est.
956 2101 1069 2136 Preca-

118 2158 326 2201 muretiam,
351 2165 387 2193 ut
399 2156 600 2200 praesentium
622 2155 800 2194 latoribus,
825 2152 1068 2196 fideliquerunt

119 2210 158 2246 iu
178 2207 291 2250 aliquo
305 2230 316 2247 ,
337 2206 592 2245 misericordiam
613 2204 809 2249 impendatis
822 2228 833 2245 ,
866 2204 902 2237 δε
923 2202 1067 2247 peregri-

121 2257 293 2293 nationem
305 2255 447 2290 nostram
458 2257 663 2302 sanctorum,
687 2255 745 2300 qui
766 2253 934 2293 vobiscum
956 2253 1032 2291 sunt
1058 2275 1069 2297 ‚

123 2304 569 2347 orationibuscommeudetis
585 2331 594 2345 2
700 2302 704 2305 ’

310 2425 711 2492 evisa-ota
769 2451 877 2490 Lxx.

226 2551 378 2589 Henrico
390 2552 479 2601 Regi
491 2551 624 2601 Angliae
634 2553 759 2593 Fratres
771 2550 947 2591 Carthusiae
959 2576 968 2587 ‚

129 2651 573 2695 Excellentfflimo&incbr1fii
594 2649 754 2694 visceribus
772 2652 970 2694 ampteaendo
992 2653 1072 2693 Regi
1095 2669 1097 2675 ‹

179 2707 341 2750 anglorum
352 2701 538 2747 strenuiffimo
565 2703 692 2735 Fratres
718 2699 882 2742 Carthufiae
908 2724 920 2741 ‚
957 2706 1074 2734 utinam
1096 2720 1098 2722 v

177 2763 323 2799 pauperes
329 2751 466 2798 spiritu,
487 2750 526 2793 fic
537 2757 569 2784 in
574 2750 719 2799 prasenti
738 2750 846 2797 seculo
868 2761 1013 2799 regnare,
1040 2757 1075 2786 ut
1096 2799 1098 2801 Ι

181 2804 325 2848 infuturo
337 2804 441 2841 valeat
451 2807 585 2838 coronat}
602 2827 609 2836 .

222 2904 306 2943 ΠΜ
331 2903 456 2938 sanans
478 2901 541 2947 Job
554 2900 675 2939 sederet
686 2902 772 2949 quasi
786 2902 860 2939 Rex
871 2899 1077 2937 circumstan-

248 2963 281 2990 te
297 2954 442 2991 exercitu
454 2976 465 2994 ,
492 2963 560 2987 erat
571 2962 678 2988 tamen
702 2952 908 2988 moerentium
919 2949 1077 2986 Consola-

140 3015 194 3041 tor
206 3028 213 3036 .
232 3003 306 3036 Rex
318 3003 493 3048 Regum&
505 3003 672 3038 Dominus
684 3002 941 3038 Dominantium
953 3000 1077 3045 aperuit

139 3063 275 3095 manum
286 3053 396 3093 suam,
421 3054 455 3088 ὅ(
467 3052 608 3090 habenas
619 3052 728 3098 Regni
743 3052 834 3087 vestri
857 3051 1078 3095 multiplieiter

141 3103 292 3143 dilatavit
306 3126 317 3137 .
338 3102 587 3148 Oportetergo,
613 3112 649 3137 ut
661 3104 783 3149 semper
805 3111 880 3137 ante
900 3104 1016 3138 oculos
1028 3111 1079 3135 ve·

142 3155 226 3190 stros
236 3151 382 3188 habeatis
401 3150 490 3189 illam
509 3152 684 3189 terribilem
696 3153 896 3190 sacrosanstae
913 3153 1080 3196 Scripturae

144 3202 438 3239 comminationem
449 3226 461 3243 ,
486 3212 548 3246 qua
559 3203 680 3239 dicitur
691 3217 699 3238 z
727 3209 865 3239 Potentes
874 3211 1012 3246 potenter
1022 3211 1079 3235 tor—

146 3258 430 3296 mentapattentur,
455 3250 668 3295 &fortioribus
685 3254 795 3295 fortior
807 3252 893 3294 instat
912 3258 1057 3289 cruciatus
1069 3274 1076 3281 .

148 3304 194 3337 Et
207 3300 288 3336 illud
299 3301 488 3345 psalmistae.-
514 3302 650 3335 Terribili
669 3304 736 3339 eres
754 3311 803 3348 qut
824 3303 924 3346 aufert
943 3301 1083 3348 spiritum

151 3357 327 3394 Principum
341 3375 352 3393 ,
379 3350 505 3385 terribili
515 3352 597 3393 apud
616 3355 708 3397 Reges
729 3360 838 3390 eerrae.
866 3353 1084 3397 Divulgatum

147 3403 195 3441 est
210 3402 253 3436 ab
264 3402 389 3438 oriente
401 3402 545 3448 usquein
566 3403 770 3439 occidentem
783 3428 795 3444 ,
820 3403 910 3449 quod
931 3401 1086 3438 Ecclefias

152 3453 265 3501 Regni
277 3450 371 3488 vestri
392 3450 639 3490 intolerabiliter
658 3453 825 3501 affligitis,
848 3454 884 3492 &
904 3451 1038 3501 exigitis
1048 3449 1088 3487 ab

1887 138 1954 174 22
1962 135 1991 183 3'

1113 207 1167 244 eis
1181 201 1330 241 inaudita
1351 202 1501 248 quaedam
1518 205 1553 244 ἀ
1573 205 1793 254 ’ἱικτοιιίίιοηρΥ
1818 223 1891 260 qu„
1908 215 1933 250 fi
1945 216 2070 260 φώς

1114 258 1473 302 rint,quaereretamen
1483 265 1554 290 non
1573 254 1757 294 debuissent
1767 266 1896 310 antiqui
1918 266 2030 313 Reges

1115 306 1226 347 Potest
1235 309 1347 341 autem
1361 305 1451 350 fieti,
1476 306 1560 344 utin
1580 315 1727 352 tempore
1747 313 1850 347 vestro
1862 341 1872 357 ‚
1897 301 2068 361 quoniam?

1114 358 1253 395 multam
1272 357 1418 394 contulit
1443 356 1538 395 vobis
1557 357 1650 396 Deus
1670 358 1862 404 sapientiam
1875 388 1886 404 ,
1919 375 2010 403 tanta
2019 368 2066 403 ,f-

1114 407 1215 444 flictio
1236 418 1419 452 utcumque
1437 407 1570 445 tolerari
1593 408 1712 452 poffit,
1745 409 1798 447 fed
1826 412 1955 449 forsitan
1992 417 2064 461 post

1114 459 1275 496 decessum
1289 458 1427 492 vestrum
1438 458 1520 492 tales
1531 459 1695 503 regnaturi
1721 459 1821 500 sunt,
1847 462 1907 505 qui
1929 457 2065 501 devora:

1114 510 1197 549 bunt
1210 508 1386 546 Ecclesiam
1399 517 1560 548 totoore,
1584 508 1620 545 ἀ
1637 508 1778 547 indurati
1794 520 1873 545 cum
1897 509 2067 550 Pharaone

1113 558 1243 597 dicent:
1257 558 1365 603 ,Νι-[εἰσ
1383 561 1543 595 Dominum
1563 582 1574 598 ,
1618 561 1653 594 et
1677 559 1771 603 lsrael
1793 572 1855 599 non
1877 563 2035 596 dimittam
2062 588 2072 598 .

1116 610 1264 650 Parcite,
1287 611 1490 653 quaesumus,
1516 608 1639 656 parcite
1659 610 1818 660 dignitati
1842 611 1974 652 vestrae,
2002 623 2072 657 pat·-

1114 661 1179 699 eite
1201 659 1390 701 nobilitati,
1415 660 1539 705 parcite
1555 660 1670 705 generi
1694 685 1706 702 ,
1742 661 1864 705 parcite
1888 662 1922 696 ἃ
1944 661 2071 698 famoso

1118 710 1249 745 nomini
1267 710 1371 747 vestro
1384 735 1392 742 .
1421 710 1464 745 Et
1475 712 1531 754 qui
1544 711 1659 754 plenus
1667 722 1706 744 ae
1718 710 1959 755 potentiffimus
1972 713 2070 753 estis,

1117 762 1258 799 formam
1269 760 1515 804 compressionis
1534 761 1654 795 futuris
1675 771 1744 795 non
1766 761 1958 797 dimittatis.
1986 762 2074 797 Μαι·

1119 821 1228 850 rorem
1248 811 1283 845 δε
1305 822 1484 846 aerumnam
1506 812 1619 849 sanstae
1640 811 1813 853 Ecclefiae,
1839 822 1910 855 quas
1922 811 1988 847 fere
2001 812 2072 847 ub?-

1118 860 1428 905 queconculcatur,
1454 861 1611 897 clementi
1622 862 1724 898 oculo
1751 862 1921 906 respicite,
1948 862 1983 896 ἀ
2008 862 2071 897 ΚΘ

1120 911 1173 958 gia
1189 911 1417 947 consolatione
1434 922 1507 946 eam
1527 914 1662 958 fovere,
1686 924 1729 950 ae
1747 913 1831 953 tueri
1853 913 2071 951 indesinenter

1122 960 1418 1014 &infatigabiliter
1430 961 1556 1002 studete
1568 988 1579 1001 ,-

1274 1111 1685 1153 ΕΡῙδΤΟῙ-,ιΛ
1799 1113 1926 1153 LXX1.

1125 1210 1252 1248 Thomas
1264 1211 1484 1254 cantuariensis
1493 1214 1660 1256 Archi-Ep!
1660 1213 1767 1258 scopus
1769 1217 1801 1259 J
1802 1220 1891 1250 oanni
1899 1213 2074 1255 Cartiman,

1446 1264 1477 1309 J
1478 1272 1587 1296 oannis
1601 1268 1635 1301 [0¹
1645 1265 1738 1297 Pauli
1746 1289 1757 1311 .·

1225 1358 1506 1395 ISCRETIONI
1532 1359 1642 1396 vestrae
1661 1371 1729 1396 non
1744 1362 1846 1397 exstat
1858 1360 2081 1407 incognitum,

1247 1420 1369 1455 quanta
1381 1410 1561 1445 sinceritate
1583 1412 1676 1454 fidei,
1710 1412 1745 1447 δε
1767 1412 1964 1447 obedientiae
1984 1412 2081 1445 devo-

1127 1461 1221 1495 tione
1241 1484 1253 1500 ,
1288 1460 1322 1495 ἀ
1346 1458 1556 1496 exhibitione
1578 1460 1812 1504 obsequiorum
1839 1461 2079 1495 Cantuarienfis

1130 1509 1272 1547 Ecclesia
1301 1519 1363 1551 prae
1383 1509 1505 1544 caeteris
1526 1510 1680 1547 omnibus
1704 1511 1807 1545 totius
1825 1511 1941 1546 Insulae
1965 1510 2080 1546 nostrae

1129 1559 1204 1594 Sedi
1216 1558 1416 1602 Apostolicae
1440 1560 1564 1602 semper
1575 1558 1741 1596 adhaeserit
1755 1584 1768 1601 ‚
1794 1571 1855 1594 nec
1876 1559 1917 1595 ab
1938 1559 2008 1600 ejus
2022 1570 2082 1593 un·

1128 1609 1247 1653 quam,
1271 1607 1335 1646 sive
1345 1609 1572 1653 prosperorum
1585 1609 1752 1645 blanditiis
1768 1634 1779 1650 ‚
1805 1609 1867 1648 sive
1895 1608 2083 1645 turbinibus

1128 1659 1336 1694 adversorum
1348 1682 1360 1701 ,
1387 1659 1534 1703 potuerit
1549 1660 1708 1693 fidelitate
1721 1659 1851 1693 divelli.
1880 1660 1961 1695 Haec
1976 1659 2085 1693 vestro

1129 1709 1252 1743 solebat
1262 1708 1401 1753 gaudere
1411 1707 1596 1751 patrocinio
1608 1729 1619 1744 ‚
1645 1708 1680 1743 δε
1691 1708 1708 1740 ὲ
1722 1707 1816 1744 vobis
1837 1707 2014 1748 decessoris
2026 1720 2087 1742 no·

1129 1757 1185 1791 stri
1199 1767 1347 1799 tempore
1357 1756 1391 1788 in
1411 1754 1625 1789 tribulatione
1647 1757 1831 1801 exspectare
1852 1757 2025 1801 solatium,
2051 1758 2088 1793 &t

1129 1807 1164 1841 in
1187 1803 1489 1849 opportunitatibus
1512 1804 1577 1839 suis
1595 1806 1703 1841 vestro
1727 1807 1871 1844 consilio
1885 1806 2000 1843 instrui
2015 1830 2028 1849 ‚
2052 1806 2087 1844 δε

1129 1853 1447 1894 auxilioroborarI.
1475 1853 1584 1890 Vobis
1609 1855 1728 1891 devota
1753 1866 1842 1895 erat,
1868 1857 2088 1901 suisquecon·

1131 1903 1321 1941 numerabat
1335 1905 1525 1941 succeffibus
1542 1929 1553 1946 ,
1565 1906 1588 1940 si
1601 1905 1739 1940 dabatur
1751 1907 1890 1941 facultas
1899 1906 2088 1951 obsequen·

1129 1956 1185 1996 di,
1209 1955 1284 1990 fiex
1297 1955 1415 1990 merito
1427 1954 1590 1990 suovobis
1603 1956 1747 1990 officiosa
1767 1955 1939 1992 videbatur
1962 1957 1998 1991 in
2021 1956 2086 1991 ali-

1130 2015 1218 2047 quo.
1245 2004 1319 2040 Nos
1330 2003 1552 2048 quoqueipsi,
1579 2006 1636 2048 qui
1657 2005 1724 2048 ejus
1750 2030 1766 2047 ,
1786 2006 1988 2052 dignatione
2010 2005 2084 2041 Di-

1131 2054 1231 2095 vina,
1257 2053 1335 2090 licet
1362 2053 1492 2098 indigni
1511 2079 1522 2096 ,
1549 2055 1692 2099 gerimus
1727 2055 2047 2091 administrationem
2074 2079 2086 2098 ‚

1129 2103 1228 2147 saepe,
1252 2102 1343 2147 quod
1355 2104 1493 2141 memori
1512 2115 1622 2140 mente
1645 2105 1843 2147 recolimus,
1869 2117 2002 2151 operam
2024 2104 2085 2139 de-

1129 2153 1282 2191 dimus&
1294 2153 1525 2199 diligentiam,
1551 2166 1588 2191 ur
1599 2155 1706 2190 vestrae
1717 2156 1883 2191 voluntati
1902 2157 1938 2191 &
1963 2156 2084 2190 vestro·

1131 2214 1203 2238 rum
1227 2202 1336 2236 usibus
1354 2204 1538 2238 serviretur:
1567 2205 1601 2241 δε
1624 2207 1753 2241 utinam
1778 2217 1847 2242 non
1872 2205 2043 2241 excidisset
2063 2204 2087 2242 ὲ

1130 2254 1288 2288 memoria
1301 2252 1424 2286 vestra·
1449 2254 1509 2288 Sed
1524 2255 1600 2295 quia
1614 2256 1647 2290 in
1660 2254 1721 2294 hac
1742 2266 1832 2301 parte
1855 2256 1983 2294 videtur
2003 2254 2089 2291 obli·

1130 2303 1269 2343 viofior,
1298 2300 1575 2346 quamexpediret
1586 2306 1702 2346 nobis,
1730 2312 1884 2351 rogamus
1916 2314 1954 2341 ut
1968 2304 2087 2341 saltem

1130 2353 1220 2392 fratri
1244 2352 1379 2391 nostr0,
1402 2361 1500 2394 quem
1525 2354 1629 2388 officii
1652 2355 1742 2390 vestri
1765 2367 1834 2391 non
1846 2355 2009 2393 credimus
2024 2355 2086 2391 esse

1133 2404 1360 2437 immemorem
1376 2425 1387 2441 ,
1412 2401 1551 2437 credatis
1561 2403 1602 2439 de
1614 2405 1724 2439 nostra
1738 2406 1779 2439 ad
1801 2417 1859 2441 vos
1872 2405 2052 2441 devotione
2076 2428 2084 2436 .

1092 2475 1093 2478 =
1133 2453 1165 2487 Si
1177 2462 1284 2490 autem
1295 2450 1388 2489 vobis
1403 2451 1438 2489 in
1452 2453 1584 2497 persona
1599 2454 1705 2488 nostra
1718 2455 1791 2499 post
1807 2454 1962 2498 adeptum
1989 2454 2083 2496 Epis-

1132 2511 1267 2547 copatus
1278 2501 1417 2548 gradum
1430 2513 1497 2538 non
1509 2502 1735 2536 serviverimus
1745 2527 1757 2543 ,
1782 2505 1897 2546 utique
1911 2502 2009 2537 nobis
2020 2513 2086 2537 vo·-

1136 2554 1243 2590 luntas
1254 2564 1325 2590 non
1337 2550 1469 2594 defuit,
1488 2550 1542 2587 sed
1555 2550 1713 2587 facultas.
1742 2552 1954 2595 sperabamus
1965 2553 2008 2587 de
2023 2563 2081 2587 vo-

1135 2604 1205 2645 bis,
1226 2614 1289 2648 prae
1300 2599 1435 2640 multis,
1462 2599 1609 2637 nostrum
1632 2613 1701 2636 non
1716 2603 1918 2643 auferentes,
1944 2601 1999 2638 sed
2022 2602 2084 2637 dif-

1133 2654 1270 2691 ferentes
1280 2652 1498 2696 obsequiutu.
1524 2651 1780 2689 Decreveramus
1801 2663 1883 2691 nos,
1909 2651 2000 2696 quod
2020 2652 2085 2685 dif-

1134 2703 1296 2743 ferebatur
1320 2725 1332 2742 ,
1364 2711 1440 2735 cum
1463 2698 1643 2737 aceeffione
1664 2701 1854 2737 devotionis
1875 2703 1909 2736 ὃς
1932 2701 2079 2745 obsequii

1137 2754 1258 2791 Amico
1271 2752 1304 2788 &
1316 2750 1469 2785 Domino
1482 2748 1625 2798 benigne
1645 2752 1843 2795 praestolanti
1869 2751 2085 2795 multiplicius

1136 2804 1313 2841 refusuros·
1345 2799 1620 2838 Undemiramur
1632 2803 1725 2846 supra
1739 2802 1897 2843 modum,
1925 2803 1998 2845 quis
2024 2812 2083 2835 vos

1136 2854 1176 2889 ab
1196 2862 1306 2891 amore
1328 2849 1568 2887 Cantuatienfis
1588 2852 1738 2888 Ecclesiae
1755 2854 1788 2888 δε
1812 2853 2012 2897 protectione
2024 2862 2085 2885 no-

1137 2905 1198 2939 stra
1209 2901 1383 2941 averterit,
1411 2901 1578 2944 prasertim
1592 2903 1628 2936 in
1640 2904 1733 2937 causa
1747 2903 1837 2944 Dei,
1865 2914 1936 2946 quae
1956 2902 1978 2936 fi
2004 2901 2083 2945 peri·

1137 2954 1324 2991 elitaretur,
1350 2949 1442 2996 quod
1454 2950 1534 2988 absit
1551 2977 1562 2994 ‚
1590 2954 1692 2989 totius
1716 2952 1910 3000 Anglicanae
1933 2951 2083 2986 Ecclefiae

1139 3003 1268 3041 libertas
1280 3000 1458 3044 deperiret,
1489 3002 1650 3037 Romanae
1672 3002 1753 3038 sedis
1773 3002 1952 3037 authoritas
1964 3011 2084 3035 arcere·

1139 3063 1189 3089 tur
1201 3052 1243 3088 ab
1255 3051 1380 3100 Anglia
1390 3075 1402 3091 ,
1428 3051 1462 3085 &
1479 3050 1519 3086 ad
1533 3063 1649 3088 nutum
1662 3053 1765 3098 Regis
1788 3051 1998 3097 procederent
2010 3051 2081 3085 uni-

1141 3103 1243 3138 versa·
1271 3102 1305 3139 si
1335 3101 1544 3136 voluissemus
1563 3103 1592 3136 ei
1615 3102 1655 3136 ab
1669 3102 1766 3139 initio
1779 3105 1814 3139 in
1837 3099 2081 3138 consuetudini-

1141 3154 1222 3194 bus,
1248 3162 1328 3198 quas
1339 3152 1441 3196 petit,
1466 3153 1649 3187 consentire
1672 3177 1682 3191 ‚
1709 3164 1770 3188 nec
1793 3154 1898 3196 vestro
1921 3163 1981 3185 nec
2003 3149 2079 3183 alte·

1142 3204 1206 3240 rius
1217 3201 1372 3247 adipsum
1396 3202 1580 3236 interventu
1606 3202 1848 3246 indigeremus.
1879 3201 1950 3235 Vos
1970 3198 2080 3234 videri-

1142 3254 1206 3294 tis,
1230 3265 1272 3288 an
1285 3251 1325 3289 ad
1339 3249 1433 3287 verba
1443 3249 1616 3293 juratoris,
1642 3251 1783 3298 insignes
1805 3252 1894 3293 cujus
1914 3249 2041 3284 fraudes
2068 3272 2079 3290 ,

1144 3303 1221 3339 Deo
1233 3302 1450 3347 propitiante,
1476 3300 1605 3339 detedae
1616 3303 1710 3345 sunt,
1737 3313 1801 3337 tam
1823 3300 1892 3335 cito
1916 3299 2013 3333 fuerit
2037 3309 2084 3332 re·

1145 3352 1326 3388 cedendum
1338 3349 1380 3384 ab
1391 3349 1514 3387 Amico
1527 3376 1537 3392 ,
1564 3363 1631 3387 tam
1646 3351 1741 3388 facile
1762 3348 2002 3384 Cantuarienfis
2024 3347 2084 3382 Ee-

1147 3403 1245 3440 clefiae
1257 3401 1537 3437 contemnendum
1549 3403 1739 3443 obsequium
1752 3425 1758 3431 .
1782 3399 1840 3433 Illa
1853 3409 1962 3433 tamen
1974 3409 2034 3433 nec
2045 3398 2086 3432 fic

1151 3453 1273 3500 repulsa
1282 3451 1317 3488 ἃ,
1327 3450 1397 3489 laesa
1410 3450 1537 3488 recedet
1552 3452 1570 3486 a
1583 3450 1673 3485 vobis
1686 3475 1696 3493 ‚
1712 3448 1815 3493 neque
1824 3460 1884 3491 nos
1895 3473 1908 3491 ,
1924 3449 1945 3483 si
1960 3449 2085 3493 placue-

2001 3495 2043 3532 tit
