2358 3776
469 129 511 175 s.
560 123 856 174 THOMAE
904 112 1326 197 „CANTUAR
1378 118 1643 170 LIB.1V.

98 214 141 247 ἃ
154 210 327 258 quinetiam
341 210 531 257 inreprobis
548 212 614 248 illis
635 207 944 249 consuetudinibus,
969 216 1038 250 quae

101 259 289 298 sumnostri
306 264 400 298 causa
421 263 535 304 exilii,
561 273 707 307 patenter
726 261 868 305 expressa
895 256 959 293 est.
987 256 1037 291 lbi

105 308 261 356 siquidem
271 314 478 354 continetur,
506 314 597 357 quod
615 313 718 347 Eleeti
736 310 855 348 debent
877 307 953 344 aute
962 318 1038 341 eon·

103 362 316 396 sectationem
333 363 418 408 Regi
441 362 543 405 jurare
559 388 570 403 ‚
611 361 699 406 quod
722 362 753 396 ei
775 360 885 395 fideles
905 367 999 393 erunt
1027 382 1037 398 ‚

106 412 191 445 circa
203 412 304 446 vitam
314 437 326 454 ‚
350 413 494 449 membra
506 439 517 454 ,
542 414 576 448 ὅ(
587 411 747 447 honorem
769 418 930 445 terrenum
944 432 956 447 ‚
981 407 1039 442 sal·

105 472 148 495 vo
170 460 286 496 ordine
314 462 374 498 suo
389 482 398 498 .
428 463 482 499 Ut
503 463 582 506 quid
605 461 684 506 erge)
704 471 765 496 nos
775 459 836 495 soli
849 459 883 492 in
896 457 1036 504 captiosa

102 509 324 554 obligatione,
352 525 423 558 quae
441 514 460 548 a
483 513 579 547 nobis
596 512 762 557 exigitur,
788 508 947 544 honorem
972 508 1037 542 Dei

102 560 139 594 ἀ
164 561 415 598 indemnitatem
435 562 559 597 ordinis
579 562 730 607 cogimur
749 560 884 594 reticere
908 559 925 590 ?
989 558 1038 591 uis

100 610 194 644 enim
206 610 410 648 Christianus
420 608 563 656 unquam
574 611 638 647 hoc
649 613 667 647 ὲ.
683 609 872 646 Christiano
892 611 1000 652 exegit
1026 609 1039 642 ἓ

104 659 352 704 Religiosorum
364 662 552 698 instantiam
565 662 803 706 responsionum
823 658 977 693 varietate
987 658 1037 693 de·

102 708 193 743 lusit:
226 713 259 746 δε
282 714 382 748 modo
394 714 505 753 aiens,
535 712 636 747 mode>
657 721 801 756 negans,
832 709 952 742 dimisit
964 719 1038 753 que·

102 761 213 803 rulos,
241 763 329 806 quod
339 765 492 807 eisopera
504 763 635 805 perierat
652 761 686 795 ὃς
713 759 872 802 impensa·
900 758 1037 795 Simula-

105 808 152 842 vit
163 819 272 845 tamen
289 814 468 857 Episcopos
480 811 607 855 Angliae
618 811 649 844 se
659 820 869 845 evocaturum
887 833 898 850 ‚
924 818 960 843 ut
984 818 1042 843 eos

103 861 252 894 consulat
265 886 273 894 .
301 862 364 896 Sed
374 864 407 895 in
421 862 553 895 veritate
567 860 798 900 Nunciorum,
825 870 909 905 quos
929 858 970 893 ad
983 869 1040 892 vos

100 909 294 949 destinavit,
325 911 522 954 praesto-latur
532 910 726 945 adventum.
752 911 841 944 Nam
856 920 891 944 ut
903 908 944 943 ab
958 909 1003 943 eis
1030 932 1041 948 ,

99 960 221 1001 quibus
231 971 360 1006 oportet
373 960 484 995 haberi
504 959 601 995 fidem
614 984 626 1000 ,
651 960 726 995 vere
746 959 944 999 didicimus,
971 958 1041 1003 glo·

97 1009 179 1044 ⁴riati
190 1012 286 1052 sunt,
312 1012 401 1053 quod
423 1011 504 1044 sicut
525 1011 746 1045 feceruntalia
758 1010 852 1050 vice,
883 1007 1043 1053 promissis

100 1069 158 1094 aut
170 1061 270 1095 minis
282 1085 294 1102 ,
320 1061 409 1102 quod
422 1060 496 1094 Rex
506 1059 685 1101 desiderat,
709 1070 822 1095 contra
836 1071 897 1094 nos
917 1059 936 1092 ὲ
952 1057 1044 1092 vobis

102 1109 329 1153 impetrabunt
350 1135 358 1143 .
387 1109 585 1145 Incredibile
607 1120 715 1145 tamen
738 1111 806 1149 est,
838 1109 929 1155 quod
952 1110 1043 1152 Apo-

101 1159 219 1194 stolica
240 1160 338 1195 Sedes
358 1159 537 1204 compellat
565 1160 706 1207 aliquem
727 1160 860 1197 reticere
882 1161 1042 1194 honorem

98 1208 194 1251 Dei,
217 1219 273 1245 aut
286 1209 455 1254 prohibeat
474 1210 618 1244 salvandi
642 1211 767 1245 ordinis
786 1211 891 1244 facere
905 1209 1043 1242 mentio-

105 1270 185 1293 nem
203 1283 213 1291 .
239 1259 282 1293 Et
305 1259 453 1302 profesto
472 1260 494 1292 fi
518 1260 670 1293 Nuncios
694 1259 761 1300 ejus
782 1258 936 1292 confusos
958 1278 969 1295 ,
1007 1265 1043 1289 ut

103 1308 301 1352 justumest,
327 1308 535 1346 remiseritis,
560 1306 738 1339 liberabitis
763 1305 941 1339 Ecclesiam
955 1305 1043 1343 Dei,

98 1358 141 1391 ἀ
150 1356 242 1391 Sedis
252 1356 453 1400 Apostolicae
464 1357 606 1390 firmam.
635 1353 757 1400 Agatis
766 1354 869 1400 ergo,
889 1355 910 1388 si
924 1354 1044 1399 placet,

95 1405 243 1441 -viriliter
258 1430 270 1447 ,
297 1407 406 1450 quiasi
417 1416 534 1441 terrere
543 1405 713 1440 volueritis
725 1405 861 1449 impium
875 1428 887 1444 ,
913 1403 1041 1439 indubi-

102 1465 213 1490 tanter
227 1455 388 1493 credimus
399 1478 412 1494 ,
434 1455 524 1500 quod
549 1455 697 1489 Ecclefiae
707 1465 819 1498 pacem
831 1478 842 1495 ‚
869 1455 902 1489 δε
913 1465 1047 1498 pereun-

100 1515 174 1540 tem
184 1507 329 1540 animam
344 1507 418 1540 Deo
432 1504 571 1539 reddetis
581 1530 588 1536 .
603 1504 739 1548 Experti
750 1505 825 1540 estis
835 1528 847 1545 ‚
867 1505 947 1548 quid
959 1502 1044 1547 apud

101 1565 182 1591 eum
194 1555 413 1590 mansuetudo
424 1556 596 1599 profecerit
605 1580 612 1586 .
643 1556 676 1589 N
680 1566 699 1588 u
705 1566 744 1589 nc
754 1554 818 1590 alia
828 1552 1053 1599 aggredimini

101 1604 178 1644 -via,
188 1605 221 1639 ἀ
232 1606 344 1649 procul
356 1605 464 1640 dubio*
473 1605 506 1639 in
520 1606 628 1651 rigore
636 1604 764 1648 justitiae
774 1603 925 1639 citiffime
936 1604 1047 1638 trium·

102 1653 269 1698 phabitis‘
297 1655 432 1700 Exigite
449 1654 545 1699 ‘quod
565 1655 660 1689 nobis
671 1655 814 1689 ablatum
840 1655 885 1689 est
901 1653 1048 1698 usquead

106 1704 319 1739 noviffimum
337 1705 551 1749 quadrantem
563 1728 574 1745 ,
603 1715 646 1739 ne
657 1715 753 1739 tantae
771 1705 890 1749 rapinae
909 1705 1047 1748 impuni-

107 1763 159 1788 tas
179 1756 266 1797 apud
291 1754 485 1788 Coaetaneos
504 1755 538 1788 δε
550 1754 696 1798 posteros
705 1754 872 1798 divulgata
882 1764 952 1789 tam
966 1752 1014 1786 illi
1039 1776 1051 1792 ,

107 1802 207 1847 quam
218 1802 446 1836 successoribus
457 1803 578 1845 praestet
589 1802 760 1836 audaciam
779 1801 926 1836 similiter
947 1800 1051 1835 delin-

106 1851 230 1894 quendi
253 1877 261 1883 .
297 1853 386 1887 Nam
406 1852 429 1885 fi
452 1852 708 1897 cognoverimus
736 1852 953 1895 poenitentem
976 1874 987 1891 ‚
1014 1858 1051 1884 ut

113 1902 202 1936 viam
222 1901 439 1937 satisfaciendi
460 1902 537 1936 velit
561 1900 687 1946 ingredi
712 1925 723 1941 ,
756 1901 866 1936 -vestro
890 1910 1051 1945 praeeunte

108 1951 268 1993 consilio,
292 1953 370 1996 juris
381 1953 561 1996 poterimus
572 1961 751 1994 temperare
762 1952 928 1996 rigorem,
955 1961 1051 1994 prout
1091 1960 1093 1963 ’

109 1999 357 2042 EcclefiaeDei‚
388 2001 505 2035 nostris
525 2002 559 2035 ὅ(
581 2000 912 2044 futurisremporibus
934 2000 1052 2033 videri-

110 2062 184 2086 mus
193 2052 346 2095 expedire
356 2076 364 2084 .
392 2051 556 2095 Alioquin
569 2051 771 2094 perseverans
782 2053 817 2084 in
830 2051 967 2086 crimine
980 2073 990 2088 ,
1017 2050 1050 2083 ὅ(

113 2100 244 2135 tantum
257 2102 291 2135 in
305 2101 449 2136 Ecclesia
461 2101 582 2135 faciens
594 2101 780 2135 scandalum
797 2125 808 2141 ,
833 2111 900 2144 quo
917 2099 984 2143 jure
995 2098 1051 2132 ab·

109 2149 281 2186 solvetur?
307 2152 384 2186 Deo
405 2152 562 2196 siquidem
581 2152 722 2186 vinculis
745 2151 994 2194 impoenitentiae
1014 2149 1051 2182 li·

113 2212 210 2246 gatus
220 2201 264 2235 est
277 2226 289 2241 ,
313 2203 347 2235 ὅ(
358 2201 481 2236 Lazaro
492 2200 632 2236 deterius
641 2202 675 2235 &
687 2201 793 2235 acrius
809 2200 1016 2244 compeditus
1042 2224 1050 2231 .

114 2251 205 2284 Nam
215 2250 238 2283 fi
251 2261 298 2285 res
307 2252 414 2286 ablata
425 2250 512 2286 reddi
524 2251 629 2294 potest
638 2276 649 2293 ‚
675 2252 710 2286 ὅ(
724 2262 792 2287 non
806 2251 970 2289 redditur,
983 2259 1050 2283 non

114 2302 222 2345 agitur
241 2301 435 2344 poenitentia
449 2325 461 2342 ,
489 2301 542 2335 sed
565 2301 719 2346 fingitur.
757 2300 880 2336 Unum
895 2299 940 2333 est
959 2298 1051 2343 quod

118 2352 297 2394 plurimum
318 2352 468 2392 afli-stat,
493 2352 527 2386 ἀ
552 2353 586 2386 in
606 2362 694 2393 quo,
723 2351 927 2394 propiciante
938 2350 1018 2384 Deo*
1040 2373 1052 2388 ‚

117 2402 276 2435 mentitur
287 2401 444 2445 iniqnitas
456 2401 534 2435 sibi:
564 2404 642 2445 quia
654 2402 675 2434 fi
691 2401 812 2434 laetum
830 2424 840 2440 ,
866 2398 953 2442 quod
966 2400 1056 2432 Deus

118 2458 262 2490 avertar,
291 2448 636 2485 EcelefiaeCatholicae
659 2450 804 2491 videret,
831 2450 1057 2484 incunctanter

117 2500 294 2534 Ecclesiam
308 2500 547 2544 Anglicanam,
574 2500 625 2535 sed
637 2501 670 2534 δε
684 2510 818 2534 omnem
833 2524 844 2540 ,
865 2511 933 2543 quae
944 2500 976 2531 in
988 2499 1056 2542 ejus

118 2549 276 2594 pctestate
297 2548 342 2582 est
355 2573 366 2589 ,
392 2549 560 2591 subjiceret
581 2550 707 2594 legibus
729 2551 813 2584 suis.
843 2551 924 2584 Hoc
947 2551 1054 2583 aut‘em

120 2599 215 2634 vobis
226 2609 350 2633 certum
362 2597 399 2633 fit
412 2622 425 2639 ,
450 2598 540 2642 quod
555 2610 592 2632 ea
603 2610 673 2641 quae
695 2600 714 2631 ὸ
736 2599 833 2633 nobis
842 2601 965 2644 exigit,
992 2601 1055 2632 ser-

121 2660 197 2683 vare
210 2661 278 2683 non
290 2650 457 2692 possumus
465 2672 476 2689 ,
503 2649 538 2683 ἀ
550 2646 750 2692 Apostolicae
761 2649 835 2682 Sedi
848 2649 947 2682 fidem
957 2648 991 2681 δε
1004 2647 1056 2682 de-

120 2699 222 2733 bitam
234 2698 473 2734 obedientiam.
501 2699 584 2733 Haec
607 2697 696 2733 enim
716 2696 775 2731 fibi
790 2698 931 2732 invicem
950 2697 1058 2731 adver·

121 2751 251 2783 santur.
280 2749 359 2783 Hoc
375 2750 474 2783 etiarn
497 2760 650 2794 rogamus
671 2746 827 2782 attentius
845 2772 857 2788 ,
895 2759 937 2781 ne
960 2748 1057 2783 male·

121 2799 252 2833 fassores
262 2799 296 2833 ἀ
306 2800 612 2834 excommunicatos
635 2798 762 2833 nostros
772 2823 783 2839 ,
808 2799 831 2831 fi
852 2796 936 2832 sorte
947 2797 986 2831 ad
1000 2808 1058 2835 vos

124 2849 273 2883 venerint
287 2861 342 2883 aut
354 2850 522 2890 miserint,
548 2850 582 2883 in
605 2848 828 2892 praejudicium
846 2847 990 2882 nostrum
1014 2848 1056 2881 fa-

123 2898 218 2931 ciatis
236 2899 382 2933 absolvi:
411 2900 486 2942 quia
503 2899 526 2932 si
550 2899 612 2933 alia
636 2900 708 2933 vice
730 2910 798 2931 non
811 2900 886 2932 esset
897 2898 1019 2932 fastum
1048 2921 1059 2937 ‚

125 2947 268 2982 Ecclesia
277 2948 340 2990 jam
353 2961 430 2992 pace
441 2949 550 2984 debita
562 2949 718 2982 frueretur
729 2973 737 2981 .
764 2949 847 2982 Sane
858 2948 881 2981 si
897 2959 956 2982 nos
971 2958 1059 2981 com-

125 2997 266 3041 pulerit,
293 2999 382 3041 quod
400 3001 474 3033 Deo
488 3000 683 3043 propitiante
696 3022 707 3038 ,
734 3010 794 3032 nec
815 3010 875 3042 pro
886 2998 1056 3041 temporali

126 3047 192 3081 vita
203 3047 342 3081 facturus
352 3048 396 3081 est
410 3073 419 3088 ,
446 3048 487 3083 ad
498 3049 584 3083 hanc
595 3048 833 3093 obligationem
849 3074 860 3090 ‚
884 3059 953 3082 non
969 3049 1059 3082 enim

125 3097 249 3132 excidit
269 3098 287 3131 a
313 3099 471 3132 memoria
493 3099 620 3139 nostra,
646 3098 723 3143 quid
745 3098 840 3132 -vobis
862 3099 896 3133 &
911 3098 1059 3133 Ecclefiae

127 3147 633 3191 RomanaeinreceptionePallii
646 3148 875 3191 juraverimus,
902 3160 970 3182 uon
991 3160 1059 3182 mo—

128 3197 174 3230 dd
195 3198 400 3241 Episcopus,
426 3196 477 3231 sed
499 3199 531 3231 ἀ
553 3199 685 3232 Clerum
710 3201 897 3234 universum
913 3198 1059 3232 similiter

128 3245 291 3291 obligabit
313 3257 406 3282 tanto
427 3249 526 3281 fretus
547 3248 717 3290 exemplo.
745 3250 788 3283 Et
810 3249 943 3292 quidem
964 3248 1060 3282 facile

128 3296 174 3330 est
196 3320 207 3336 ‚
246 3308 282 3331 ut
314 3298 510 3340 impunitam
533 3297 599 3339 ejus
614 3298 784 3334 audaciam
807 3301 862 3335 alii
893 3298 1061 3342 Principes

130 3346 297 3381 imitentur
310 3372 317 3380 .
344 3345 447 3394 Qod
460 3359 568 3381 autem
580 3347 597 3380 a
612 3347 707 3382 nobis
716 3350 819 3395 exigit
831 3374 841 3390 ,
869 3361 928 3383 nec
942 3350 957 3382 a
973 3349 1058 3383 mili·

129 3396 216 3431 tibus
230 3422 241 3438 ‚
266 3409 324 3432 nec
334 3398 352 3432 εὶ
364 3397 489 3432 rusticis
500 3397 641 3441 exigitur
652 3399 688 3433 in
700 3409 782 3434 terra
793 3399 901 3435 nostra
919 3423 925 3431 -

1059 2006 1070 2384 —..—--—---—

1066 2395 1085 3536 *ἐφ-Μ

1871 146 1971 189 299

1257 255 1289 295 Ε
1314 254 1341 290 1²
1366 254 1383 288 1
1408 256 1431 291 s
1456 255 1494 289 T
1519 256 1553 289 o
1579 255 1609 289 L
1636 253 1670 290 A
1790 262 1866 298 vn,

1186 338 1379 394 Alexandro
1406 356 1503 400 Papae
1528 354 1738 392 wilhelmus
1762 356 1951 399 Senonenfis

1403 405 1511 445 Archi
1521 426 1531 432 ·
1546 405 1741 453 Episcopus.

1105 512 1231 544 Domino
1256 510 1354 552 Papae
1382 505 1648 550 Archi-Episcvpus
1684 506 1854 549 senonenfis
1875 506 2006 553 salutem
2029 534 2043 552 ,

1277 561 1312 595 ὀ*
1337 568 1448 607 amnem
1473 567 1538 591 cum
1556 555 1675 600 summa
1699 559 1854 593 devotione

1459 607 1677 643 obedientiam.
1835 621 1837 623 ·

1202 701 1429 745 UAL'ITER
1455 706 1490 744 in
1504 705 1647 744 seeundo
1656 707 1787 753 Regum
1799 705 1973 752 colloquio
1986 712 2047 745 nn-

1227 770 1281 803 per
1307 759 1489 803 processerit
1503 760 1600 793 causa
1611 759 1754 793 Domini
1766 758 2006 794 Cantuariensis
2031 785 2044 801 ,

1221 809 1317 843 tanto
1338 808 1467 843 fidelius
1488 810 1656 853 possumus
1673 809 1836 850 attestari,
1862 809 1989 853 quantd
2000 812 2045 845 fa-

1105 858 1262 894 miliarius
1276 858 1317 894 ad
1328 860 1441 895 omnia
1453 883 1464 900 ,
1490 871 1561 903 quae
1571 859 1616 893 ibi
1627 859 1716 904 gesta
1727 860 1801 893 sunt
1813 881 1823 898 ‚
1848 859 1974 895 admiffi
1988 861 2045 895 su·-

1106 920 1176 944 mus
1190 934 1200 951 ,
1233 910 1268 943 &
1286 919 1418 953 operam
1438 910 1473 943 ἃ.
1496 910 1706 955 diligentiam
1726 906 1936 944 adhibuimus
1960 934 1972 950 ‚
2005 919 2045 945 ut

1105 961 1179 995 Rex
1198 958 1326 1004 Angliae
1346 960 1458 994 vestris
1476 958 1714 1005 obtemperaret
1734 959 1897 1000 monitis,
1924 956 2045 995 &obe-

1104 1010 1187 1045 diret
1200 1010 1381 1045 mandatis.
1409 1007 1471 1044 Sed
1485 1009 1541 1044 ille
1562 1011 1730 1054 postquam
1755 1010 1812 1044 viat
1822 1010 2047 1055 recepitnom·

1108 1060 1297 1096 minatorias
1319 1060 1455 1099 vestraS,
1481 1060 1514 1093 ὅ(
1527 1059 1769 1104 Religiosorum
1782 1082 1795 1100 ,-
1821 1070 1906 1104 quos
1917 1060 2047 1107 misera-

1104 1111 1166 1150 tis,
1194 1110 1383 1146 instantiam
1395 1110 1549 1145 varietate
1570 1112 1813 1154 responsionum
1835 1107 2050 1146 sibinen-06-

1108 1159 1298 1195 haerentium
1310 1161 1367 1195 diu
1378 1160 1493 1196 delusit
1505 1186 1517 1202 ,
1543 1161 1675 1196 tandem
1700 1161 1795 1195 nobis
1817 1161 1853 1197 dc
1865 1161 1933 1196 inis
1943 1159 2050 1196 aerius

1109 1210 1326 1245 iniistentibus
1349 1211 1440 1245 dedit
1462 1221 1520 1254 pro
1541 1211 1716 1245 voluntate
1737 1211 1921 1254 responfiim
1939 1236 1946 1243 .
1986 1205 2049 1244 Ait

1107 1260 1197 1293 enim
1210 1260 1240 1292 se
1253 1259 1442 1293 Dominum
1465 1260 1734 1294 Cantuariensem
1756 1271 1826 1293 non
1839 1261 1996 1302 expulisse
2007 1260 2050 1294 de

1110 1308 1230 1352 Regno
1241 1308 1299 1341 suo
1313 1334 1320 1341 .
1349 1309 1392 1342 Et
1403 1318 1513 1342 tamen
1525 1309 1546 1340 si
1559 1308 1661 1341 redire
1683 1308 1851 1347 voluerit,
1878 1309 2053 1343 &servare

1107 1356 1197 1402 quod
1213 1359 1420 1393 servaverunt
1429 1357 1641 1392 antecessores
1654 1356 1699 1391 sui
1714 1381 1724 1396 ‚
1746 1358 1778 1391 &
1790 1356 1879 1402 quod
1893 1357 1960 1402 ipse
1971 1357 2051 1402 pro*-

1108 1409 1191 1442 misit
1205 1431 1216 1447 ,
1240 1407 1343 1442 redire
1358 1409 1499 1451 poterit,
1526 1407 1615 1441 &ibi
1632 1406 1750 1441 habere
1767 1408 1967 1450 patum-012:
1990 1407 2051 1444 nifi

1110 1457 1175 1491 hoc
1201 1457 1388 1500 simpliciter
1411 1458 1444 1491 ἀ
1469 1456 1617 1491 absolute
1639 1456 1842 1499 promiserit,
1870 1456 2004 1492 ulterius
2014 1457 2051 1490 in

1111 1506 1271 1551 Angliam
1284 1518 1352 1540 non
1365 1516 1541 1540 revertetur
1556 1531 1562 1538 .
1597 1506 1642 1539 Et
1656 1506 1733 1548 quia
1755 1505 1906 1549 responsa
1916 1506 1982 1549 ejus
1993 1505 2051 1541 fibi

1112 1559 1297 1600 frequenter
1306 1555 1558 1590 adversabantur
1572 1578 1583 1595 ‚
1605 1567 1641 1589 ut
1653 1551 1781 1589 Nuntii
1804 1551 1902 1589 bethi
1923 1556 2054 1601 prorsus

1113 1608 1301 1651 ignorarent
1314 1630 1325 1646 ,
1350 1618 1418 1651 quo
1433 1606 1524 1641 nodo
1537 1606 1629 1640 suurn
1642 1606 1766 1649 possent
1776 1617 1884 1641 tenere
1903 1607 2052 1651 prothea,

1111 1655 1229 1691 faciem
1257 1656 1356 1691 toties
1383 1657 1634 1698 immutantem,
1661 1656 2053 1697 consummatum-‘at

1114 1715 1259 1750 peterent
1281 1705 1323 1739 ab
1343 1717 1385 1740 eo
1406 1706 1464 1739 fibi
1486 1705 1604 1738 litteris
1617 1705 1815 1748 'patentibus
1827 1706 2016 1748 responderi
2042 1730 2057 1746 ,

1115 1756 1196 1796 quid
1207 1755 1248 1789 ad
1263 1755 1458 1797 petitionem
1470 1754 1607 1788 vestram
1621 1754 1758 1788 sasturus
1774 1755 1849 1789 esset
1868 1779 1879 1795 ‚
1901 1756 1991 1800 quod
2005 1766 2061 1789 vo-

1086 1846 1091 1850 ,
1116 1805 1169 1838 bis
1179 1802 1422 1849 'ponent-secure
1433 1805 1465 1838 &
1478 1803 1617 1839 fideliter
1630 1805 1785 1838 nunciare
1795 1802 1932 1849 .'Qam
1943 1816 2061 1840 eorum

1090 1891 1092 1894 ,
1116 1854 1315 1897 petitionem
1328 1879 1339 1895 ,
1355 1853 1431 1889 licet
1444 1852 1602 1888 adhibitis
1616 1854 1876 1888 interceffonbus
1889 1852 2061 1889 vehemen-

1117 1915 1165 1939 ter
1182 1904 1386 1944 insisterent,
1412 1903 1488 1938 Rex
1513 1904 1644 1948 penitus
1665 1903 1866 1947 reprobavit.
1898 1904 2063 1939 Deinde&

1120 1954 1234 1987 multis
1243 1964 1376 1997 rogatus
1385 1954 1451 1993 est,
1478 1964 1515 1988 ut
1530 1954 1642 1989 saltem
1656 1954 1874 1994 innocentes,
1893 1963 1976 1998 quos
1990 1960 2062 1999 pm-

1120 2004 1300 2046 sctipserat‚
1319 2003 1359 2037 ad
1372 2006 1500 2047 propria
1510 2004 1614 2039 redire
1640 2014 1817 2048 pateretur.
1846 2003 1901 2039 At·
1920 2006 1974 2039 ille
1988 2000 2060 2039 nui-
2107 2022 2110 2024 ·
2171 2010 2173 2013 ’

1113 2053 1142 2087 la
1155 2054 1285 2087 tatione
1296 2054 1350 2087 vel·
1371 2055 1574 2096 persuasione
1596 2055 1711 2089 induci
1735 2055 1869 2099 potuit,
1896 2066 1933 2089 ut
1945 2055 1993 2089 eis
2003 2055 2062 2090 ali—

1114 2102 1193 2146 quid
1206 2103 1453 2139 consolatioms·
1471 2106 1673 2149 impenderet
1684 2130 1693 2137 .
1720 2106 1809 2140 Cum
1834 2103 1911 2139 vero
1922 2103 1989 2140 haec
2003 2106 2063 2139 Ar-

1112 2151 1347 2196 chi-Episcopo
1358 2154 1457 2189 relata
1468 2157 1569 2190 essent
1586 2180 1599 2196 ,
1625 2155 1789 2198 respondit
1814 2153 1844 2189 se
1857 2166 2005 2199 paratum
2016 2157 2063 2190 es-

1116 2204 1145 2235 se
1156 2202 1264 2235 facere
1276 2214 1335 2245 pro
1343 2206 1451 2247 gratia
1460 2205 1529 2248 ejus
1544 2229 1556 2246 ,
1581 2206 1614 2239 δε
1638 2208 1742 2249 gratia
1770 2207 1917 2240 Ecclessae
1929 2213 2064 2248 recupe-

1115 2252 1216 2286 randa
1227 2276 1240 2292 ,
1259 2251 1420 2296 quidquid
1434 2254 1530 2287 debet
1541 2279 1550 2295 ‚
1563 2255 1724 2299 quidquid
1739 2257 1859 2300 poterit
1874 2279 1886 2296 ,
1897 2253 2063 2299 quidquid

1115 2302 1329 2336 antecessores
1348 2303 1395 2335 fui
1423 2303 1588 2343 fecerunt,
1617 2305 1703 2337 salvo
1729 2306 1762 2337 in
1777 2307 1934 2339 omnibus
1948 2305 2068 2340 ordine

1116 2353 1173 2386 suo
1186 2377 1193 2383 .
1219 2351 1282 2385 Sed
1295 2363 1418 2386 novam
1433 2352 1650 2400 obligationis
1661 2355 1805 2388 formam
1816 2356 1898 2389 inire
1913 2380 1924 2396 ‚
1949 2356 1983 2389 ὅς
1994 2365 2063 2398 pto-

1117 2402 1246 2436 mittere
1267 2402 1301 2435 se
1321 2401 1460 2445 alicuius
1484 2403 1637 2445 exempla
1659 2404 1859 2441 secuturum,
1888 2404 1948 2436 nisi
1974 2406 2064 2438 salvo

1116 2453 1232 2486 ordine
1244 2452 1304 2485 suo
1317 2477 1328 2493 ,
1352 2450 1410 2486 fibi
1422 2452 1508 2487 dixit
1520 2451 1583 2484 esse
1598 2451 1750 2485 illicitum
1768 2476 1778 2491 ,
1806 2453 1979 2495 praesertim
1996 2454 2063 2487 sine

1117 2500 1316 2536 authoritate
1344 2502 1435 2537 Sedis
1464 2500 1666 2544 Apostolicae
1689 2515 1696 2536 ε
1736 2512 1807 2535 tum
1833 2503 1910 2545 quia
1936 2513 2063 2537 novam

1118 2552 1336 2597 obligationis
1356 2555 1495 2586 formam
1531 2550 1676 2595 ingerere
1702 2549 1796 2585 Viris
1829 2552 2061 2588 Ecclesiasticis

1120 2602 1337 2647 perniciosum
1348 2604 1423 2636 estet
1447 2600 1623 2644 exemplo,
1650 2611 1721 2634 tuin
1742 2603 1816 2644 quia
1830 2620 1849 2642 ,›
1870 2612 1905 2635 ut
1918 2603 2022 2637 asserit
2051 2627 2063 2642 ‚

1119 2653 1250 2696 quando
1271 2662 1345 2685 eum
1371 2650 1577 2694 obligatione
1612 2650 2067 2694 servandarum-consuetudi-

1120 2712 1198 2737 num
1212 2727 1222 2744 ,
1247 2701 1479 2746 quaminvitus
1489 2702 1523 2734 &
1536 2702 1668 2735 coactus
1680 2702 1826 2746 ptaestitit
1843 2726 1853 2742 ,
1869 2702 2063 2741 absolvistis,

1120 2752 1329 2797 specialitera
1350 2751 1444 2785 vobis
1461 2776 1472 2791 ,
1497 2752 1531 2784 ὅ(
1553 2752 1667 2785 multis
1689 2751 1920 2793 audientibus,
1949 2764 2063 2796 piaece-

1119 2804 1218 2837 dente
1229 2801 1458 2846 gravi&justa
1472 2795 1695 2844 increpatione
1708 2826 1718 2842 ,
1745 2801 1906 2836 inhibitus
1928 2803 1995 2844 ee,
2024 2813 2064 2835 ne

1120 2854 1150 2887 se
1163 2850 1450 2898 ulteriusobligetss
1479 2852 1647 2894 praesertim
1666 2853 1744 2886 &in
1760 2850 1809 2886 his
1823 2877 1834 2892 ‚
1848 2855 1916 2897 qu'ae
1930 2853 2062 2896 possunt

1119 2903 1242 2944 aliquid
1252 2903 1418 2944 captionis
1432 2900 1551 2936 habere
1563 2927 1576 2947 ²
1598 2903 1678 2945 quin
1694 2902 2062 2946 exprimatsalvumfore

1120 2953 1256 2985 honorem
1267 2955 1324 2985 Dei
1335 2977 1346 2993 ‚
1372 2953 1406 2986 o·
1417 2952 1551 2985 ordinem
1559 2949 1646 2995 suum
1657 2976 1665 2984 .
1693 2950 1835 2987 Videtur
1847 2954 1936 2986 enim
1949 2963 2065 2985 renun-

1120 3005 1206 3036 ciare
1217 3001 1358 3036 Pastoris
1371 3002 1519 3042 Officio,
1547 3003 1749 3045 quicumque
1778 3003 1917 3036 subditis
1930 3001 2063 3035 illicita·-

1122 3064 1192 3086 rum
1206 3063 1310 3087 rerum
1323 3052 1601 3087 consuetudinem
1614 3053 1667 3084 vel
1680 3051 1844 3086 licentiam
1871 3052 2062 3095 pollicetur.

1122 3102 1153 3136 Si
1164 3102 1254 3137 enim
1268 3102 1451 3147 Episcopus
1463 3103 1588 3138 assensu
1602 3101 1653 3134 vel
1672 3102 1927 3138 dissimulatione
1943 3104 2063 3146 rigave-

1123 3153 1163 3187 rit
1178 3153 1334 3197 plantaria
1348 3152 1507 3187 vitiorum
1526 3175 1536 3191 ‚
1563 3160 1599 3185 ut
1624 3151 1671 3187 eis
1685 3152 1952 3187 invalescentibus
1967 3153 2066 3183 inane

1121 3203 1158 3237 fit
1171 3229 1182 3245 ,
1209 3206 1266 3237 aut
1281 3204 1408 3247 prorsus
1422 3211 1527 3246 pereat
1541 3200 1678 3234 verbum
1692 3202 1778 3243 Dei,
1806 3202 1876 3245 quis
1901 3200 1940 3233 de
1955 3199 2065 3233 Eccle-

1123 3254 1163 3287 sia
1185 3254 1297 3297 spinas
1312 3252 1488 3286 eradicabit
1506 3252 1538 3285 &
1561 3251 1699 3286 tribulos
1722 3253 1738 3283 ,ἓ
1774 3251 1948 3284 Tenentur
1973 3249 2063 3282 enim

1123 3302 1267 3337 Pastores
1284 3302 1498 3336 Ecclesiarurn
1514 3303 1674 3345 perversas
1697 3302 1912 3334 exterminare
1923 3300 2065 3333 consue-

1125 3353 1256 3387 tudines
1270 3376 1280 3391 ,
1299 3353 1332 3385 δε
1349 3352 1413 3395 ipse
1425 3362 1515 3384 nunc
1531 3351 1677 3395 exigitur
1688 3351 1722 3383 δε
1742 3349 1951 3392 compellitur
1964 3350 1997 3382 in
2009 3358 2066 3382 ea-

1127 3414 1196 3436 rum
1223 3402 1313 3435 verba
1335 3401 1436 3443 jurare
1450 3425 1458 3434 .
1486 3399 1625 3444 Adjecit
1646 3399 1765 3436 etiam,
1801 3398 1890 3443 quod
1917 3397 2064 3434 Ecclesia

1129 3453 1285 3489 Romana
1308 3450 1454 3487 debitam
1481 3441 1579 3485 isdem
1603 3450 1721 3483 servare
1744 3460 1813 3483 non
1846 3450 1967 3492 poterit
1998 3472 2008 3487 ,
2033 3447 2068 3480 δε

1886 3499 2021 3532 consue·
