<?xml version="1.0" encoding="UTF-8"?>
<!DOCTYPE html PUBLIC "-//W3C//DTD XHTML 1.0 Transitional//EN"
    "http://www.w3.org/TR/xhtml1/DTD/xhtml1-transitional.dtd">
<html xmlns="http://www.w3.org/1999/xhtml" xml:lang="en" lang="en">
 <head>
  <title>
</title>
<meta http-equiv="Content-Type" content="text/html;charset=utf-8" />
  <meta name='ocr-system' content='tesseract 3.04.00' />
  <meta name='ocr-capabilities' content='ocr_page ocr_carea ocr_par ocr_line ocrx_word'/>
</head>
<body>
  <div class='ocr_page' id='page_1' title='image "./operaomniastudio10lupuuoft_0046.png"; bbox 0 0 2358 3776; ppageno 0'>
   <div class='ocr_carea' id='block_1_1' title="bbox 251 101 1213 431">
    <p class='ocr_par' dir='ltr' id='par_1_1' title="bbox 251 101 1213 431">
     <span class='ocr_line' id='line_1_1' title="bbox 325 101 1202 171; baseline -0.01 -15"><span class='ocrx_word' id='word_1_1' title='bbox 325 110 391 171; x_wconf 70' lang='lat'>2‘4</span> <span class='ocrx_word' id='word_1_2' title='bbox 1064 103 1115 148; x_wconf 90' lang='lat' dir='ltr'>V</span> <span class='ocrx_word' id='word_1_3' title='bbox 1180 101 1202 147; x_wconf 95' lang='lat' dir='ltr'>I</span> 
     </span>
     <span class='ocr_line' id='line_1_2' title="bbox 251 184 1211 238; baseline -0.009 -9"><span class='ocrx_word' id='word_1_4' title='bbox 251 202 343 238; x_wconf 66' lang='lat' dir='ltr'>copo</span> <span class='ocrx_word' id='word_1_5' title='bbox 361 203 443 228; x_wconf 88' lang='lat' dir='ltr'>tunc</span> <span class='ocrx_word' id='word_1_6' title='bbox 464 184 567 233; x_wconf 83' lang='lat' dir='ltr'>Regis</span> <span class='ocrx_word' id='word_1_7' title='bbox 596 185 801 222; x_wconf 71' lang='lat' dir='ltr'>Cancellario</span> <span class='ocrx_word' id='word_1_8' title='bbox 828 192 959 233; x_wconf 69' lang='lat' dir='ltr'>propter</span> <span class='ocrx_word' id='word_1_9' title='bbox 985 187 1211 221; x_wconf 79' lang='lat' dir='ltr'>enormitatem</span> 
     </span>
     <span class='ocr_line' id='line_1_3' title="bbox 256 236 1213 280; baseline -0.009 -1"><span class='ocrx_word' id='word_1_10' title='bbox 256 243 520 279; x_wconf 82' lang='lat' dir='ltr'>contradicente,</span> <span class='ocrx_word' id='word_1_11' title='bbox 545 237 578 271; x_wconf 75' lang='grc' dir='ltr'>δι</span> <span class='ocrx_word' id='word_1_12' title='bbox 599 237 703 279; x_wconf 88' lang='lat' dir='ltr'>quoad</span> <span class='ocrx_word' id='word_1_13' title='bbox 727 238 834 280; x_wconf 85' lang='lat' dir='ltr'>potuit</span> <span class='ocrx_word' id='word_1_14' title='bbox 855 236 1079 270; x_wconf 76' lang='lat' dir='ltr'>reclamante.</span> <span class='ocrx_word' id='word_1_15' title='bbox 1108 237 1213 273; x_wconf 87' lang='lat' dir='ltr'>Unde</span> 
     </span>
     <span class='ocr_line' id='line_1_4' title="bbox 259 284 1211 327; baseline -0.004 -4"><span class='ocrx_word' id='word_1_16' title='bbox 259 294 380 327; x_wconf 83' lang='lat' dir='ltr'>Comes</span> <span class='ocrx_word' id='word_1_17' title='bbox 399 289 546 322; x_wconf 77' lang='lat' dir='ltr'>Boloniae</span> <span class='ocrx_word' id='word_1_18' title='bbox 576 298 617 320; x_wconf 77' lang='lat' dir='ltr'>ex</span> <span class='ocrx_word' id='word_1_19' title='bbox 639 294 718 319; x_wconf 88' lang='lat' dir='ltr'>tunc</span> <span class='ocrx_word' id='word_1_20' title='bbox 739 298 815 320; x_wconf 87' lang='lat' dir='ltr'>eum</span> <span class='ocrx_word' id='word_1_21' title='bbox 836 284 917 319; x_wconf 85' lang='lat' dir='ltr'>odio</span> <span class='ocrx_word' id='word_1_22' title='bbox 948 286 1061 320; x_wconf 87' lang='lat' dir='ltr'>oderat</span> <span class='ocrx_word' id='word_1_23' title='bbox 1086 311 1095 319; x_wconf 86' lang='lat'><strong>.</strong></span> <span class='ocrx_word' id='word_1_24' title='bbox 1130 288 1211 322; x_wconf 84' lang='lat' dir='ltr'>Non</span> 
     </span>
     <span class='ocr_line' id='line_1_5' title="bbox 257 335 1210 387; baseline -0.006 -11"><span class='ocrx_word' id='word_1_25' title='bbox 257 342 358 387; x_wconf 77' lang='lat' dir='ltr'>igitur</span> <span class='ocrx_word' id='word_1_26' title='bbox 376 339 440 373; x_wconf 83' lang='lat' dir='ltr'>fine</span> <span class='ocrx_word' id='word_1_27' title='bbox 461 337 594 372; x_wconf 74' lang='lat' dir='ltr'>caussa&#39;</span> <span class='ocrx_word' id='word_1_28' title='bbox 586 348 619 369; x_wconf 89' lang='lat' dir='ltr'>in</span> <span class='ocrx_word' id='word_1_29' title='bbox 643 335 787 379; x_wconf 83' lang='lat' dir='ltr'>partibus</span> <span class='ocrx_word' id='word_1_30' title='bbox 807 336 871 369; x_wconf 82' lang='lat' dir='ltr'>illis</span> <span class='ocrx_word' id='word_1_31' title='bbox 888 336 1084 370; x_wconf 86' lang='lat' dir='ltr'>manifestari</span> <span class='ocrx_word' id='word_1_32' title='bbox 1107 336 1138 370; x_wconf 85' lang='lat' dir='ltr'>se</span> <span class='ocrx_word' id='word_1_33' title='bbox 1157 350 1210 371; x_wconf 83' lang='lat' dir='ltr'>no·</span> 
     </span>
     <span class='ocr_line' id='line_1_6' title="bbox 257 385 1212 431; baseline -0.003 -8"><span class='ocrx_word' id='word_1_34' title='bbox 257 392 336 425; x_wconf 82' lang='lat' dir='ltr'>luit.</span> <span class='ocrx_word' id='word_1_35' title='bbox 365 386 470 425; x_wconf 85' lang='lat' dir='ltr'>Unde</span> <span class='ocrx_word' id='word_1_36' title='bbox 499 397 625 431; x_wconf 81' lang='lat' dir='ltr'>propter</span> <span class='ocrx_word' id='word_1_37' title='bbox 644 385 785 418; x_wconf 72' lang='lat' dir='ltr'>crastinae</span> <span class='ocrx_word' id='word_1_38' title='bbox 807 385 871 418; x_wconf 89' lang='lat' dir='ltr'>diei</span> <span class='ocrx_word' id='word_1_39' title='bbox 891 385 1154 430; x_wconf 80' lang='lat' dir='ltr'>longitudinem,</span> <span class='ocrx_word' id='word_1_40' title='bbox 1179 388 1212 420; x_wconf 76' lang='grc' dir='ltr'>ἃ</span> 
     </span>
    </p>
   </div>
   <div class='ocr_carea' id='block_1_2' title="bbox 252 435 1211 527">
    <p class='ocr_par' dir='ltr' id='par_1_2' title="bbox 252 435 1211 527">
     <span class='ocr_line' id='line_1_7' title="bbox 256 435 1211 479; baseline -0.005 -6"><span class='ocrx_word' id='word_1_41' title='bbox 256 441 317 473; x_wconf 71' lang='lat' dir='ltr'>viae</span> <span class='ocrx_word' id='word_1_42' title='bbox 347 438 572 473; x_wconf 84' lang='lat' dir='ltr'>difficultatem</span> <span class='ocrx_word' id='word_1_43' title='bbox 596 459 607 476; x_wconf 86' lang='lat'>,</span> <span class='ocrx_word' id='word_1_44' title='bbox 641 436 674 469; x_wconf 87' lang='lat'>&amp;</span> <span class='ocrx_word' id='word_1_45' title='bbox 698 435 824 468; x_wconf 84' lang='lat' dir='ltr'>infidias</span> <span class='ocrx_word' id='word_1_46' title='bbox 847 446 926 479; x_wconf 82' lang='lat' dir='ltr'>quas</span> <span class='ocrx_word' id='word_1_47' title='bbox 962 435 1152 478; x_wconf 80' lang='lat' dir='ltr'>verebatur,</span> <span class='ocrx_word' id='word_1_48' title='bbox 1179 437 1211 469; x_wconf 90' lang='lat' dir='ltr'>in</span> 
     </span>
     <span class='ocr_line' id='line_1_8' title="bbox 252 484 1211 527; baseline -0.004 -4"><span class='ocrx_word' id='word_1_49' title='bbox 252 489 399 523; x_wconf 79' lang='lat' dir='ltr'>crastino</span> <span class='ocrx_word' id='word_1_50' title='bbox 421 490 548 522; x_wconf 76' lang='lat' dir='ltr'>summo</span> <span class='ocrx_word' id='word_1_51' title='bbox 568 484 716 519; x_wconf 87' lang='lat' dir='ltr'>diluculo</span> <span class='ocrx_word' id='word_1_52' title='bbox 728 485 860 527; x_wconf 76' lang='lat' dir='ltr'>arripuit</span> <span class='ocrx_word' id='word_1_53' title='bbox 877 486 954 519; x_wconf 90' lang='lat' dir='ltr'>iter.</span> <span class='ocrx_word' id='word_1_54' title='bbox 985 485 1026 519; x_wconf 87' lang='lat' dir='ltr'>Et</span> <span class='ocrx_word' id='word_1_55' title='bbox 1046 484 1086 519; x_wconf 88' lang='lat' dir='ltr'>de</span> <span class='ocrx_word' id='word_1_56' title='bbox 1095 487 1211 519; x_wconf 60' lang='lat' dir='ltr'>Grave</span> 
     </span>
    </p>
   </div>
   <div class='ocr_carea' id='block_1_3' title="bbox 253 535 1246 584">
    <p class='ocr_par' dir='ltr' id='par_1_3' title="bbox 253 535 1246 584">
     <span class='ocr_line' id='line_1_9' title="bbox 253 535 1246 584; baseline -0.004 -11"><span class='ocrx_word' id='word_1_57' title='bbox 253 539 347 584; x_wconf 72' lang='lat' dir='ltr'>linga</span> <span class='ocrx_word' id='word_1_58' title='bbox 368 536 461 581; x_wconf 77' lang='lat' dir='ltr'>pedes</span> <span class='ocrx_word' id='word_1_59' title='bbox 485 537 543 570; x_wconf 86' lang='lat' dir='ltr'>ivit</span> <span class='ocrx_word' id='word_1_60' title='bbox 565 536 609 568; x_wconf 80' lang='lat' dir='ltr'>vir</span> <span class='ocrx_word' id='word_1_61' title='bbox 630 535 695 569; x_wconf 91' lang='lat' dir='ltr'>Dei</span> <span class='ocrx_word' id='word_1_62' title='bbox 714 542 784 568; x_wconf 78' lang='lat' dir='ltr'>tota</span> <span class='ocrx_word' id='word_1_63' title='bbox 802 545 840 568; x_wconf 88' lang='lat' dir='ltr'>ea</span> <span class='ocrx_word' id='word_1_64' title='bbox 860 535 936 575; x_wconf 87' lang='lat' dir='ltr'>die,</span> <span class='ocrx_word' id='word_1_65' title='bbox 964 535 1014 568; x_wconf 83' lang='lat' dir='ltr'>via</span> <span class='ocrx_word' id='word_1_66' title='bbox 1035 535 1211 570; x_wconf 74' lang='lat' dir='ltr'>admodum</span> <span class='ocrx_word' id='word_1_67' title='bbox 1244 535 1246 538; x_wconf 74' lang='grc'><strong>”</strong></span> 
     </span>
    </p>
   </div>
   <div class='ocr_carea' id='block_1_4' title="bbox 239 584 1215 2076">
    <p class='ocr_par' dir='ltr' id='par_1_4' title="bbox 253 584 1212 674">
     <span class='ocr_line' id='line_1_10' title="bbox 253 584 1212 627; baseline -0.003 -4"><span class='ocrx_word' id='word_1_68' title='bbox 253 588 359 623; x_wconf 82' lang='lat' dir='ltr'>lutosa</span> <span class='ocrx_word' id='word_1_69' title='bbox 381 587 414 621; x_wconf 71' lang='grc' dir='ltr'>ὅ(</span> <span class='ocrx_word' id='word_1_70' title='bbox 434 586 554 620; x_wconf 82' lang='lat' dir='ltr'>lubrica</span> <span class='ocrx_word' id='word_1_71' title='bbox 581 610 592 626; x_wconf 88' lang='lat'>,</span> <span class='ocrx_word' id='word_1_72' title='bbox 615 593 761 626; x_wconf 85' lang='lat' dir='ltr'>tempore</span> <span class='ocrx_word' id='word_1_73' title='bbox 785 586 953 627; x_wconf 80' lang='lat' dir='ltr'>praesertim</span> <span class='ocrx_word' id='word_1_74' title='bbox 976 584 1141 627; x_wconf 80' lang='lat' dir='ltr'>hyemali:</span> <span class='ocrx_word' id='word_1_75' title='bbox 1170 587 1212 620; x_wconf 86' lang='lat' dir='ltr'>Et</span> 
     </span>
     <span class='ocr_line' id='line_1_11' title="bbox 254 633 1212 674; baseline -0.004 -2"><span class='ocrx_word' id='word_1_76' title='bbox 254 649 327 674; x_wconf 79' lang='lat' dir='ltr'>arca</span> <span class='ocrx_word' id='word_1_77' title='bbox 349 639 475 672; x_wconf 65' lang='lat' dir='ltr'>nostem</span> <span class='ocrx_word' id='word_1_78' title='bbox 503 635 591 669; x_wconf 81' lang='lat' dir='ltr'>venit</span> <span class='ocrx_word' id='word_1_79' title='bbox 610 634 650 668; x_wconf 93' lang='lat' dir='ltr'>ad</span> <span class='ocrx_word' id='word_1_80' title='bbox 685 633 922 668; x_wconf 82' lang='lat' dir='ltr'>Monasterium</span> <span class='ocrx_word' id='word_1_81' title='bbox 942 633 983 668; x_wconf 89' lang='lat' dir='ltr'>de</span> <span class='ocrx_word' id='word_1_82' title='bbox 1006 634 1132 669; x_wconf 81' lang='lat' dir='ltr'>Ordine</span> <span class='ocrx_word' id='word_1_83' title='bbox 1152 636 1212 670; x_wconf 84' lang='lat' dir='ltr'>Ci—</span> 
     </span>
    </p>

    <p class='ocr_par' dir='ltr' id='par_1_5' title="bbox 247 683 1214 1428">
     <span class='ocr_line' id='line_1_12' title="bbox 252 683 1211 731; baseline -0.003 -9"><span class='ocrx_word' id='word_1_84' title='bbox 252 688 413 722; x_wconf 77' lang='lat' dir='ltr'>sterciensi</span> <span class='ocrx_word' id='word_1_85' title='bbox 425 712 436 728; x_wconf 94' lang='lat'>,</span> <span class='ocrx_word' id='word_1_86' title='bbox 462 686 549 731; x_wconf 85' lang='lat' dir='ltr'>quod</span> <span class='ocrx_word' id='word_1_87' title='bbox 567 684 773 718; x_wconf 89' lang='lat' dir='ltr'>Clermarreis</span> <span class='ocrx_word' id='word_1_88' title='bbox 790 683 926 718; x_wconf 82' lang='lat' dir='ltr'>dicitur.</span> <span class='ocrx_word' id='word_1_89' title='bbox 956 684 1211 720; x_wconf 83' lang='lat' dir='ltr'>lterduodecim</span> 
     </span>
     <span class='ocr_line' id='line_1_13' title="bbox 253 734 1211 772; baseline -0.004 0"><span class='ocrx_word' id='word_1_90' title='bbox 253 738 418 772; x_wconf 84' lang='lat' dir='ltr'>leucarum</span> <span class='ocrx_word' id='word_1_91' title='bbox 442 746 527 770; x_wconf 80' lang='lat' dir='ltr'>terrae</span> <span class='ocrx_word' id='word_1_92' title='bbox 545 735 723 769; x_wconf 82' lang='lat' dir='ltr'>conficiens</span> <span class='ocrx_word' id='word_1_93' title='bbox 743 746 780 767; x_wconf 90' lang='lat' dir='ltr'>ea</span> <span class='ocrx_word' id='word_1_94' title='bbox 804 734 876 767; x_wconf 90' lang='lat' dir='ltr'>die.</span> <span class='ocrx_word' id='word_1_95' title='bbox 905 734 959 768; x_wconf 88' lang='lat' dir='ltr'>Est</span> <span class='ocrx_word' id='word_1_96' title='bbox 973 745 1082 769; x_wconf 86' lang='lat' dir='ltr'>autem</span> <span class='ocrx_word' id='word_1_97' title='bbox 1095 736 1211 771; x_wconf 86' lang='lat' dir='ltr'>Mona·</span> 
     </span>
     <span class='ocr_line' id='line_1_14' title="bbox 252 783 1214 828; baseline -0.001 -8"><span class='ocrx_word' id='word_1_98' title='bbox 252 787 385 821; x_wconf 79' lang='lat' dir='ltr'>sterium</span> <span class='ocrx_word' id='word_1_99' title='bbox 406 786 470 822; x_wconf 85' lang='lat' dir='ltr'>hoc</span> <span class='ocrx_word' id='word_1_100' title='bbox 493 787 585 820; x_wconf 82' lang='lat' dir='ltr'>situm</span> <span class='ocrx_word' id='word_1_101' title='bbox 604 784 700 828; x_wconf 78' lang='lat' dir='ltr'>prope</span> <span class='ocrx_word' id='word_1_102' title='bbox 722 784 801 817; x_wconf 89' lang='lat' dir='ltr'>illud</span> <span class='ocrx_word' id='word_1_103' title='bbox 832 783 980 818; x_wconf 83' lang='lat' dir='ltr'>Castrum</span> <span class='ocrx_word' id='word_1_104' title='bbox 1001 785 1112 820; x_wconf 78' lang='lat' dir='ltr'>nobile</span> <span class='ocrx_word' id='word_1_105' title='bbox 1138 787 1214 819; x_wconf 81' lang='lat' dir='ltr'>san-</span> 
     </span>
     <span class='ocr_line' id='line_1_15' title="bbox 253 832 1212 878; baseline -0.003 -6"><span class='ocrx_word' id='word_1_106' title='bbox 253 839 297 872; x_wconf 61' lang='lat' dir='ltr'>{ti</span> <span class='ocrx_word' id='word_1_107' title='bbox 318 836 520 871; x_wconf 80' lang='lat' dir='ltr'>Andomari.</span> <span class='ocrx_word' id='word_1_108' title='bbox 551 836 674 870; x_wconf 85' lang='lat' dir='ltr'>Eadem</span> <span class='ocrx_word' id='word_1_109' title='bbox 698 832 772 868; x_wconf 72' lang='lat' dir='ltr'>vero</span> <span class='ocrx_word' id='word_1_110' title='bbox 794 834 887 869; x_wconf 68' lang='lat' dir='ltr'>noete</span> <span class='ocrx_word' id='word_1_111' title='bbox 907 846 971 878; x_wconf 84' lang='lat' dir='ltr'>qua</span> <span class='ocrx_word' id='word_1_112' title='bbox 993 834 1212 870; x_wconf 68' lang='lat' dir='ltr'>Archi-Prae-</span> 
     </span>
     <span class='ocr_line' id='line_1_16' title="bbox 252 885 1212 930; baseline -0.001 -9"><span class='ocrx_word' id='word_1_113' title='bbox 252 888 322 926; x_wconf 68' lang='lat' dir='ltr'>sul,</span> <span class='ocrx_word' id='word_1_114' title='bbox 349 887 451 930; x_wconf 83' lang='lat' dir='ltr'>Regis</span> <span class='ocrx_word' id='word_1_115' title='bbox 473 886 598 920; x_wconf 88' lang='lat' dir='ltr'>Nuncii</span> <span class='ocrx_word' id='word_1_116' title='bbox 615 886 731 929; x_wconf 88' lang='lat' dir='ltr'>praefati</span> <span class='ocrx_word' id='word_1_117' title='bbox 753 894 829 918; x_wconf 90' lang='lat' dir='ltr'>cum</span> <span class='ocrx_word' id='word_1_118' title='bbox 853 895 974 929; x_wconf 87' lang='lat' dir='ltr'>magno</span> <span class='ocrx_word' id='word_1_119' title='bbox 992 885 1027 919; x_wconf 73' lang='grc' dir='ltr'>δε</span> <span class='ocrx_word' id='word_1_120' title='bbox 1043 886 1150 920; x_wconf 85' lang='lat' dir='ltr'>multo</span> <span class='ocrx_word' id='word_1_121' title='bbox 1161 897 1212 928; x_wconf 84' lang='lat' dir='ltr'>ap-</span> 
     </span>
     <span class='ocr_line' id='line_1_17' title="bbox 252 934 1209 981; baseline -0.003 -10"><span class='ocrx_word' id='word_1_122' title='bbox 252 947 367 981; x_wconf 71' lang='lat' dir='ltr'>paratu</span> <span class='ocrx_word' id='word_1_123' title='bbox 387 947 473 970; x_wconf 82' lang='lat' dir='ltr'>mare</span> <span class='ocrx_word' id='word_1_124' title='bbox 504 936 680 975; x_wconf 81' lang='lat' dir='ltr'>intrantes,</span> <span class='ocrx_word' id='word_1_125' title='bbox 713 934 852 979; x_wconf 86' lang='lat' dir='ltr'>procella</span> <span class='ocrx_word' id='word_1_126' title='bbox 873 935 981 968; x_wconf 80' lang='lat' dir='ltr'>subito</span> <span class='ocrx_word' id='word_1_127' title='bbox 1001 934 1149 976; x_wconf 86' lang='lat' dir='ltr'>suborta,</span> <span class='ocrx_word' id='word_1_128' title='bbox 1176 936 1209 969; x_wconf 81' lang='lat' dir='ltr'>in</span> 
     </span>
     <span class='ocr_line' id='line_1_18' title="bbox 249 985 1208 1029; baseline -0.003 -8"><span class='ocrx_word' id='word_1_129' title='bbox 249 986 358 1021; x_wconf 83' lang='lat' dir='ltr'>multa</span> <span class='ocrx_word' id='word_1_130' title='bbox 377 986 568 1021; x_wconf 89' lang='lat' dir='ltr'>difficultate</span> <span class='ocrx_word' id='word_1_131' title='bbox 587 988 618 1020; x_wconf 72' lang='lat' dir='ltr'>dt</span> <span class='ocrx_word' id='word_1_132' title='bbox 631 985 774 1029; x_wconf 89' lang='lat' dir='ltr'>periculo</span> <span class='ocrx_word' id='word_1_133' title='bbox 785 985 841 1019; x_wconf 81' lang='lat' dir='ltr'>vix</span> <span class='ocrx_word' id='word_1_134' title='bbox 851 985 1095 1028; x_wconf 82' lang='lat' dir='ltr'>applicuerunt.-</span> <span class='ocrx_word' id='word_1_135' title='bbox 1121 985 1208 1019; x_wconf 90' lang='lat' dir='ltr'>Cum</span> 
     </span>
     <span class='ocr_line' id='line_1_19' title="bbox 248 1034 1211 1079; baseline -0.004 -7"><span class='ocrx_word' id='word_1_136' title='bbox 248 1044 363 1072; x_wconf 77' lang='lat' dir='ltr'>tamen</span> <span class='ocrx_word' id='word_1_137' title='bbox 385 1035 510 1070; x_wconf 79' lang='lat' dir='ltr'>Archi·</span> <span class='ocrx_word' id='word_1_138' title='bbox 523 1037 652 1071; x_wconf 83' lang='lat' dir='ltr'>Praesuli</span> <span class='ocrx_word' id='word_1_139' title='bbox 673 1036 706 1070; x_wconf 71' lang='grc' dir='ltr'>ὅ(</span> <span class='ocrx_word' id='word_1_140' title='bbox 728 1035 792 1069; x_wconf 82' lang='lat' dir='ltr'>suis</span> <span class='ocrx_word' id='word_1_141' title='bbox 810 1034 843 1068; x_wconf 90' lang='lat' dir='ltr'>in</span> <span class='ocrx_word' id='word_1_142' title='bbox 868 1034 982 1078; x_wconf 80' lang='lat' dir='ltr'>scapha</span> <span class='ocrx_word' id='word_1_143' title='bbox 1015 1046 1102 1070; x_wconf 79' lang='lat' dir='ltr'>mare</span> <span class='ocrx_word' id='word_1_144' title='bbox 1123 1045 1211 1079; x_wconf 80' lang='lat' dir='ltr'>paca-</span> 
     </span>
     <span class='ocr_line' id='line_1_20' title="bbox 249 1085 1211 1129; baseline 0.001 -11"><span class='ocrx_word' id='word_1_145' title='bbox 249 1085 407 1119; x_wconf 84' lang='lat' dir='ltr'>tiffimum</span> <span class='ocrx_word' id='word_1_146' title='bbox 429 1087 541 1121; x_wconf 54' lang='lat' dir='ltr'>foret,</span> <span class='ocrx_word' id='word_1_147' title='bbox 579 1086 705 1119; x_wconf 83' lang='lat' dir='ltr'>Testari</span> <span class='ocrx_word' id='word_1_148' title='bbox 725 1086 799 1118; x_wconf 88' lang='lat' dir='ltr'>sunt</span> <span class='ocrx_word' id='word_1_149' title='bbox 821 1085 863 1118; x_wconf 85' lang='lat' dir='ltr'>fic</span> <span class='ocrx_word' id='word_1_150' title='bbox 880 1085 1026 1124; x_wconf 80' lang='lat' dir='ltr'>Fratres,</span> <span class='ocrx_word' id='word_1_151' title='bbox 1060 1085 1116 1129; x_wconf 87' lang='lat' dir='ltr'>qui</span> <span class='ocrx_word' id='word_1_152' title='bbox 1137 1097 1211 1119; x_wconf 89' lang='lat' dir='ltr'>cum</span> 
     </span>
     <span class='ocr_line' id='line_1_21' title="bbox 252 1133 1211 1178; baseline 0.002 -12"><span class='ocrx_word' id='word_1_153' title='bbox 252 1133 526 1170; x_wconf 75' lang='lat' dir='ltr'>Archi-Praesule</span> <span class='ocrx_word' id='word_1_154' title='bbox 548 1134 582 1166; x_wconf 80' lang='lat' dir='ltr'>in</span> <span class='ocrx_word' id='word_1_155' title='bbox 611 1133 726 1176; x_wconf 83' lang='lat' dir='ltr'>scapha</span> <span class='ocrx_word' id='word_1_156' title='bbox 740 1157 751 1173; x_wconf 86' lang='lat'>,</span> <span class='ocrx_word' id='word_1_157' title='bbox 776 1134 878 1168; x_wconf 83' lang='lat' dir='ltr'>&amp;alii</span> <span class='ocrx_word' id='word_1_158' title='bbox 898 1147 939 1168; x_wconf 82' lang='lat' dir='ltr'>ex</span> <span class='ocrx_word' id='word_1_159' title='bbox 963 1146 1050 1178; x_wconf 87' lang='lat' dir='ltr'>parte</span> <span class='ocrx_word' id='word_1_160' title='bbox 1072 1137 1211 1176; x_wconf 87' lang='lat' dir='ltr'>adversa,</span> 
     </span>
     <span class='ocr_line' id='line_1_22' title="bbox 250 1183 1210 1228; baseline 0.002 -11.002"><span class='ocrx_word' id='word_1_161' title='bbox 250 1184 310 1228; x_wconf 83' lang='lat' dir='ltr'>qui</span> <span class='ocrx_word' id='word_1_162' title='bbox 330 1187 364 1217; x_wconf 89' lang='lat' dir='ltr'>in</span> <span class='ocrx_word' id='word_1_163' title='bbox 387 1183 524 1217; x_wconf 86' lang='lat' dir='ltr'>navibus</span> <span class='ocrx_word' id='word_1_164' title='bbox 545 1184 753 1216; x_wconf 77' lang='lat' dir='ltr'>transierunt.</span> <span class='ocrx_word' id='word_1_165' title='bbox 781 1184 828 1218; x_wconf 90' lang='lat' dir='ltr'>Ea</span> <span class='ocrx_word' id='word_1_166' title='bbox 849 1185 984 1228; x_wconf 69' lang='lat' dir='ltr'>quoque</span> <span class='ocrx_word' id='word_1_167' title='bbox 1005 1185 1078 1226; x_wconf 91' lang='lat' dir='ltr'>die,</span> <span class='ocrx_word' id='word_1_168' title='bbox 1105 1186 1210 1227; x_wconf 85' lang='lat' dir='ltr'>qua&amp;</span> 
     </span>
     <span class='ocr_line' id='line_1_23' title="bbox 252 1231 1210 1274; baseline 0 -6"><span class='ocrx_word' id='word_1_169' title='bbox 252 1233 377 1268; x_wconf 79' lang='lat' dir='ltr'>Archi·</span> <span class='ocrx_word' id='word_1_170' title='bbox 389 1231 526 1274; x_wconf 82' lang='lat' dir='ltr'>Praesul,</span> <span class='ocrx_word' id='word_1_171' title='bbox 552 1232 591 1267; x_wconf 79' lang='lat' dir='ltr'>ad</span> <span class='ocrx_word' id='word_1_172' title='bbox 616 1233 764 1266; x_wconf 84' lang='lat' dir='ltr'>Castrum</span> <span class='ocrx_word' id='word_1_173' title='bbox 785 1234 890 1268; x_wconf 71' lang='lat' dir='ltr'>Sansti</span> <span class='ocrx_word' id='word_1_174' title='bbox 915 1235 1098 1269; x_wconf 88' lang='lat' dir='ltr'>Audomari</span> <span class='ocrx_word' id='word_1_175' title='bbox 1119 1246 1210 1268; x_wconf 81' lang='lat' dir='ltr'>vene</span> 
     </span>
     <span class='ocr_line' id='line_1_24' title="bbox 250 1281 1210 1328; baseline 0.001 -10"><span class='ocrx_word' id='word_1_176' title='bbox 250 1293 346 1318; x_wconf 85' lang='lat' dir='ltr'>runt.</span> <span class='ocrx_word' id='word_1_177' title='bbox 374 1283 415 1316; x_wconf 85' lang='lat' dir='ltr'>Et</span> <span class='ocrx_word' id='word_1_178' title='bbox 436 1283 513 1326; x_wconf 87' lang='lat' dir='ltr'>quia</span> <span class='ocrx_word' id='word_1_179' title='bbox 534 1281 659 1317; x_wconf 88' lang='lat' dir='ltr'>celebre</span> <span class='ocrx_word' id='word_1_180' title='bbox 679 1294 746 1318; x_wconf 88' lang='lat' dir='ltr'>erat</span> <span class='ocrx_word' id='word_1_181' title='bbox 767 1283 800 1317; x_wconf 89' lang='lat' dir='ltr'>in</span> <span class='ocrx_word' id='word_1_182' title='bbox 821 1294 923 1323; x_wconf 88' lang='lat' dir='ltr'>terra,</span> <span class='ocrx_word' id='word_1_183' title='bbox 958 1285 1049 1328; x_wconf 90' lang='lat' dir='ltr'>quod</span> <span class='ocrx_word' id='word_1_184' title='bbox 1071 1284 1210 1319; x_wconf 84' lang='lat' dir='ltr'>Cantua-</span> 
     </span>
     <span class='ocr_line' id='line_1_25' title="bbox 251 1332 1211 1376; baseline 0 -7"><span class='ocrx_word' id='word_1_185' title='bbox 251 1333 361 1369; x_wconf 79' lang='lat' dir='ltr'>rienlis</span> <span class='ocrx_word' id='word_1_186' title='bbox 394 1332 517 1368; x_wconf 86' lang='lat' dir='ltr'>Archi·</span> <span class='ocrx_word' id='word_1_187' title='bbox 532 1333 708 1376; x_wconf 81' lang='lat' dir='ltr'>Episcopus</span> <span class='ocrx_word' id='word_1_188' title='bbox 727 1334 769 1368; x_wconf 83' lang='lat' dir='ltr'>ad</span> <span class='ocrx_word' id='word_1_189' title='bbox 791 1334 1031 1369; x_wconf 84' lang='lat' dir='ltr'>Monasterium</span> <span class='ocrx_word' id='word_1_190' title='bbox 1061 1335 1142 1369; x_wconf 90' lang='lat' dir='ltr'>illud</span> <span class='ocrx_word' id='word_1_191' title='bbox 1170 1334 1211 1369; x_wconf 91' lang='lat' dir='ltr'>de</span> 
     </span>
     <span class='ocr_line' id='line_1_26' title="bbox 247 1381 1210 1428; baseline 0.001 -11"><span class='ocrx_word' id='word_1_192' title='bbox 247 1384 467 1423; x_wconf 77' lang='lat' dir='ltr'>clemarreis,</span> <span class='ocrx_word' id='word_1_193' title='bbox 492 1381 531 1417; x_wconf 93' lang='lat' dir='ltr'>ad</span> <span class='ocrx_word' id='word_1_194' title='bbox 553 1384 641 1426; x_wconf 88' lang='lat' dir='ltr'>quod</span> <span class='ocrx_word' id='word_1_195' title='bbox 663 1383 730 1426; x_wconf 79' lang='lat' dir='ltr'>jam</span> <span class='ocrx_word' id='word_1_196' title='bbox 747 1384 869 1424; x_wconf 83' lang='lat' dir='ltr'>venit,</span> <span class='ocrx_word' id='word_1_197' title='bbox 894 1385 1068 1419; x_wconf 83' lang='lat' dir='ltr'>adventare</span> <span class='ocrx_word' id='word_1_198' title='bbox 1090 1396 1210 1428; x_wconf 87' lang='lat' dir='ltr'>propo-</span> 
     </span>
    </p>

    <p class='ocr_par' dir='ltr' id='par_1_6' title="bbox 239 1431 1215 2076">
     <span class='ocr_line' id='line_1_27' title="bbox 248 1431 1209 1477; baseline 0.001 -9"><span class='ocrx_word' id='word_1_199' title='bbox 248 1435 370 1475; x_wconf 82' lang='lat' dir='ltr'>suerat,</span> <span class='ocrx_word' id='word_1_200' title='bbox 396 1431 506 1467; x_wconf 87' lang='lat' dir='ltr'>eadem</span> <span class='ocrx_word' id='word_1_201' title='bbox 530 1433 623 1467; x_wconf 71' lang='lat' dir='ltr'>noete</span> <span class='ocrx_word' id='word_1_202' title='bbox 643 1433 713 1476; x_wconf 88' lang='lat' dir='ltr'>post</span> <span class='ocrx_word' id='word_1_203' title='bbox 726 1434 876 1477; x_wconf 77' lang='lat' dir='ltr'>synaxim</span> <span class='ocrx_word' id='word_1_204' title='bbox 898 1435 1084 1469; x_wconf 61' lang='lat' dir='ltr'>nostum-&#39;tm</span> <span class='ocrx_word' id='word_1_205' title='bbox 1097 1435 1209 1469; x_wconf 85' lang='lat' dir='ltr'>decan-</span> 
     </span>
     <span class='ocr_line' id='line_1_28' title="bbox 248 1482 1211 1529; baseline -0.001 -11"><span class='ocrx_word' id='word_1_206' title='bbox 248 1493 349 1518; x_wconf 81' lang='lat' dir='ltr'>tatam</span> <span class='ocrx_word' id='word_1_207' title='bbox 369 1482 503 1517; x_wconf 89' lang='lat' dir='ltr'>intravit</span> <span class='ocrx_word' id='word_1_208' title='bbox 525 1483 689 1526; x_wconf 86' lang='lat' dir='ltr'>quoddam</span> <span class='ocrx_word' id='word_1_209' title='bbox 712 1508 723 1524; x_wconf 94' lang='lat'>‚</span> <span class='ocrx_word' id='word_1_210' title='bbox 760 1483 910 1529; x_wconf 85' lang='lat' dir='ltr'>stagnum</span> <span class='ocrx_word' id='word_1_211' title='bbox 932 1483 1076 1529; x_wconf 78' lang='lat' dir='ltr'>grande,</span> <span class='ocrx_word' id='word_1_212' title='bbox 1116 1485 1211 1528; x_wconf 86' lang='lat' dir='ltr'>super</span> 
     </span>
     <span class='ocr_line' id='line_1_29' title="bbox 248 1532 1209 1578; baseline 0.001 -12"><span class='ocrx_word' id='word_1_213' title='bbox 248 1533 339 1576; x_wconf 87' lang='lat' dir='ltr'>quod</span> <span class='ocrx_word' id='word_1_214' title='bbox 363 1532 600 1567; x_wconf 79' lang='lat' dir='ltr'>Monasterium</span> <span class='ocrx_word' id='word_1_215' title='bbox 621 1533 703 1568; x_wconf 87' lang='lat' dir='ltr'>illud</span> <span class='ocrx_word' id='word_1_216' title='bbox 724 1533 836 1575; x_wconf 86' lang='lat' dir='ltr'>litum,</span> <span class='ocrx_word' id='word_1_217' title='bbox 861 1535 895 1569; x_wconf 74' lang='grc' dir='ltr'>ἀ</span> <span class='ocrx_word' id='word_1_218' title='bbox 916 1535 951 1569; x_wconf 87' lang='lat' dir='ltr'>in</span> <span class='ocrx_word' id='word_1_219' title='bbox 974 1533 1089 1578; x_wconf 86' lang='lat' dir='ltr'>scapha</span> <span class='ocrx_word' id='word_1_220' title='bbox 1120 1536 1209 1568; x_wconf 88' lang='lat' dir='ltr'>venit</span> 
     </span>
     <span class='ocr_line' id='line_1_30' title="bbox 246 1582 1211 1628; baseline -0.001 -10"><span class='ocrx_word' id='word_1_221' title='bbox 246 1584 288 1618; x_wconf 75' lang='lat' dir='ltr'>ad</span> <span class='ocrx_word' id='word_1_222' title='bbox 308 1583 417 1615; x_wconf 86' lang='lat' dir='ltr'>locum</span> <span class='ocrx_word' id='word_1_223' title='bbox 437 1582 613 1624; x_wconf 89' lang='lat' dir='ltr'>quemdam</span> <span class='ocrx_word' id='word_1_224' title='bbox 632 1582 805 1624; x_wconf 85' lang='lat' dir='ltr'>abditum,</span> <span class='ocrx_word' id='word_1_225' title='bbox 830 1585 921 1628; x_wconf 85' lang='lat' dir='ltr'>aquis</span> <span class='ocrx_word' id='word_1_226' title='bbox 932 1585 1079 1627; x_wconf 87' lang='lat' dir='ltr'>septum,</span> <span class='ocrx_word' id='word_1_227' title='bbox 1103 1584 1211 1624; x_wconf 82' lang='lat' dir='ltr'>quiab</span> 
     </span>
     <span class='ocr_line' id='line_1_31' title="bbox 249 1631 1212 1676; baseline 0.001 -10"><span class='ocrx_word' id='word_1_228' title='bbox 249 1633 366 1670; x_wconf 72' lang='lat' dir='ltr'>incolis</span> <span class='ocrx_word' id='word_1_229' title='bbox 386 1632 506 1664; x_wconf 87' lang='lat' dir='ltr'>dicitur</span> <span class='ocrx_word' id='word_1_230' title='bbox 527 1631 781 1673; x_wconf 79' lang='lat' dir='ltr'>Aldemunster.‚</span> <span class='ocrx_word' id='word_1_231' title='bbox 808 1633 976 1676; x_wconf 85' lang='lat' dir='ltr'>quondam</span> <span class='ocrx_word' id='word_1_232' title='bbox 1001 1634 1120 1668; x_wconf 86' lang='lat' dir='ltr'>scilicet</span> <span class='ocrx_word' id='word_1_233' title='bbox 1133 1633 1212 1667; x_wconf 87' lang='lat' dir='ltr'>Ere-</span> 
     </span>
     <span class='ocr_line' id='line_1_32' title="bbox 247 1679 1211 1725; baseline -0.003 -8"><span class='ocrx_word' id='word_1_234' title='bbox 247 1683 415 1718; x_wconf 83' lang='lat' dir='ltr'>mitorium</span> <span class='ocrx_word' id='word_1_235' title='bbox 447 1679 579 1725; x_wconf 86' lang='lat' dir='ltr'>gloriofi</span> <span class='ocrx_word' id='word_1_236' title='bbox 613 1680 815 1714; x_wconf 67' lang='lat' dir='ltr'>conferreris</span> <span class='ocrx_word' id='word_1_237' title='bbox 846 1682 994 1715; x_wconf 89' lang='lat' dir='ltr'>Bertini.</span> <span class='ocrx_word' id='word_1_238' title='bbox 1032 1682 1211 1715; x_wconf 86' lang='lat' dir='ltr'>Verebatur</span> 
     </span>
     <span class='ocr_line' id='line_1_33' title="bbox 249 1729 1211 1776; baseline -0.003 -10"><span class='ocrx_word' id='word_1_239' title='bbox 249 1733 398 1776; x_wconf 85' lang='lat' dir='ltr'>quippe,</span> <span class='ocrx_word' id='word_1_240' title='bbox 434 1731 456 1764; x_wconf 83' lang='lat' dir='ltr'>fi</span> <span class='ocrx_word' id='word_1_241' title='bbox 493 1729 528 1763; x_wconf 88' lang='lat' dir='ltr'>in</span> <span class='ocrx_word' id='word_1_242' title='bbox 549 1730 754 1764; x_wconf 81' lang='lat' dir='ltr'>Monasterio</span> <span class='ocrx_word' id='word_1_243' title='bbox 774 1730 834 1763; x_wconf 89' lang='lat' dir='ltr'>illo</span> <span class='ocrx_word' id='word_1_244' title='bbox 855 1730 957 1774; x_wconf 74' lang='lat' dir='ltr'>usque</span> <span class='ocrx_word' id='word_1_245' title='bbox 983 1730 1017 1762; x_wconf 88' lang='lat' dir='ltr'>in</span> <span class='ocrx_word' id='word_1_246' title='bbox 1037 1729 1211 1763; x_wconf 82' lang='lat' dir='ltr'>crastinum</span> 
     </span>
     <span class='ocr_line' id='line_1_34' title="bbox 250 1827 1213 1876; baseline -0.005 -9"><span class='ocrx_word' id='word_1_247' title='bbox 250 1843 308 1869; x_wconf 83' lang='lat' dir='ltr'>aut</span> <span class='ocrx_word' id='word_1_248' title='bbox 335 1832 435 1875; x_wconf 85' lang='lat' dir='ltr'>Regis</span> <span class='ocrx_word' id='word_1_249' title='bbox 457 1828 600 1864; x_wconf 86' lang='lat' dir='ltr'>Nunciis</span> <span class='ocrx_word' id='word_1_250' title='bbox 616 1830 768 1864; x_wconf 84' lang='lat' dir='ltr'>revelari.-</span> <span class='ocrx_word' id='word_1_251' title='bbox 795 1830 865 1876; x_wconf 84' lang='lat' dir='ltr'>Qi</span> <span class='ocrx_word' id='word_1_252' title='bbox 879 1828 963 1864; x_wconf 75' lang='lat' dir='ltr'>forte</span> <span class='ocrx_word' id='word_1_253' title='bbox 976 1827 1016 1863; x_wconf 84' lang='lat' dir='ltr'>ad</span> <span class='ocrx_word' id='word_1_254' title='bbox 1038 1828 1213 1863; x_wconf 89' lang='lat' dir='ltr'>videndum</span> 
     </span>
     <span class='ocr_line' id='line_1_35' title="bbox 239 1879 1211 1922; baseline -0.006 -4"><span class='ocrx_word' id='word_1_255' title='bbox 239 1883 325 1918; x_wconf 80' lang='lat' dir='ltr'>&#39;eum</span> <span class='ocrx_word' id='word_1_256' title='bbox 348 1882 564 1920; x_wconf 83' lang='lat' dir='ltr'>diverterent,</span> <span class='ocrx_word' id='word_1_257' title='bbox 589 1880 624 1914; x_wconf 73' lang='grc' dir='ltr'>ὃ(</span> <span class='ocrx_word' id='word_1_258' title='bbox 640 1880 786 1914; x_wconf 84' lang='lat' dir='ltr'>videntes</span> <span class='ocrx_word' id='word_1_259' title='bbox 806 1891 882 1914; x_wconf 86' lang='lat' dir='ltr'>eum</span> <span class='ocrx_word' id='word_1_260' title='bbox 905 1880 967 1920; x_wconf 79' lang='lat' dir='ltr'>fic,</span> <span class='ocrx_word' id='word_1_261' title='bbox 995 1879 1086 1913; x_wconf 77' lang='lat' dir='ltr'>fieret</span> <span class='ocrx_word' id='word_1_262' title='bbox 1098 1884 1211 1922; x_wconf 76' lang='lat' dir='ltr'>oppro-</span> 
     </span>
     <span class='ocr_line' id='line_1_36' title="bbox 250 1928 1215 1974; baseline -0.005 -7"><span class='ocrx_word' id='word_1_263' title='bbox 250 1933 356 1969; x_wconf 84' lang='lat' dir='ltr'>brium</span> <span class='ocrx_word' id='word_1_264' title='bbox 378 1929 632 1968; x_wconf 76' lang='lat' dir='ltr'>abundantibus,</span> <span class='ocrx_word' id='word_1_265' title='bbox 657 1928 1034 1974; x_wconf 71' lang='lat' dir='ltr'>&amp;despestiofflperbis,</span> <span class='ocrx_word' id='word_1_266' title='bbox 1060 1929 1094 1963; x_wconf 68' lang='grc' dir='ltr'>ὅ(</span> <span class='ocrx_word' id='word_1_267' title='bbox 1117 1929 1215 1963; x_wconf 80' lang='lat' dir='ltr'>insul-</span> 
     </span>
     <span class='ocr_line' id='line_1_37' title="bbox 251 1977 1214 2024; baseline -0.006 -7"><span class='ocrx_word' id='word_1_268' title='bbox 251 1992 358 2017; x_wconf 78' lang='lat' dir='ltr'>tarent</span> <span class='ocrx_word' id='word_1_269' title='bbox 379 1981 421 2015; x_wconf 89' lang='lat' dir='ltr'>de</span> <span class='ocrx_word' id='word_1_270' title='bbox 432 1980 531 2018; x_wconf 67' lang='lat' dir='ltr'>‚facili</span> <span class='ocrx_word' id='word_1_271' title='bbox 547 2005 558 2021; x_wconf 93' lang='lat'>,</span> <span class='ocrx_word' id='word_1_272' title='bbox 586 1979 675 2024; x_wconf 90' lang='lat' dir='ltr'>quod</span> <span class='ocrx_word' id='word_1_273' title='bbox 696 1978 784 2014; x_wconf 72' lang='lat' dir='ltr'>fatue</span> <span class='ocrx_word' id='word_1_274' title='bbox 803 1979 838 2013; x_wconf 74' lang='grc' dir='ltr'>δε</span> <span class='ocrx_word' id='word_1_275' title='bbox 859 1978 1044 2015; x_wconf 70' lang='lat' dir='ltr'>inconsulte</span> <span class='ocrx_word' id='word_1_276' title='bbox 1063 1977 1105 2012; x_wconf 89' lang='lat' dir='ltr'>de</span> <span class='ocrx_word' id='word_1_277' title='bbox 1123 1989 1214 2012; x_wconf 89' lang='lat' dir='ltr'>tanta</span> 
     </span>
     <span class='ocr_line' id='line_1_38' title="bbox 247 2026 1214 2076; baseline -0.005 -10"><span class='ocrx_word' id='word_1_278' title='bbox 247 2031 416 2076; x_wconf 82' lang='lat' dir='ltr'>quondam</span> <span class='ocrx_word' id='word_1_279' title='bbox 437 2029 541 2073; x_wconf 87' lang='lat' dir='ltr'>gloria</span> <span class='ocrx_word' id='word_1_280' title='bbox 563 2029 604 2062; x_wconf 89' lang='lat' dir='ltr'>ad</span> <span class='ocrx_word' id='word_1_281' title='bbox 626 2038 753 2063; x_wconf 87' lang='lat' dir='ltr'>tantam</span> <span class='ocrx_word' id='word_1_282' title='bbox 774 2040 865 2064; x_wconf 88' lang='lat' dir='ltr'>nunc</span> <span class='ocrx_word' id='word_1_283' title='bbox 891 2029 1049 2063; x_wconf 83' lang='lat' dir='ltr'>miseriam</span> <span class='ocrx_word' id='word_1_284' title='bbox 1073 2026 1214 2062; x_wconf 80' lang='lat' dir='ltr'>devenis-</span> 
     </span>
    </p>
   </div>
   <div class='ocr_carea' id='block_1_5' title="bbox 249 2076 1215 2263">
    <p class='ocr_par' dir='ltr' id='par_1_7' title="bbox 249 2076 1215 2263">
     <span class='ocr_line' id='line_1_39' title="bbox 253 2076 1215 2122; baseline -0.003 -6"><span class='ocrx_word' id='word_1_285' title='bbox 253 2084 300 2116; x_wconf 84' lang='lat' dir='ltr'>set</span> <span class='ocrx_word' id='word_1_286' title='bbox 326 2107 333 2112; x_wconf 96' lang='lat'>.</span> <span class='ocrx_word' id='word_1_287' title='bbox 361 2079 467 2115; x_wconf 85' lang='lat' dir='ltr'>Unde</span> <span class='ocrx_word' id='word_1_288' title='bbox 483 2077 596 2111; x_wconf 87' lang='lat' dir='ltr'>eadem</span> <span class='ocrx_word' id='word_1_289' title='bbox 619 2079 712 2111; x_wconf 70' lang='lat' dir='ltr'>noste</span> <span class='ocrx_word' id='word_1_290' title='bbox 734 2080 765 2111; x_wconf 91' lang='lat' dir='ltr'>se</span> <span class='ocrx_word' id='word_1_291' title='bbox 786 2078 945 2121; x_wconf 64' lang='lat' dir='ltr'>subtraxit</span> <span class='ocrx_word' id='word_1_292' title='bbox 968 2104 980 2121; x_wconf 84' lang='lat'>‚</span> <span class='ocrx_word' id='word_1_293' title='bbox 1017 2079 1052 2116; x_wconf 73' lang='grc' dir='ltr'>δι</span> <span class='ocrx_word' id='word_1_294' title='bbox 1070 2076 1104 2112; x_wconf 88' lang='lat' dir='ltr'>in</span> <span class='ocrx_word' id='word_1_295' title='bbox 1127 2076 1215 2122; x_wconf 68' lang='lat' dir='ltr'>disto</span> 
     </span>
     <span class='ocr_line' id='line_1_40' title="bbox 249 2124 1154 2171; baseline -0.011 -5"><span class='ocrx_word' id='word_1_296' title='bbox 249 2129 451 2169; x_wconf 71' lang='lat' dir='ltr'>Eremitorio</span> <span class='ocrx_word' id='word_1_297' title='bbox 472 2138 526 2171; x_wconf 83' lang='lat' dir='ltr'>per</span> <span class='ocrx_word' id='word_1_298' title='bbox 546 2136 607 2160; x_wconf 86' lang='lat' dir='ltr'>tres</span> <span class='ocrx_word' id='word_1_299' title='bbox 630 2124 698 2160; x_wconf 86' lang='lat' dir='ltr'>dies</span> <span class='ocrx_word' id='word_1_300' title='bbox 719 2126 835 2162; x_wconf 79' lang='lat' dir='ltr'>latuit.</span> <span class='ocrx_word' id='word_1_301' title='bbox 1150 2147 1154 2156; x_wconf 75' lang='grc'>,</span> 
     </span>
     <span class='ocr_line' id='line_1_41' title="bbox 457 2224 1002 2263; baseline -0.006 -3"><span class='ocrx_word' id='word_1_302' title='bbox 457 2225 490 2260; x_wconf 93' lang='lat' dir='ltr'>C</span> <span class='ocrx_word' id='word_1_303' title='bbox 538 2225 570 2260; x_wconf 83' lang='lat' dir='ltr'>A</span> <span class='ocrx_word' id='word_1_304' title='bbox 621 2225 650 2259; x_wconf 79' lang='lat' dir='ltr'>P</span> <span class='ocrx_word' id='word_1_305' title='bbox 702 2225 743 2263; x_wconf 91' lang='lat' dir='ltr'>U</span> <span class='ocrx_word' id='word_1_306' title='bbox 791 2226 831 2260; x_wconf 89' lang='lat' dir='ltr'>T</span> <span class='ocrx_word' id='word_1_307' title='bbox 933 2224 1002 2258; x_wconf 85' lang='lat' dir='ltr'>VI.</span> 
     </span>
    </p>
   </div>
   <div class='ocr_carea' id='block_1_6' title="bbox 248 2320 1208 2388">
    <p class='ocr_par' dir='ltr' id='par_1_8' title="bbox 248 2320 1208 2388">
     <span class='ocr_line' id='line_1_42' title="bbox 248 2320 1208 2388; baseline -0.005 -26"><span class='ocrx_word' id='word_1_308' title='bbox 248 2353 250 2355; x_wconf 50' lang='lat'>&gt;</span> <span class='ocrx_word' id='word_1_309' title='bbox 301 2325 349 2364; x_wconf 79' lang='lat' dir='ltr'>De</span> <span class='ocrx_word' id='word_1_310' title='bbox 359 2326 497 2360; x_wconf 76' lang='lat' dir='ltr'>adventu</span> <span class='ocrx_word' id='word_1_311' title='bbox 508 2324 598 2359; x_wconf 73' lang='lat' dir='ltr'>Archi</span> <span class='ocrx_word' id='word_1_312' title='bbox 607 2341 617 2350; x_wconf 91' lang='lat'><strong>·</strong></span> <span class='ocrx_word' id='word_1_313' title='bbox 629 2320 766 2366; x_wconf 76' lang='lat' dir='ltr'>Episcopi</span> <span class='ocrx_word' id='word_1_314' title='bbox 779 2323 823 2356; x_wconf 85' lang='lat' dir='ltr'>ad</span> <span class='ocrx_word' id='word_1_315' title='bbox 843 2321 984 2358; x_wconf 60' lang='lat' dir='ltr'>samum</span> <span class='ocrx_word' id='word_1_316' title='bbox 995 2325 1164 2359; x_wconf 61' lang='lat' dir='ltr'>Beronum.</span> <span class='ocrx_word' id='word_1_317' title='bbox 1197 2363 1208 2388; x_wconf 53' lang='lat'>³³</span> 
     </span>
    </p>
   </div>
   <div class='ocr_carea' id='block_1_7' title="bbox 554 2421 900 2458">
    <p class='ocr_par' dir='ltr' id='par_1_9' title="bbox 554 2421 900 2458">
     <span class='ocr_line' id='line_1_43' title="bbox 554 2421 900 2458; baseline 0 0"><span class='ocrx_word' id='word_1_318' title='bbox 554 2421 900 2458; x_wconf 81' lang='lat' dir='ltr'>ALANUS.</span> 
     </span>
    </p>
   </div>
   <div class='ocr_carea' id='block_1_8' title="bbox 248 2522 1223 3418">
    <p class='ocr_par' dir='ltr' id='par_1_10' title="bbox 358 2522 1211 2568">
     <span class='ocr_line' id='line_1_44' title="bbox 358 2522 1211 2568; baseline -0.002 -8"><span class='ocrx_word' id='word_1_319' title='bbox 358 2526 405 2560; x_wconf 86' lang='lat' dir='ltr'>lE</span> <span class='ocrx_word' id='word_1_320' title='bbox 431 2534 539 2560; x_wconf 88' lang='lat' dir='ltr'>autern</span> <span class='ocrx_word' id='word_1_321' title='bbox 561 2534 677 2567; x_wconf 89' lang='lat' dir='ltr'>quarto</span> <span class='ocrx_word' id='word_1_322' title='bbox 697 2523 737 2559; x_wconf 81' lang='lat' dir='ltr'>ad</span> <span class='ocrx_word' id='word_1_323' title='bbox 751 2523 943 2568; x_wconf 82' lang='lat' dir='ltr'>petitionem</span> <span class='ocrx_word' id='word_1_324' title='bbox 957 2522 1079 2559; x_wconf 64' lang='lat' dir='ltr'>Sanetae</span> <span class='ocrx_word' id='word_1_325' title='bbox 1091 2534 1211 2558; x_wconf 87' lang='lat' dir='ltr'>memo·</span> 
     </span>
    </p>

    <p class='ocr_par' dir='ltr' id='par_1_11' title="bbox 248 2573 1223 3418">
     <span class='ocr_line' id='line_1_45' title="bbox 372 2573 1214 2616; baseline -0.004 -6"><span class='ocrx_word' id='word_1_326' title='bbox 372 2576 426 2610; x_wconf 88' lang='lat' dir='ltr'>riae</span> <span class='ocrx_word' id='word_1_327' title='bbox 447 2573 632 2608; x_wconf 88' lang='lat' dir='ltr'>Hodestalli</span> <span class='ocrx_word' id='word_1_328' title='bbox 655 2583 734 2608; x_wconf 89' lang='lat' dir='ltr'>tunc</span> <span class='ocrx_word' id='word_1_329' title='bbox 765 2573 904 2609; x_wconf 82' lang='lat' dir='ltr'>Abbatis</span> <span class='ocrx_word' id='word_1_330' title='bbox 922 2599 933 2616; x_wconf 89' lang='lat'>,</span> <span class='ocrx_word' id='word_1_331' title='bbox 959 2574 993 2608; x_wconf 74' lang='grc' dir='ltr'>ἀ</span> <span class='ocrx_word' id='word_1_332' title='bbox 1024 2574 1214 2609; x_wconf 85' lang='lat' dir='ltr'>Conventus</span> 
     </span>
     <span class='ocr_line' id='line_1_46' title="bbox 253 2622 1214 2668; baseline -0.004 -7"><span class='ocrx_word' id='word_1_333' title='bbox 253 2628 342 2664; x_wconf 88' lang='lat' dir='ltr'>loci,</span> <span class='ocrx_word' id='word_1_334' title='bbox 368 2624 409 2658; x_wconf 89' lang='lat' dir='ltr'>ad</span> <span class='ocrx_word' id='word_1_335' title='bbox 433 2623 607 2658; x_wconf 84' lang='lat' dir='ltr'>Abbatiam</span> <span class='ocrx_word' id='word_1_336' title='bbox 629 2624 733 2658; x_wconf 62' lang='lat' dir='ltr'>Sancti</span> <span class='ocrx_word' id='word_1_337' title='bbox 754 2622 878 2660; x_wconf 73' lang='lat' dir='ltr'>Bettini</span> <span class='ocrx_word' id='word_1_338' title='bbox 913 2624 1122 2668; x_wconf 82' lang='lat' dir='ltr'>navigando,</span> <span class='ocrx_word' id='word_1_339' title='bbox 1148 2634 1214 2658; x_wconf 92' lang='lat' dir='ltr'>erat</span> 
     </span>
     <span class='ocr_line' id='line_1_47' title="bbox 254 2673 1214 2717; baseline -0.004 -6"><span class='ocrx_word' id='word_1_340' title='bbox 254 2677 344 2712; x_wconf 88' lang='lat' dir='ltr'>enirn</span> <span class='ocrx_word' id='word_1_341' title='bbox 364 2674 410 2708; x_wconf 88' lang='lat' dir='ltr'>eis</span> <span class='ocrx_word' id='word_1_342' title='bbox 432 2674 489 2707; x_wconf 88' lang='lat' dir='ltr'>iter</span> <span class='ocrx_word' id='word_1_343' title='bbox 502 2684 556 2716; x_wconf 85' lang='lat' dir='ltr'>per</span> <span class='ocrx_word' id='word_1_344' title='bbox 567 2683 705 2715; x_wconf 89' lang='lat' dir='ltr'>aquam,</span> <span class='ocrx_word' id='word_1_345' title='bbox 731 2673 839 2707; x_wconf 87' lang='lat' dir='ltr'>venire</span> <span class='ocrx_word' id='word_1_346' title='bbox 857 2673 1064 2717; x_wconf 85' lang='lat' dir='ltr'>properabat.</span> <span class='ocrx_word' id='word_1_347' title='bbox 1090 2674 1128 2707; x_wconf 89' lang='lat' dir='ltr'>ln</span> <span class='ocrx_word' id='word_1_348' title='bbox 1137 2685 1214 2707; x_wconf 83' lang='lat' dir='ltr'>eun—</span> 
     </span>
     <span class='ocr_line' id='line_1_48' title="bbox 256 2722 1214 2766; baseline -0.001 -9"><span class='ocrx_word' id='word_1_349' title='bbox 256 2727 302 2761; x_wconf 86' lang='lat' dir='ltr'>do</span> <span class='ocrx_word' id='word_1_350' title='bbox 322 2723 399 2759; x_wconf 74' lang='lat' dir='ltr'>vero</span> <span class='ocrx_word' id='word_1_351' title='bbox 417 2724 462 2757; x_wconf 84' lang='lat' dir='ltr'>ait</span> <span class='ocrx_word' id='word_1_352' title='bbox 483 2722 636 2766; x_wconf 88' lang='lat' dir='ltr'>quidam:</span> <span class='ocrx_word' id='word_1_353' title='bbox 665 2725 789 2753; x_wconf 80' lang='lat' dir='ltr'>Domine</span> <span class='ocrx_word' id='word_1_354' title='bbox 800 2722 956 2766; x_wconf 79' lang='lat' dir='ltr'>fatigatus</span> <span class='ocrx_word' id='word_1_355' title='bbox 980 2735 1012 2757; x_wconf 75' lang='lat' dir='ltr'>os</span> <span class='ocrx_word' id='word_1_356' title='bbox 1035 2735 1075 2757; x_wconf 79' lang='lat' dir='ltr'>ex</span> <span class='ocrx_word' id='word_1_357' title='bbox 1097 2729 1214 2762; x_wconf 69' lang='lat' dir='ltr'>itinere,</span> 
     </span>
     <span class='ocr_line' id='line_1_49' title="bbox 256 2771 1214 2816; baseline -0.004 -7"><span class='ocrx_word' id='word_1_358' title='bbox 256 2779 292 2811; x_wconf 68' lang='lat' dir='ltr'>ev·</span> <span class='ocrx_word' id='word_1_359' title='bbox 312 2776 543 2816; x_wconf 49' lang='lat' dir='ltr'>venturi-(umus</span> <span class='ocrx_word' id='word_1_360' title='bbox 565 2771 651 2804; x_wconf 84' lang='lat' dir='ltr'>bodie</span> <span class='ocrx_word' id='word_1_361' title='bbox 675 2773 719 2804; x_wconf 85' lang='lat' dir='ltr'>ad</span> <span class='ocrx_word' id='word_1_362' title='bbox 737 2775 856 2805; x_wconf 75' lang='lat' dir='ltr'>eximiae</span> <span class='ocrx_word' id='word_1_363' title='bbox 881 2771 1075 2806; x_wconf 74' lang='lat' dir='ltr'>bumannum</span> <span class='ocrx_word' id='word_1_364' title='bbox 1096 2777 1179 2806; x_wconf 74' lang='lat' dir='ltr'>Viros</span> <span class='ocrx_word' id='word_1_365' title='bbox 1204 2797 1214 2813; x_wconf 94' lang='lat'>,</span> 
     </span>
     <span class='ocr_line' id='line_1_50' title="bbox 257 2821 1215 2869; baseline -0.003 -10"><span class='ocrx_word' id='word_1_366' title='bbox 257 2831 310 2869; x_wconf 78' lang='lat' dir='ltr'>qul</span> <span class='ocrx_word' id='word_1_367' title='bbox 325 2826 488 2866; x_wconf 75' lang='lat' dir='ltr'>plurimum</span> <span class='ocrx_word' id='word_1_368' title='bbox 498 2821 744 2866; x_wconf 79' lang='lat' dir='ltr'>congratulantur</span> <span class='ocrx_word' id='word_1_369' title='bbox 757 2821 813 2854; x_wconf 76' lang='lat' dir='ltr'>tibi</span> <span class='ocrx_word' id='word_1_370' title='bbox 835 2827 867 2854; x_wconf 75' lang='lat' dir='ltr'>in</span> <span class='ocrx_word' id='word_1_371' title='bbox 889 2825 1033 2863; x_wconf 83' lang='lat' dir='ltr'>Domino,</span> <span class='ocrx_word' id='word_1_372' title='bbox 1058 2824 1137 2864; x_wconf 85' lang='lat' dir='ltr'>quod</span> <span class='ocrx_word' id='word_1_373' title='bbox 1144 2824 1215 2856; x_wconf 72' lang='lat' dir='ltr'>tllae-</span> 
     </span>
     <span class='ocr_line' id='line_1_51' title="bbox 257 2871 1214 2919; baseline -0.003 -10"><span class='ocrx_word' id='word_1_374' title='bbox 257 2875 308 2919; x_wconf 72' lang='lat' dir='ltr'>sus</span> <span class='ocrx_word' id='word_1_375' title='bbox 335 2872 464 2914; x_wconf 75' lang='lat' dir='ltr'>evafissi.</span> <span class='ocrx_word' id='word_1_376' title='bbox 491 2876 555 2904; x_wconf 80' lang='lat' dir='ltr'>Fac</span> <span class='ocrx_word' id='word_1_377' title='bbox 578 2876 670 2913; x_wconf 84' lang='lat' dir='ltr'>igitur</span> <span class='ocrx_word' id='word_1_378' title='bbox 691 2871 868 2904; x_wconf 76' lang='lat' dir='ltr'>charitatem</span> <span class='ocrx_word' id='word_1_379' title='bbox 886 2878 949 2912; x_wconf 79' lang='lat' dir='ltr'>eis,</span> <span class='ocrx_word' id='word_1_380' title='bbox 974 2882 1008 2905; x_wconf 88' lang='lat' dir='ltr'>ut</span> <span class='ocrx_word' id='word_1_381' title='bbox 1029 2881 1085 2914; x_wconf 83' lang='lat' dir='ltr'>pro</span> <span class='ocrx_word' id='word_1_382' title='bbox 1102 2873 1214 2906; x_wconf 80' lang='lat' dir='ltr'>adven-</span> 
     </span>
     <span class='ocr_line' id='line_1_52' title="bbox 258 2920 1215 2966; baseline -0.005 -7"><span class='ocrx_word' id='word_1_383' title='bbox 258 2935 293 2959; x_wconf 75' lang='lat' dir='ltr'>tu</span> <span class='ocrx_word' id='word_1_384' title='bbox 314 2934 362 2957; x_wconf 83' lang='lat' dir='ltr'>tuo</span> <span class='ocrx_word' id='word_1_385' title='bbox 380 2923 534 2956; x_wconf 81' lang='lat' dir='ltr'>comedant</span> <span class='ocrx_word' id='word_1_386' title='bbox 555 2920 641 2954; x_wconf 80' lang='lat' dir='ltr'>hodie</span> <span class='ocrx_word' id='word_1_387' title='bbox 658 2926 785 2964; x_wconf 64' lang='lat' dir='ltr'>pingunt</span> <span class='ocrx_word' id='word_1_388' title='bbox 798 2944 805 2951; x_wconf 87' lang='lat'>.</span> <span class='ocrx_word' id='word_1_389' title='bbox 834 2920 1149 2966; x_wconf 86' lang='lat' dir='ltr'>Archi-Episcopus</span> <span class='ocrx_word' id='word_1_390' title='bbox 1169 2923 1215 2955; x_wconf 88' lang='lat' dir='ltr'>in-</span> 
     </span>
     <span class='ocr_line' id='line_1_53' title="bbox 259 2971 1217 3019; baseline -0.004 -11"><span class='ocrx_word' id='word_1_391' title='bbox 259 2974 352 3019; x_wconf 84' lang='lat' dir='ltr'>quit:</span> <span class='ocrx_word' id='word_1_392' title='bbox 381 2975 504 3016; x_wconf 75' lang='lat' dir='ltr'>‚Quarta</span> <span class='ocrx_word' id='word_1_393' title='bbox 519 2971 603 3015; x_wconf 78' lang='lat' dir='ltr'>feria</span> <span class='ocrx_word' id='word_1_394' title='bbox 622 2971 680 3011; x_wconf 78' lang='lat' dir='ltr'>est,</span> <span class='ocrx_word' id='word_1_395' title='bbox 708 2972 742 3005; x_wconf 63' lang='grc' dir='ltr'>Θ·</span> <span class='ocrx_word' id='word_1_396' title='bbox 764 2978 872 3011; x_wconf 80' lang='lat' dir='ltr'>oportet</span> <span class='ocrx_word' id='word_1_397' title='bbox 889 2983 941 3004; x_wconf 86' lang='lat' dir='ltr'>nos</span> <span class='ocrx_word' id='word_1_398' title='bbox 961 2971 1045 3004; x_wconf 67' lang='lat' dir='ltr'>hodie</span> <span class='ocrx_word' id='word_1_399' title='bbox 1063 2974 1083 3004; x_wconf 79' lang='grc' dir='ltr'><em>ἃ</em></span> <span class='ocrx_word' id='word_1_400' title='bbox 1107 2972 1217 3005; x_wconf 77' lang='lat' dir='ltr'>talibus</span> 
     </span>
     <span class='ocr_line' id='line_1_54' title="bbox 258 3019 1220 3068; baseline -0.001 -12"><span class='ocrx_word' id='word_1_401' title='bbox 258 3026 359 3068; x_wconf 80' lang='lat' dir='ltr'>ceffare</span> <span class='ocrx_word' id='word_1_402' title='bbox 369 3048 376 3055; x_wconf 93' lang='lat'>.</span> <span class='ocrx_word' id='word_1_403' title='bbox 406 3022 450 3055; x_wconf 89' lang='lat' dir='ltr'>Et</span> <span class='ocrx_word' id='word_1_404' title='bbox 461 3022 542 3055; x_wconf 88' lang='lat' dir='ltr'>alter</span> <span class='ocrx_word' id='word_1_405' title='bbox 553 3019 724 3054; x_wconf 87' lang='lat' dir='ltr'>subintulit</span> <span class='ocrx_word' id='word_1_406' title='bbox 738 3032 745 3052; x_wconf 91' lang='lat'>:</span> <span class='ocrx_word' id='word_1_407' title='bbox 771 3023 894 3053; x_wconf 78' lang='lat' dir='ltr'>Domine</span> <span class='ocrx_word' id='word_1_408' title='bbox 906 3020 1049 3062; x_wconf 82' lang='lat' dir='ltr'>‚forfitan</span> <span class='ocrx_word' id='word_1_409' title='bbox 1062 3033 1117 3054; x_wconf 88' lang='lat' dir='ltr'>non</span> <span class='ocrx_word' id='word_1_410' title='bbox 1130 3021 1220 3055; x_wconf 73' lang='lat' dir='ltr'>abun-</span> 
     </span>
     <span class='ocr_line' id='line_1_55' title="bbox 260 3070 1218 3114; baseline -0.004 -6"><span class='ocrx_word' id='word_1_411' title='bbox 260 3076 336 3108; x_wconf 81' lang='lat' dir='ltr'>dant</span> <span class='ocrx_word' id='word_1_412' title='bbox 354 3070 483 3114; x_wconf 80' lang='lat' dir='ltr'>piscibus</span> <span class='ocrx_word' id='word_1_413' title='bbox 495 3095 506 3111; x_wconf 93' lang='lat'>‚</span> <span class='ocrx_word' id='word_1_414' title='bbox 534 3072 568 3105; x_wconf 52' lang='grc' dir='ltr'>(Ὗ</span> <span class='ocrx_word' id='word_1_415' title='bbox 587 3070 732 3112; x_wconf 74' lang='lat' dir='ltr'>oportebit</span> <span class='ocrx_word' id='word_1_416' title='bbox 757 3081 809 3102; x_wconf 84' lang='lat' dir='ltr'>nos</span> <span class='ocrx_word' id='word_1_417' title='bbox 830 3076 873 3103; x_wconf 72' lang='lat' dir='ltr'>ets</span> <span class='ocrx_word' id='word_1_418' title='bbox 893 3070 1132 3113; x_wconf 78' lang='lat' dir='ltr'>condescendere.</span> <span class='ocrx_word' id='word_1_419' title='bbox 1159 3071 1218 3105; x_wconf 80' lang='lat' dir='ltr'>Ar-</span> 
     </span>
     <span class='ocr_line' id='line_1_56' title="bbox 258 3119 1221 3166; baseline -0.004 -8"><span class='ocrx_word' id='word_1_420' title='bbox 258 3123 527 3166; x_wconf 84' lang='lat' dir='ltr'>chi-Episcopus</span> <span class='ocrx_word' id='word_1_421' title='bbox 549 3121 676 3163; x_wconf 89' lang='lat' dir='ltr'>inquit.-</span> <span class='ocrx_word' id='word_1_422' title='bbox 701 3123 828 3153; x_wconf 73' lang='lat' dir='ltr'>Domine</span> <span class='ocrx_word' id='word_1_423' title='bbox 848 3119 910 3159; x_wconf 76' lang='lat' dir='ltr'>est,</span> <span class='ocrx_word' id='word_1_424' title='bbox 935 3122 971 3153; x_wconf 71' lang='lat' dir='ltr'>td</span> <span class='ocrx_word' id='word_1_425' title='bbox 993 3122 1137 3160; x_wconf 64' lang='lat' dir='ltr'>provide.</span> <span class='ocrx_word' id='word_1_426' title='bbox 1163 3121 1221 3154; x_wconf 86' lang='lat' dir='ltr'>ln-</span> 
     </span>
     <span class='ocr_line' id='line_1_57' title="bbox 260 3167 1221 3218; baseline -0.006 -10"><span class='ocrx_word' id='word_1_427' title='bbox 260 3185 308 3208; x_wconf 89' lang='lat' dir='ltr'>ter</span> <span class='ocrx_word' id='word_1_428' title='bbox 327 3170 530 3218; x_wconf 83' lang='lat' dir='ltr'>loquendum</span> <span class='ocrx_word' id='word_1_429' title='bbox 552 3170 652 3214; x_wconf 87' lang='lat' dir='ltr'>igitur</span> <span class='ocrx_word' id='word_1_430' title='bbox 664 3167 704 3203; x_wconf 85' lang='lat' dir='ltr'>ad</span> <span class='ocrx_word' id='word_1_431' title='bbox 724 3178 843 3203; x_wconf 85' lang='lat' dir='ltr'>nutum</span> <span class='ocrx_word' id='word_1_432' title='bbox 857 3170 922 3204; x_wconf 85' lang='lat' dir='ltr'>Dei</span> <span class='ocrx_word' id='word_1_433' title='bbox 943 3169 1080 3204; x_wconf 82' lang='lat' dir='ltr'>exiliens</span> <span class='ocrx_word' id='word_1_434' title='bbox 1089 3171 1130 3204; x_wconf 91' lang='lat' dir='ltr'>de</span> <span class='ocrx_word' id='word_1_435' title='bbox 1140 3181 1221 3213; x_wconf 89' lang='lat' dir='ltr'>aqua</span> 
     </span>
     <span class='ocr_line' id='line_1_58' title="bbox 248 3219 1222 3268; baseline -0.002 -13"><span class='ocrx_word' id='word_1_436' title='bbox 248 3223 393 3268; x_wconf 62' lang='lat' dir='ltr'>&gt;grandir»</span> <span class='ocrx_word' id='word_1_437' title='bbox 411 3221 524 3265; x_wconf 83' lang='lat' dir='ltr'>piscis,</span> <span class='ocrx_word' id='word_1_438' title='bbox 548 3230 644 3263; x_wconf 86' lang='lat' dir='ltr'>quem</span> <span class='ocrx_word' id='word_1_439' title='bbox 675 3219 831 3254; x_wconf 88' lang='lat' dir='ltr'>brennam</span> <span class='ocrx_word' id='word_1_440' title='bbox 853 3230 972 3254; x_wconf 87' lang='lat' dir='ltr'>vocant</span> <span class='ocrx_word' id='word_1_441' title='bbox 998 3243 1009 3259; x_wconf 90' lang='lat'>,</span> <span class='ocrx_word' id='word_1_442' title='bbox 1037 3220 1171 3262; x_wconf 83' lang='lat' dir='ltr'>projecit</span> <span class='ocrx_word' id='word_1_443' title='bbox 1191 3221 1222 3253; x_wconf 91' lang='lat' dir='ltr'>se</span> 
     </span>
     <span class='ocr_line' id='line_1_59' title="bbox 263 3269 1222 3315; baseline -0.004 -9"><span class='ocrx_word' id='word_1_444' title='bbox 263 3283 339 3306; x_wconf 91' lang='lat' dir='ltr'>cum</span> <span class='ocrx_word' id='word_1_445' title='bbox 356 3272 480 3315; x_wconf 86' lang='lat' dir='ltr'>impetu</span> <span class='ocrx_word' id='word_1_446' title='bbox 501 3271 536 3304; x_wconf 89' lang='lat' dir='ltr'>in</span> <span class='ocrx_word' id='word_1_447' title='bbox 548 3269 708 3314; x_wconf 87' lang='lat' dir='ltr'>gremium</span> <span class='ocrx_word' id='word_1_448' title='bbox 730 3269 788 3303; x_wconf 86' lang='lat' dir='ltr'>viri</span> <span class='ocrx_word' id='word_1_449' title='bbox 800 3269 865 3303; x_wconf 87' lang='lat' dir='ltr'>Dei</span> <span class='ocrx_word' id='word_1_450' title='bbox 881 3294 887 3301; x_wconf 94' lang='lat'>.</span> <span class='ocrx_word' id='word_1_451' title='bbox 918 3269 958 3302; x_wconf 91' lang='lat' dir='ltr'>Et</span> <span class='ocrx_word' id='word_1_452' title='bbox 973 3270 1073 3303; x_wconf 62' lang='lat' dir='ltr'>faetus</span> <span class='ocrx_word' id='word_1_453' title='bbox 1083 3269 1128 3303; x_wconf 88' lang='lat' dir='ltr'>est</span> <span class='ocrx_word' id='word_1_454' title='bbox 1142 3279 1222 3303; x_wconf 86' lang='lat' dir='ltr'>tran·</span> 
     </span>
     <span class='ocr_line' id='line_1_60' title="bbox 262 3317 1223 3362; baseline -0.002 -7"><span class='ocrx_word' id='word_1_455' title='bbox 262 3323 339 3355; x_wconf 79' lang='lat' dir='ltr'>litus</span> <span class='ocrx_word' id='word_1_456' title='bbox 359 3321 414 3352; x_wconf 89' lang='lat' dir='ltr'>ille</span> <span class='ocrx_word' id='word_1_457' title='bbox 433 3319 593 3362; x_wconf 77' lang='lat' dir='ltr'>jucundus</span> <span class='ocrx_word' id='word_1_458' title='bbox 614 3320 648 3353; x_wconf 87' lang='lat' dir='ltr'>in</span> <span class='ocrx_word' id='word_1_459' title='bbox 665 3317 758 3352; x_wconf 83' lang='lat' dir='ltr'>laude</span> <span class='ocrx_word' id='word_1_460' title='bbox 780 3319 866 3352; x_wconf 88' lang='lat' dir='ltr'>Dei.</span> <span class='ocrx_word' id='word_1_461' title='bbox 904 3319 1030 3353; x_wconf 65' lang='lat' dir='ltr'>Ductus</span> <span class='ocrx_word' id='word_1_462' title='bbox 1052 3318 1162 3362; x_wconf 89' lang='lat' dir='ltr'>itaque</span> <span class='ocrx_word' id='word_1_463' title='bbox 1185 3320 1223 3353; x_wconf 89' lang='lat' dir='ltr'>ad</span> 
     </span>
     <span class='ocr_line' id='line_1_61' title="bbox 264 3368 1202 3418; baseline -0.004 -12"><span class='ocrx_word' id='word_1_464' title='bbox 264 3370 415 3410; x_wconf 66' lang='lat' dir='ltr'>Sanctum</span> <span class='ocrx_word' id='word_1_465' title='bbox 435 3369 604 3406; x_wconf 87' lang='lat' dir='ltr'>Bertinum</span> <span class='ocrx_word' id='word_1_466' title='bbox 616 3393 630 3411; x_wconf 82' lang='lat'>‚</span> <span class='ocrx_word' id='word_1_467' title='bbox 653 3370 688 3406; x_wconf 91' lang='lat'>&amp;</span> <span class='ocrx_word' id='word_1_468' title='bbox 707 3369 847 3406; x_wconf 88' lang='lat' dir='ltr'>comiter</span> <span class='ocrx_word' id='word_1_469' title='bbox 869 3369 944 3404; x_wconf 87' lang='lat' dir='ltr'>satis</span> <span class='ocrx_word' id='word_1_470' title='bbox 963 3379 1114 3418; x_wconf 77' lang='lat' dir='ltr'>exceptus</span> <span class='ocrx_word' id='word_1_471' title='bbox 1136 3368 1180 3404; x_wconf 85' lang='lat' dir='ltr'>est</span> <span class='ocrx_word' id='word_1_472' title='bbox 1193 3394 1202 3402; x_wconf 92' lang='lat'>.</span> 
     </span>
    </p>
   </div>
   <div class='ocr_carea' id='block_1_9' title="bbox 1270 99 1426 151">
    <p class='ocr_par' dir='ltr' id='par_1_12' title="bbox 1270 99 1426 151">
     <span class='ocr_line' id='line_1_62' title="bbox 1270 99 1426 151; baseline 0.013 -2"><span class='ocrx_word' id='word_1_473' title='bbox 1270 99 1426 151; x_wconf 83' lang='lat' dir='ltr'>TA</span> 
     </span>
    </p>
   </div>
   <div class='ocr_carea' id='block_1_10' title="bbox 1277 185 2238 674">
    <p class='ocr_par' dir='ltr' id='par_1_13' title="bbox 1501 185 2022 225">
     <span class='ocr_line' id='line_1_63' title="bbox 1501 185 2022 225; baseline 0.012 -6"><span class='ocrx_word' id='word_1_474' title='bbox 1501 189 1548 219; x_wconf 77' lang='lat' dir='ltr'>‘W</span> <span class='ocrx_word' id='word_1_475' title='bbox 1574 188 1588 221; x_wconf 87' lang='lat'>1</span> <span class='ocrx_word' id='word_1_476' title='bbox 1614 189 1642 223; x_wconf 91' lang='lat' dir='ltr'>L</span> <span class='ocrx_word' id='word_1_477' title='bbox 1670 189 1704 222; x_wconf 86' lang='lat' dir='ltr'>H</span> <span class='ocrx_word' id='word_1_478' title='bbox 1733 185 1760 220; x_wconf 84' lang='lat' dir='ltr'><strong>E</strong></span> <span class='ocrx_word' id='word_1_479' title='bbox 1786 188 1815 223; x_wconf 87' lang='lat' dir='ltr'>L</span> <span class='ocrx_word' id='word_1_480' title='bbox 1839 188 1882 222; x_wconf 88' lang='lat' dir='ltr'>M</span> <span class='ocrx_word' id='word_1_481' title='bbox 1908 189 1948 225; x_wconf 89' lang='lat' dir='ltr'>U</span> <span class='ocrx_word' id='word_1_482' title='bbox 1974 190 2022 224; x_wconf 88' lang='lat' dir='ltr'>S.&#39;</span> 
     </span>
    </p>

    <p class='ocr_par' dir='ltr' id='par_1_14' title="bbox 1277 237 2238 674">
     <span class='ocr_line' id='line_1_64' title="bbox 1328 237 2238 280; baseline 0.002 -8"><span class='ocrx_word' id='word_1_483' title='bbox 1328 238 1572 274; x_wconf 85' lang='lat' dir='ltr'>CONTIGlT</span> <span class='ocrx_word' id='word_1_484' title='bbox 1595 237 1709 272; x_wconf 89' lang='lat' dir='ltr'>eodem</span> <span class='ocrx_word' id='word_1_485' title='bbox 1724 248 1870 280; x_wconf 88' lang='lat' dir='ltr'>tempore</span> <span class='ocrx_word' id='word_1_486' title='bbox 1891 237 2092 274; x_wconf 70' lang='lat' dir='ltr'>Richardun&#39;a</span> <span class='ocrx_word' id='word_1_487' title='bbox 2128 238 2168 274; x_wconf 84' lang='lat' dir='ltr'>de</span> <span class='ocrx_word' id='word_1_488' title='bbox 2192 240 2238 273; x_wconf 82' lang='lat' dir='ltr'>lu·</span> 
     </span>
     <span class='ocr_line' id='line_1_65' title="bbox 1278 286 2236 334; baseline 0.003 -13"><span class='ocrx_word' id='word_1_489' title='bbox 1278 287 1326 334; x_wconf 51' lang='lat' dir='ltr'>tif,</span> <span class='ocrx_word' id='word_1_490' title='bbox 1351 289 1543 323; x_wconf 87' lang='lat' dir='ltr'>familiarem</span> <span class='ocrx_word' id='word_1_491' title='bbox 1561 289 1679 332; x_wconf 87' lang='lat' dir='ltr'>Regis,</span> <span class='ocrx_word' id='word_1_492' title='bbox 1705 286 1834 332; x_wconf 77' lang='lat' dir='ltr'>peregre</span> <span class='ocrx_word' id='word_1_493' title='bbox 1858 288 2069 330; x_wconf 86' lang='lat' dir='ltr'>redeuntem,</span> <span class='ocrx_word' id='word_1_494' title='bbox 2094 289 2135 323; x_wconf 85' lang='lat' dir='ltr'>ad</span> <span class='ocrx_word' id='word_1_495' title='bbox 2156 301 2236 324; x_wconf 86' lang='lat' dir='ltr'>eun-</span> 
     </span>
     <span class='ocr_line' id='line_1_66' title="bbox 1278 335 2236 384; baseline 0.004 -14"><span class='ocrx_word' id='word_1_496' title='bbox 1278 337 1350 372; x_wconf 72' lang='lat' dir='ltr'>de‘m</span> <span class='ocrx_word' id='word_1_497' title='bbox 1376 340 1485 373; x_wconf 87' lang='lat' dir='ltr'>locum</span> <span class='ocrx_word' id='word_1_498' title='bbox 1507 338 1659 373; x_wconf 84' lang='lat' dir='ltr'>devenire</span> <span class='ocrx_word' id='word_1_499' title='bbox 1686 362 1693 371; x_wconf 91' lang='lat'>.</span> <span class='ocrx_word' id='word_1_500' title='bbox 1728 338 1797 384; x_wconf 79' lang='lat' dir='ltr'>Qi</span> <span class='ocrx_word' id='word_1_501' title='bbox 1817 336 1932 372; x_wconf 78' lang='lat' dir='ltr'>audito</span> <span class='ocrx_word' id='word_1_502' title='bbox 1954 335 2236 374; x_wconf 80' lang='lat' dir='ltr'>Archi-Ptaesulis</span> 
     </span>
     <span class='ocr_line' id='line_1_67' title="bbox 1277 388 2238 432; baseline 0.003 -12"><span class='ocrx_word' id='word_1_503' title='bbox 1277 390 1397 431; x_wconf 75' lang='lat' dir='ltr'>egressu</span> <span class='ocrx_word' id='word_1_504' title='bbox 1417 390 1434 423; x_wconf 74' lang='grc' dir='ltr'><strong>ὲ</strong></span> <span class='ocrx_word' id='word_1_505' title='bbox 1449 389 1638 429; x_wconf 86' lang='lat' dir='ltr'>Britannia,</span> <span class='ocrx_word' id='word_1_506' title='bbox 1665 388 1792 422; x_wconf 83' lang='lat' dir='ltr'>acceffit</span> <span class='ocrx_word' id='word_1_507' title='bbox 1804 388 1844 422; x_wconf 90' lang='lat' dir='ltr'>ad</span> <span class='ocrx_word' id='word_1_508' title='bbox 1868 398 1943 421; x_wconf 87' lang='lat' dir='ltr'>eum</span> <span class='ocrx_word' id='word_1_509' title='bbox 1963 388 2192 432; x_wconf 82' lang='lat' dir='ltr'>,·promittens</span> <span class='ocrx_word' id='word_1_510' title='bbox 2202 390 2238 423; x_wconf 80' lang='lat' dir='ltr'>se</span> 
     </span>
     <span class='ocr_line' id='line_1_68' title="bbox 1279 433 2235 483; baseline 0.002 -13"><span class='ocrx_word' id='word_1_511' title='bbox 1279 438 1307 470; x_wconf 90' lang='lat' dir='ltr'>ei</span> <span class='ocrx_word' id='word_1_512' title='bbox 1327 439 1466 483; x_wconf 86' lang='lat' dir='ltr'>gratiam</span> <span class='ocrx_word' id='word_1_513' title='bbox 1491 439 1593 483; x_wconf 85' lang='lat' dir='ltr'>Regis</span> <span class='ocrx_word' id='word_1_514' title='bbox 1614 438 1838 478; x_wconf 87' lang='lat' dir='ltr'>redditurum,</span> <span class='ocrx_word' id='word_1_515' title='bbox 1862 433 2029 472; x_wconf 84' lang='lat' dir='ltr'>firediret.</span> <span class='ocrx_word' id='word_1_516' title='bbox 2056 437 2235 472; x_wconf 85' lang='lat' dir='ltr'>Praesulve-</span> 
     </span>
     <span class='ocr_line' id='line_1_69' title="bbox 1278 487 2236 531; baseline 0.002 -11"><span class='ocrx_word' id='word_1_517' title='bbox 1278 488 1315 520; x_wconf 72' lang='grc' dir='ltr'>τὸ</span> <span class='ocrx_word' id='word_1_518' title='bbox 1336 490 1366 521; x_wconf 88' lang='lat' dir='ltr'>se</span> <span class='ocrx_word' id='word_1_519' title='bbox 1385 501 1451 523; x_wconf 90' lang='lat' dir='ltr'>non</span> <span class='ocrx_word' id='word_1_520' title='bbox 1475 488 1625 524; x_wconf 87' lang='lat' dir='ltr'>credebat</span> <span class='ocrx_word' id='word_1_521' title='bbox 1644 489 1697 528; x_wconf 90' lang='lat' dir='ltr'>ei,</span> <span class='ocrx_word' id='word_1_522' title='bbox 1724 487 1843 522; x_wconf 83' lang='lat' dir='ltr'>timens</span> <span class='ocrx_word' id='word_1_523' title='bbox 1874 487 2005 530; x_wconf 86' lang='lat' dir='ltr'>laqueos</span> <span class='ocrx_word' id='word_1_524' title='bbox 2025 497 2109 531; x_wconf 85' lang='lat' dir='ltr'>quos</span> <span class='ocrx_word' id='word_1_525' title='bbox 2128 489 2236 522; x_wconf 82' lang='lat' dir='ltr'>evase-</span> 
     </span>
     <span class='ocr_line' id='line_1_70' title="bbox 1277 536 2237 582; baseline 0.001 -13"><span class='ocrx_word' id='word_1_526' title='bbox 1277 547 1349 570; x_wconf 86' lang='lat' dir='ltr'>rat.</span> <span class='ocrx_word' id='word_1_527' title='bbox 1372 538 1432 572; x_wconf 90' lang='lat' dir='ltr'>Ille</span> <span class='ocrx_word' id='word_1_528' title='bbox 1451 547 1555 582; x_wconf 87' lang='lat' dir='ltr'>ergo,</span> <span class='ocrx_word' id='word_1_529' title='bbox 1580 545 1677 582; x_wconf 80' lang='lat' dir='ltr'>q&#39;uem</span> <span class='ocrx_word' id='word_1_530' title='bbox 1697 538 1848 572; x_wconf 80' lang='lat' dir='ltr'>reducere</span> <span class='ocrx_word' id='word_1_531' title='bbox 1865 549 1934 572; x_wconf 83' lang='lat' dir='ltr'>non</span> <span class='ocrx_word' id='word_1_532' title='bbox 1952 537 2082 580; x_wconf 86' lang='lat' dir='ltr'>potuit,</span> <span class='ocrx_word' id='word_1_533' title='bbox 2107 536 2237 571; x_wconf 82' lang='lat' dir='ltr'>diffidu-</span> 
     </span>
     <span class='ocr_line' id='line_1_71' title="bbox 1277 586 2235 643; baseline 0.002 -23"><span class='ocrx_word' id='word_1_534' title='bbox 1277 589 1398 621; x_wconf 87' lang='lat' dir='ltr'>ciatum</span> <span class='ocrx_word' id='word_1_535' title='bbox 1419 589 1522 622; x_wconf 86' lang='lat' dir='ltr'>dimis</span> <span class='ocrx_word' id='word_1_536' title='bbox 1527 599 1540 623; x_wconf 91' lang='lat' dir='ltr'>t</span> <span class='ocrx_word' id='word_1_537' title='bbox 1565 612 1576 628; x_wconf 91' lang='lat'>,</span> <span class='ocrx_word' id='word_1_538' title='bbox 1602 588 1643 621; x_wconf 86' lang='lat'>&amp;</span> <span class='ocrx_word' id='word_1_539' title='bbox 1661 588 1805 622; x_wconf 88' lang='lat' dir='ltr'>debitam</span> <span class='ocrx_word' id='word_1_540' title='bbox 1835 587 1988 638; x_wconf 80' lang='lat' dir='ltr'>Domino</span> <span class='ocrx_word' id='word_1_541' title='bbox 2005 586 2157 643; x_wconf 64' lang='lat' dir='ltr'>Patrique</span> <span class='ocrx_word' id='word_1_542' title='bbox 2176 587 2235 622; x_wconf 89' lang='lat' dir='ltr'>suo</span> 
     </span>
     <span class='ocr_line' id='line_1_72' title="bbox 1277 635 1745 674; baseline 0.004 -4"><span class='ocrx_word' id='word_1_543' title='bbox 1277 638 1486 672; x_wconf 86' lang='lat' dir='ltr'>reverentiam</span> <span class='ocrx_word' id='word_1_544' title='bbox 1497 649 1564 674; x_wconf 89' lang='lat' dir='ltr'>non</span> <span class='ocrx_word' id='word_1_545' title='bbox 1575 635 1745 672; x_wconf 82' lang='lat' dir='ltr'>exhibuit.</span> 
     </span>
    </p>
   </div>
   <div class='ocr_carea' id='block_1_11' title="bbox 1473 735 2037 773">
    <p class='ocr_par' dir='ltr' id='par_1_15' title="bbox 1473 735 2037 773">
     <span class='ocr_line' id='line_1_73' title="bbox 1473 735 2037 773; baseline -0.005 0"><span class='ocrx_word' id='word_1_546' title='bbox 1473 735 1846 773; x_wconf 84' lang='lat' dir='ltr'>CAPUT</span> <span class='ocrx_word' id='word_1_547' title='bbox 1936 735 2037 772; x_wconf 73' lang='lat' dir='ltr'>VII.</span> 
     </span>
    </p>
   </div>
   <div class='ocr_carea' id='block_1_12' title="bbox 1327 835 2184 980">
    <p class='ocr_par' dir='ltr' id='par_1_16' title="bbox 1327 835 2184 980">
     <span class='ocr_line' id='line_1_74' title="bbox 1327 835 2184 881; baseline 0 -12"><span class='ocrx_word' id='word_1_548' title='bbox 1327 838 1479 881; x_wconf 75' lang='lat' dir='ltr'>,Quomodo</span> <span class='ocrx_word' id='word_1_549' title='bbox 1504 841 1616 870; x_wconf 74' lang='lat' dir='ltr'>Nuntii</span> <span class='ocrx_word' id='word_1_550' title='bbox 1640 840 1752 881; x_wconf 77' lang='lat' dir='ltr'>Regis,</span> <span class='ocrx_word' id='word_1_551' title='bbox 1778 839 1813 871; x_wconf 67' lang='lat'>(9⁵</span> <span class='ocrx_word' id='word_1_552' title='bbox 1833 835 1896 879; x_wconf 75' lang='lat' dir='ltr'>post</span> <span class='ocrx_word' id='word_1_553' title='bbox 1921 842 2035 871; x_wconf 70' lang='lat' dir='ltr'>Nuntii</span> <span class='ocrx_word' id='word_1_554' title='bbox 2072 837 2159 872; x_wconf 73' lang='lat' dir='ltr'>Archi</span> <span class='ocrx_word' id='word_1_555' title='bbox 2172 854 2184 864; x_wconf 92' lang='lat'>-</span> 
     </span>
     <span class='ocr_line' id='line_1_75' title="bbox 1427 886 2094 931; baseline 0.001 -10"><span class='ocrx_word' id='word_1_556' title='bbox 1427 890 1514 921; x_wconf 81' lang='lat' dir='ltr'>Prae—</span> <span class='ocrx_word' id='word_1_557' title='bbox 1497 886 1582 929; x_wconf 77' lang='lat' dir='ltr'>-sulis</span> <span class='ocrx_word' id='word_1_558' title='bbox 1609 889 1653 920; x_wconf 78' lang='lat' dir='ltr'>ad</span> <span class='ocrx_word' id='word_1_559' title='bbox 1672 891 1781 931; x_wconf 86' lang='lat' dir='ltr'>Regem</span> <span class='ocrx_word' id='word_1_560' title='bbox 1804 891 1986 921; x_wconf 79' lang='lat' dir='ltr'>Francorum</span> <span class='ocrx_word' id='word_1_561' title='bbox 2005 894 2094 922; x_wconf 77' lang='lat' dir='ltr'>vene-</span> 
     </span>
     <span class='ocr_line' id='line_1_76' title="bbox 1500 935 1991 980; baseline 0.002 -10"><span class='ocrx_word' id='word_1_562' title='bbox 1500 943 1564 970; x_wconf 66' lang='lat' dir='ltr'>rint</span> <span class='ocrx_word' id='word_1_563' title='bbox 1583 938 1617 972; x_wconf 65' lang='grc' dir='ltr'>Θ</span> <span class='ocrx_word' id='word_1_564' title='bbox 1637 939 1763 980; x_wconf 73' lang='lat' dir='ltr'>qualeter</span> <span class='ocrx_word' id='word_1_565' title='bbox 1778 935 1838 979; x_wconf 75' lang='lat' dir='ltr'>fint</span> <span class='ocrx_word' id='word_1_566' title='bbox 1856 942 1991 980; x_wconf 66' lang='lat' dir='ltr'>excepti.</span> 
     </span>
    </p>
   </div>
   <div class='ocr_carea' id='block_1_13' title="bbox 1371 1032 2240 1129">
    <p class='ocr_par' dir='ltr' id='par_1_17' title="bbox 1371 1032 2240 1129">
     <span class='ocr_line' id='line_1_77' title="bbox 1476 1032 2028 1072; baseline 0.004 -2"><span class='ocrx_word' id='word_1_567' title='bbox 1476 1037 1513 1070; x_wconf 92' lang='lat' dir='ltr'>H</span> <span class='ocrx_word' id='word_1_568' title='bbox 1540 1036 1568 1069; x_wconf 90' lang='lat' dir='ltr'><strong>E</strong></span> <span class='ocrx_word' id='word_1_569' title='bbox 1592 1036 1622 1070; x_wconf 85' lang='lat' dir='ltr'>R</span> <span class='ocrx_word' id='word_1_570' title='bbox 1650 1037 1665 1070; x_wconf 92' lang='lat' dir='ltr'>l</span> <span class='ocrx_word' id='word_1_571' title='bbox 1690 1036 1717 1069; x_wconf 89' lang='lat' dir='ltr'>B</span> <span class='ocrx_word' id='word_1_572' title='bbox 1746 1035 1774 1069; x_wconf 88' lang='lat' dir='ltr'>E</span> <span class='ocrx_word' id='word_1_573' title='bbox 1800 1032 1831 1070; x_wconf 85' lang='lat' dir='ltr'>R</span> <span class='ocrx_word' id='word_1_574' title='bbox 1856 1035 1895 1070; x_wconf 88' lang='lat' dir='ltr'>T</span> <span class='ocrx_word' id='word_1_575' title='bbox 1920 1036 1962 1072; x_wconf 93' lang='lat' dir='ltr'><strong>U</strong></span> <span class='ocrx_word' id='word_1_576' title='bbox 1987 1038 2028 1071; x_wconf 89' lang='lat' dir='ltr'>S</span> 
     </span>
     <span class='ocr_line' id='line_1_78' title="bbox 1371 1085 2240 1129; baseline 0.003 -10"><span class='ocrx_word' id='word_1_577' title='bbox 1371 1085 1694 1120; x_wconf 77' lang='lat' dir='ltr'>RCH1-Praesulem</span> <span class='ocrx_word' id='word_1_578' title='bbox 1714 1087 1824 1129; x_wconf 90' lang='lat' dir='ltr'>itaque</span> <span class='ocrx_word' id='word_1_579' title='bbox 1843 1085 1909 1129; x_wconf 83' lang='lat' dir='ltr'>jam</span> <span class='ocrx_word' id='word_1_580' title='bbox 1929 1086 2014 1121; x_wconf 68' lang='lat' dir='ltr'>dieto</span> <span class='ocrx_word' id='word_1_581' title='bbox 2033 1086 2153 1122; x_wconf 71' lang='lat' dir='ltr'>Sancti</span> <span class='ocrx_word' id='word_1_582' title='bbox 2161 1086 2240 1122; x_wconf 61' lang='lat' dir='ltr'>Ber*</span> 
     </span>
    </p>
   </div>
   <div class='ocr_carea' id='block_1_14' title="bbox 1396 1135 2319 1191">
    <p class='ocr_par' dir='ltr' id='par_1_18' title="bbox 1396 1135 2319 1191">
     <span class='ocr_line' id='line_1_79' title="bbox 1396 1135 2319 1191; baseline 0.003 -22"><span class='ocrx_word' id='word_1_583' title='bbox 1396 1137 1456 1169; x_wconf 87' lang='lat' dir='ltr'>tini</span> <span class='ocrx_word' id='word_1_584' title='bbox 1475 1136 1677 1169; x_wconf 80' lang='lat' dir='ltr'>Monasterio</span> <span class='ocrx_word' id='word_1_585' title='bbox 1699 1136 1920 1175; x_wconf 76' lang='lat' dir='ltr'>dimittentes,</span> <span class='ocrx_word' id='word_1_586' title='bbox 1944 1135 2034 1179; x_wconf 78' lang='lat' dir='ltr'>prius</span> <span class='ocrx_word' id='word_1_587' title='bbox 2053 1136 2185 1170; x_wconf 79' lang='lat' dir='ltr'>viam&amp;</span> <span class='ocrx_word' id='word_1_588' title='bbox 2206 1146 2250 1191; x_wconf 31' lang='grc'>0,</span> <span class='ocrx_word' id='word_1_589' title='bbox 2317 1165 2319 1172; x_wconf 37' lang='lat' dir='ltr'><strong><em>s</em></strong></span> 
     </span>
    </p>
   </div>
   <div class='ocr_carea' id='block_1_15' title="bbox 1277 1184 2247 1771">
    <p class='ocr_par' dir='ltr' id='par_1_19' title="bbox 1278 1184 2239 1271">
     <span class='ocr_line' id='line_1_80' title="bbox 1278 1184 2239 1243; baseline -0.002 -22"><span class='ocrx_word' id='word_1_590' title='bbox 1278 1189 1344 1221; x_wconf 74' lang='lat' dir='ltr'>stus</span> <span class='ocrx_word' id='word_1_591' title='bbox 1367 1186 1574 1220; x_wconf 86' lang='lat' dir='ltr'>Nunciorum</span> <span class='ocrx_word' id='word_1_592' title='bbox 1598 1186 1844 1243; x_wconf 77' lang='lat' dir='ltr'>prosequamur.</span> <span class='ocrx_word' id='word_1_593' title='bbox 1872 1186 1942 1233; x_wconf 84' lang='lat' dir='ltr'>Qi</span> <span class='ocrx_word' id='word_1_594' title='bbox 1964 1195 2044 1219; x_wconf 82' lang='lat' dir='ltr'>mox</span> <span class='ocrx_word' id='word_1_595' title='bbox 2069 1184 2123 1218; x_wconf 88' lang='lat' dir='ltr'>in</span> <span class='ocrx_word' id='word_1_596' title='bbox 2119 1184 2239 1219; x_wconf 77' lang='lat' dir='ltr'>crasti-</span> 
     </span>
     <span class='ocr_line' id='line_1_81' title="bbox 1279 1234 2239 1275; baseline -0.001 -5"><span class='ocrx_word' id='word_1_597' title='bbox 1279 1248 1324 1271; x_wconf 90' lang='lat' dir='ltr'>no</span> <span class='ocrx_word' id='word_1_598' title='bbox 1355 1238 1403 1270; x_wconf 91' lang='lat' dir='ltr'>sui</span> <span class='ocrx_word' id='word_1_599' title='bbox 1426 1236 1582 1270; x_wconf 87' lang='lat' dir='ltr'>adventus</span> <span class='ocrx_word' id='word_1_600' title='bbox 1602 1246 1629 1269; x_wconf 84' lang='lat' dir='ltr'>a</span> <span class='ocrx_word' id='word_1_601' title='bbox 1650 1236 1765 1269; x_wconf 67' lang='lat' dir='ltr'>sancto</span> <span class='ocrx_word' id='word_1_602' title='bbox 1799 1234 1990 1269; x_wconf 85' lang='lat' dir='ltr'>Audomaro</span> <span class='ocrx_word' id='word_1_603' title='bbox 2020 1235 2239 1275; x_wconf 67' lang='lat' dir='ltr'>recedentes,</span> 
     </span>
    </p>

    <p class='ocr_par' dir='ltr' id='par_1_20' title="bbox 1277 1284 2247 1771">
     <span class='ocr_line' id='line_1_82' title="bbox 1278 1284 2238 1330; baseline 0 -11"><span class='ocrx_word' id='word_1_604' title='bbox 1278 1288 1374 1321; x_wconf 87' lang='lat' dir='ltr'>tertio</span> <span class='ocrx_word' id='word_1_605' title='bbox 1394 1296 1550 1329; x_wconf 85' lang='lat' dir='ltr'>quartove</span> <span class='ocrx_word' id='word_1_606' title='bbox 1560 1286 1613 1319; x_wconf 82' lang='lat' dir='ltr'>die</span> <span class='ocrx_word' id='word_1_607' title='bbox 1635 1297 1688 1330; x_wconf 86' lang='lat' dir='ltr'>per</span> <span class='ocrx_word' id='word_1_608' title='bbox 1709 1287 1764 1327; x_wconf 83' lang='lat' dir='ltr'>piae</span> <span class='ocrx_word' id='word_1_609' title='bbox 1775 1285 2007 1319; x_wconf 87' lang='lat' dir='ltr'>recordationis</span> <span class='ocrx_word' id='word_1_610' title='bbox 2029 1284 2238 1319; x_wconf 81' lang='lat' dir='ltr'>Ludovicum</span> 
     </span>
     <span class='ocr_line' id='line_1_83' title="bbox 1279 1332 2240 1381; baseline -0.001 -11"><span class='ocrx_word' id='word_1_611' title='bbox 1279 1337 1405 1381; x_wconf 80' lang='lat' dir='ltr'>Regem</span> <span class='ocrx_word' id='word_1_612' title='bbox 1425 1336 1623 1370; x_wconf 89' lang='lat' dir='ltr'>Francorum</span> <span class='ocrx_word' id='word_1_613' title='bbox 1645 1334 1813 1369; x_wconf 79' lang='lat' dir='ltr'>transitum</span> <span class='ocrx_word' id='word_1_614' title='bbox 1846 1336 2007 1375; x_wconf 84' lang='lat' dir='ltr'>fecerunt,</span> <span class='ocrx_word' id='word_1_615' title='bbox 2030 1332 2135 1378; x_wconf 70' lang='lat' dir='ltr'>&#39;quem</span> <span class='ocrx_word' id='word_1_616' title='bbox 2154 1334 2240 1378; x_wconf 79' lang='lat' dir='ltr'>apud</span> 
     </span>
     <span class='ocr_line' id='line_1_84' title="bbox 1279 1385 2238 1430; baseline -0.001 -11"><span class='ocrx_word' id='word_1_617' title='bbox 1279 1387 1428 1420; x_wconf 81' lang='lat' dir='ltr'>Castrum</span> <span class='ocrx_word' id='word_1_618' title='bbox 1441 1385 1582 1430; x_wconf 90' lang='lat' dir='ltr'>Regium</span> <span class='ocrx_word' id='word_1_619' title='bbox 1596 1409 1607 1424; x_wconf 93' lang='lat'>‚</span> <span class='ocrx_word' id='word_1_620' title='bbox 1632 1387 1720 1427; x_wconf 90' lang='lat' dir='ltr'>quod</span> <span class='ocrx_word' id='word_1_621' title='bbox 1745 1385 1988 1427; x_wconf 86' lang='lat' dir='ltr'>Compendium</span> <span class='ocrx_word' id='word_1_622' title='bbox 2009 1386 2200 1418; x_wconf 80' lang='lat' dir='ltr'>nominatur</span> <span class='ocrx_word' id='word_1_623' title='bbox 2225 1407 2238 1424; x_wconf 90' lang='lat'>,</span> 
     </span>
     <span class='ocr_line' id='line_1_85' title="bbox 1277 1433 2245 1480; baseline 0 -10"><span class='ocrx_word' id='word_1_624' title='bbox 1277 1435 1437 1479; x_wconf 83' lang='lat' dir='ltr'>reperiunt</span> <span class='ocrx_word' id='word_1_625' title='bbox 1451 1458 1459 1467; x_wconf 80' lang='grc'><em>,</em></span> <span class='ocrx_word' id='word_1_626' title='bbox 1487 1437 1529 1469; x_wconf 86' lang='lat' dir='ltr'>Et</span> <span class='ocrx_word' id='word_1_627' title='bbox 1544 1435 1682 1470; x_wconf 86' lang='lat' dir='ltr'>salutato</span> <span class='ocrx_word' id='word_1_628' title='bbox 1695 1436 1810 1480; x_wconf 86' lang='lat' dir='ltr'>Rege,</span> <span class='ocrx_word' id='word_1_629' title='bbox 1835 1436 1955 1472; x_wconf 76' lang='lat' dir='ltr'>litteras</span> <span class='ocrx_word' id='word_1_630' title='bbox 1974 1434 2023 1468; x_wconf 85' lang='lat' dir='ltr'>illi</span> <span class='ocrx_word' id='word_1_631' title='bbox 2045 1434 2086 1468; x_wconf 88' lang='lat' dir='ltr'>de</span> <span class='ocrx_word' id='word_1_632' title='bbox 2105 1433 2245 1470; x_wconf 79' lang='lat' dir='ltr'>nomine</span> 
     </span>
     <span class='ocr_line' id='line_1_86' title="bbox 1279 1482 2246 1531; baseline -0.003 -11"><span class='ocrx_word' id='word_1_633' title='bbox 1279 1486 1380 1531; x_wconf 89' lang='lat' dir='ltr'>Regis</span> <span class='ocrx_word' id='word_1_634' title='bbox 1403 1485 1590 1529; x_wconf 80' lang='lat' dir='ltr'>Anglorum</span> <span class='ocrx_word' id='word_1_635' title='bbox 1614 1495 1839 1528; x_wconf 80' lang='lat' dir='ltr'>porrexerunt.</span> <span class='ocrx_word' id='word_1_636' title='bbox 1866 1485 2015 1530; x_wconf 81' lang='lat' dir='ltr'>Quarum</span> <span class='ocrx_word' id='word_1_637' title='bbox 2027 1483 2129 1518; x_wconf 88' lang='lat' dir='ltr'>forma</span> <span class='ocrx_word' id='word_1_638' title='bbox 2143 1482 2246 1526; x_wconf 48' lang='lat' dir='ltr'>veis?</span> 
     </span>
     <span class='ocr_line' id='line_1_87' title="bbox 1279 1532 2242 1579; baseline -0.001 -10"><span class='ocrx_word' id='word_1_639' title='bbox 1279 1537 1365 1569; x_wconf 85' lang='lat' dir='ltr'>milis</span> <span class='ocrx_word' id='word_1_640' title='bbox 1382 1544 1473 1575; x_wconf 76' lang='lat' dir='ltr'>erat,</span> <span class='ocrx_word' id='word_1_641' title='bbox 1497 1546 1577 1579; x_wconf 86' lang='lat' dir='ltr'>quas</span> <span class='ocrx_word' id='word_1_642' title='bbox 1602 1535 1691 1579; x_wconf 73' lang='lat' dir='ltr'>supra</span> <span class='ocrx_word' id='word_1_643' title='bbox 1721 1536 1862 1569; x_wconf 86' lang='lat' dir='ltr'>diximus</span> <span class='ocrx_word' id='word_1_644' title='bbox 1895 1534 2022 1568; x_wconf 90' lang='lat' dir='ltr'>Comiti</span> <span class='ocrx_word' id='word_1_645' title='bbox 2052 1532 2242 1573; x_wconf 76' lang='lat' dir='ltr'>Flandrenss</span> 
     </span>
     <span class='ocr_line' id='line_1_88' title="bbox 1279 1583 2244 1628; baseline 0 -10"><span class='ocrx_word' id='word_1_646' title='bbox 1279 1586 1428 1625; x_wconf 70' lang='lat' dir='ltr'>directas,</span> <span class='ocrx_word' id='word_1_647' title='bbox 1460 1585 1608 1618; x_wconf 86' lang='lat' dir='ltr'>videlicet</span> <span class='ocrx_word' id='word_1_648' title='bbox 1628 1585 1716 1626; x_wconf 90' lang='lat' dir='ltr'>quod</span> <span class='ocrx_word' id='word_1_649' title='bbox 1736 1584 1889 1618; x_wconf 88' lang='lat' dir='ltr'>Thomas</span> <span class='ocrx_word' id='word_1_650' title='bbox 1906 1583 2074 1628; x_wconf 81' lang='lat' dir='ltr'>quondam</span> <span class='ocrx_word' id='word_1_651' title='bbox 2098 1583 2244 1618; x_wconf 61' lang='lat' dir='ltr'>Garama*</span> 
     </span>
     <span class='ocr_line' id='line_1_89' title="bbox 1280 1632 2247 1677; baseline 0 -9"><span class='ocrx_word' id='word_1_652' title='bbox 1280 1635 1385 1668; x_wconf 84' lang='lat' dir='ltr'>rienfis</span> <span class='ocrx_word' id='word_1_653' title='bbox 1405 1633 1528 1669; x_wconf 83' lang='lat' dir='ltr'>Archi·</span> <span class='ocrx_word' id='word_1_654' title='bbox 1541 1633 1718 1675; x_wconf 77' lang='lat' dir='ltr'>Episcopus</span> <span class='ocrx_word' id='word_1_655' title='bbox 1747 1635 1789 1666; x_wconf 89' lang='lat' dir='ltr'>de</span> <span class='ocrx_word' id='word_1_656' title='bbox 1810 1634 1931 1675; x_wconf 81' lang='lat' dir='ltr'>Regno</span> <span class='ocrx_word' id='word_1_657' title='bbox 1949 1633 2104 1675; x_wconf 51' lang='lat' dir='ltr'>tanquam</span> <span class='ocrx_word' id='word_1_658' title='bbox 2123 1632 2247 1677; x_wconf 62' lang='lat' dir='ltr'>&lt;prodi-</span> 
     </span>
     <span class='ocr_line' id='line_1_90' title="bbox 1280 1681 2246 1726; baseline -0.001 -10"><span class='ocrx_word' id='word_1_659' title='bbox 1280 1695 1331 1716; x_wconf 91' lang='lat' dir='ltr'>tor</span> <span class='ocrx_word' id='word_1_660' title='bbox 1354 1684 1489 1726; x_wconf 80' lang='lat' dir='ltr'>fugerit:</span> <span class='ocrx_word' id='word_1_661' title='bbox 1517 1681 1624 1716; x_wconf 91' lang='lat' dir='ltr'>Unde</span> <span class='ocrx_word' id='word_1_662' title='bbox 1646 1682 1679 1715; x_wconf 89' lang='lat'>&amp;</span> <span class='ocrx_word' id='word_1_663' title='bbox 1703 1693 1745 1714; x_wconf 86' lang='lat' dir='ltr'>ne</span> <span class='ocrx_word' id='word_1_664' title='bbox 1765 1681 1867 1723; x_wconf 85' lang='lat' dir='ltr'>ipsum</span> <span class='ocrx_word' id='word_1_665' title='bbox 1889 1681 1923 1715; x_wconf 85' lang='lat' dir='ltr'>in</span> <span class='ocrx_word' id='word_1_666' title='bbox 1944 1691 2026 1715; x_wconf 88' lang='lat' dir='ltr'>terra</span> <span class='ocrx_word' id='word_1_667' title='bbox 2049 1682 2246 1725; x_wconf 62' lang='lat' dir='ltr'>sumitur·</span> 
     </span>
     <span class='ocr_line' id='line_1_91' title="bbox 1279 1729 2244 1771; baseline 0.001 -7"><span class='ocrx_word' id='word_1_668' title='bbox 1279 1741 1347 1769; x_wconf 90' lang='lat' dir='ltr'>ret,</span> <span class='ocrx_word' id='word_1_669' title='bbox 1372 1731 1526 1771; x_wconf 70' lang='lat' dir='ltr'>tanquam</span> <span class='ocrx_word' id='word_1_670' title='bbox 1547 1729 1730 1761; x_wconf 87' lang='lat' dir='ltr'>Dominum</span> <span class='ocrx_word' id='word_1_671' title='bbox 1756 1729 1960 1770; x_wconf 84' lang='lat' dir='ltr'>precabatur.</span> <span class='ocrx_word' id='word_1_672' title='bbox 1990 1729 2118 1763; x_wconf 74' lang='lat' dir='ltr'>Verum</span> <span class='ocrx_word' id='word_1_673' title='bbox 2130 1741 2244 1765; x_wconf 65' lang='lat' dir='ltr'>nrt-«uo</span> 
     </span>
    </p>
   </div>
   <div class='ocr_carea' id='block_1_16' title="bbox 1204 1776 2245 1819">
    <p class='ocr_par' dir='ltr' id='par_1_21' title="bbox 1204 1776 2245 1819">
     <span class='ocr_line' id='line_1_92' title="bbox 1204 1776 2245 1819; baseline 0 -7"><span class='ocrx_word' id='word_1_674' title='bbox 1204 1804 1215 1819; x_wconf 88' lang='lat'>,</span> <span class='ocrx_word' id='word_1_675' title='bbox 1278 1778 1360 1812; x_wconf 87' lang='lat' dir='ltr'>divit</span> <span class='ocrx_word' id='word_1_676' title='bbox 1381 1791 1423 1812; x_wconf 79' lang='lat' dir='ltr'>ex</span> <span class='ocrx_word' id='word_1_677' title='bbox 1444 1778 1610 1811; x_wconf 84' lang='lat' dir='ltr'>literarum</span> <span class='ocrx_word' id='word_1_678' title='bbox 1630 1776 1730 1810; x_wconf 82' lang='lat' dir='ltr'>initio</span> <span class='ocrx_word' id='word_1_679' title='bbox 1753 1802 1763 1817; x_wconf 89' lang='lat'>,</span> <span class='ocrx_word' id='word_1_680' title='bbox 1800 1776 1929 1809; x_wconf 83' lang='lat' dir='ltr'>Thomas</span> <span class='ocrx_word' id='word_1_681' title='bbox 1961 1779 2245 1819; x_wconf 61' lang='lat' dir='ltr'>quondam-naeht-</span> 
     </span>
    </p>
   </div>
   <div class='ocr_carea' id='block_1_17' title="bbox 1280 1824 2250 2170">
    <p class='ocr_par' dir='ltr' id='par_1_22' title="bbox 1280 1824 2250 2170">
     <span class='ocr_line' id='line_1_93' title="bbox 1280 1824 2247 1872; baseline 0 -10"><span class='ocrx_word' id='word_1_682' title='bbox 1280 1827 1464 1872; x_wconf 70' lang='lat' dir='ltr'>Episcopus,</span> <span class='ocrx_word' id='word_1_683' title='bbox 1508 1827 1632 1871; x_wconf 87' lang='lat' dir='ltr'>Regem</span> <span class='ocrx_word' id='word_1_684' title='bbox 1665 1826 1744 1860; x_wconf 84' lang='lat' dir='ltr'>ficut</span> <span class='ocrx_word' id='word_1_685' title='bbox 1773 1826 1922 1861; x_wconf 69' lang='lat' dir='ltr'>Ecclesiae</span> <span class='ocrx_word' id='word_1_686' title='bbox 1943 1824 2052 1861; x_wconf 86' lang='lat' dir='ltr'>filium</span> <span class='ocrx_word' id='word_1_687' title='bbox 2082 1826 2247 1865; x_wconf 71' lang='lat' dir='ltr'>devotiffi,</span> 
     </span>
     <span class='ocr_line' id='line_1_94' title="bbox 1281 1875 2239 1920; baseline -0.001 -7"><span class='ocrx_word' id='word_1_688' title='bbox 1281 1890 1369 1913; x_wconf 90' lang='lat' dir='ltr'>mum</span> <span class='ocrx_word' id='word_1_689' title='bbox 1382 1878 1487 1912; x_wconf 80' lang='lat' dir='ltr'>statim</span> <span class='ocrx_word' id='word_1_690' title='bbox 1511 1875 1720 1920; x_wconf 85' lang='lat' dir='ltr'>apprehendit</span> <span class='ocrx_word' id='word_1_691' title='bbox 1739 1876 1922 1918; x_wconf 75' lang='lat' dir='ltr'>aemulatio,</span> <span class='ocrx_word' id='word_1_692' title='bbox 1949 1877 1984 1911; x_wconf 72' lang='grc' dir='ltr'>ὅ(</span> <span class='ocrx_word' id='word_1_693' title='bbox 2005 1876 2239 1919; x_wconf 73' lang='lat' dir='ltr'>plurimumex</span> 
     </span>
     <span class='ocr_line' id='line_1_95' title="bbox 1281 1925 2246 1971; baseline -0.001 -8"><span class='ocrx_word' id='word_1_694' title='bbox 1281 1928 1380 1963; x_wconf 87' lang='lat' dir='ltr'>verbo</span> <span class='ocrx_word' id='word_1_695' title='bbox 1404 1937 1511 1962; x_wconf 86' lang='lat' dir='ltr'>motus</span> <span class='ocrx_word' id='word_1_696' title='bbox 1522 1926 1586 1960; x_wconf 89' lang='lat' dir='ltr'>est.</span> <span class='ocrx_word' id='word_1_697' title='bbox 1614 1925 1760 1961; x_wconf 86' lang='lat' dir='ltr'>Verbum</span> <span class='ocrx_word' id='word_1_698' title='bbox 1782 1926 1903 1971; x_wconf 83' lang='lat' dir='ltr'>quippe</span> <span class='ocrx_word' id='word_1_699' title='bbox 1923 1927 2065 1960; x_wconf 90' lang='lat' dir='ltr'>insolens</span> <span class='ocrx_word' id='word_1_700' title='bbox 2086 1927 2246 1962; x_wconf 67' lang='lat' dir='ltr'>offensio-.-</span> 
     </span>
     <span class='ocr_line' id='line_1_96' title="bbox 1283 1974 2244 2022; baseline 0 -11"><span class='ocrx_word' id='word_1_701' title='bbox 1283 1990 1356 2012; x_wconf 91' lang='lat' dir='ltr'>nem</span> <span class='ocrx_word' id='word_1_702' title='bbox 1376 1987 1528 2022; x_wconf 90' lang='lat' dir='ltr'>generat,</span> <span class='ocrx_word' id='word_1_703' title='bbox 1555 1977 1590 2011; x_wconf 78' lang='grc' dir='ltr'>δι</span> <span class='ocrx_word' id='word_1_704' title='bbox 1610 1974 1698 2019; x_wconf 76' lang='lat' dir='ltr'>juxta</span> <span class='ocrx_word' id='word_1_705' title='bbox 1718 1976 1891 2018; x_wconf 72' lang='lat' dir='ltr'>Sapientis</span> <span class='ocrx_word' id='word_1_706' title='bbox 1910 1977 2054 2015; x_wconf 55' lang='lat' dir='ltr'>dictum,</span> <span class='ocrx_word' id='word_1_707' title='bbox 2091 1979 2165 2021; x_wconf 64' lang='lat' dir='ltr'>Qut·</span> <span class='ocrx_word' id='word_1_708' title='bbox 2178 1989 2244 2011; x_wconf 72' lang='lat' dir='ltr'>nw-</span> 
     </span>
     <span class='ocr_line' id='line_1_97' title="bbox 1283 2024 2247 2069; baseline 0 -9"><span class='ocrx_word' id='word_1_709' title='bbox 1283 2030 1429 2067; x_wconf 63' lang='lat' dir='ltr'>atr-ratur,</span> <span class='ocrx_word' id='word_1_710' title='bbox 1452 2037 1551 2060; x_wconf 82' lang='lat' dir='ltr'>omnes</span> <span class='ocrx_word' id='word_1_711' title='bbox 1570 2025 1660 2069; x_wconf 82' lang='lat' dir='ltr'>suos,</span> <span class='ocrx_word' id='word_1_712' title='bbox 1686 2027 1786 2059; x_wconf 54' lang='lat' dir='ltr'>donus</span> <span class='ocrx_word' id='word_1_713' title='bbox 1799 2024 1841 2061; x_wconf 64' lang='grc' dir='ltr'>’Θ</span> <span class='ocrx_word' id='word_1_714' title='bbox 1857 2029 1991 2069; x_wconf 74' lang='lat' dir='ltr'>prudens</span> <span class='ocrx_word' id='word_1_715' title='bbox 2009 2027 2067 2067; x_wconf 77' lang='lat' dir='ltr'>est.</span> <span class='ocrx_word' id='word_1_716' title='bbox 2100 2027 2247 2063; x_wconf 66' lang='lat' dir='ltr'>Etr-..Rex</span> 
     </span>
     <span class='ocr_line' id='line_1_98' title="bbox 1283 2076 2250 2123; baseline 0.001 -12"><span class='ocrx_word' id='word_1_717' title='bbox 1283 2089 1361 2112; x_wconf 84' lang='lat' dir='ltr'>mox</span> <span class='ocrx_word' id='word_1_718' title='bbox 1374 2102 1386 2118; x_wconf 93' lang='lat'>,</span> <span class='ocrx_word' id='word_1_719' title='bbox 1411 2076 1592 2123; x_wconf 63' lang='lat' dir='ltr'>Qus-eum</span> <span class='ocrx_word' id='word_1_720' title='bbox 1612 2076 1930 2119; x_wconf 77' lang='lat' dir='ltr'>deposuiffetiterum</span> <span class='ocrx_word' id='word_1_721' title='bbox 1949 2077 2046 2118; x_wconf 72' lang='lat' dir='ltr'>atque</span> <span class='ocrx_word' id='word_1_722' title='bbox 2057 2077 2176 2112; x_wconf 77' lang='lat' dir='ltr'>iterum</span> <span class='ocrx_word' id='word_1_723' title='bbox 2187 2077 2250 2112; x_wconf 72' lang='lat' dir='ltr'>sci·</span> 
     </span>
     <span class='ocr_line' id='line_1_99' title="bbox 1283 2125 2239 2170; baseline 0.001 -10"><span class='ocrx_word' id='word_1_724' title='bbox 1283 2128 1411 2161; x_wconf 87' lang='lat' dir='ltr'>scitatus</span> <span class='ocrx_word' id='word_1_725' title='bbox 1429 2126 1492 2161; x_wconf 82' lang='lat' dir='ltr'>est.</span> <span class='ocrx_word' id='word_1_726' title='bbox 1521 2125 1565 2160; x_wconf 84' lang='lat' dir='ltr'>Et</span> <span class='ocrx_word' id='word_1_727' title='bbox 1583 2126 1722 2169; x_wconf 88' lang='lat' dir='ltr'>adjecit.-</span> <span class='ocrx_word' id='word_1_728' title='bbox 1756 2129 1847 2160; x_wconf 61' lang='lat' dir='ltr'>Certe</span> <span class='ocrx_word' id='word_1_729' title='bbox 1861 2126 1932 2167; x_wconf 75' lang='lat' dir='ltr'>ficut</span> <span class='ocrx_word' id='word_1_730' title='bbox 1953 2130 2022 2161; x_wconf 70' lang='lat' dir='ltr'>Rex</span> <span class='ocrx_word' id='word_1_731' title='bbox 2044 2129 2204 2170; x_wconf 74' lang='lat' dir='ltr'>anglorum</span> <span class='ocrx_word' id='word_1_732' title='bbox 2226 2152 2239 2169; x_wconf 85' lang='lat'>,</span> 
     </span>
    </p>
   </div>
   <div class='ocr_carea' id='block_1_18' title="bbox 1207 2173 2246 2218">
    <p class='ocr_par' dir='ltr' id='par_1_23' title="bbox 1207 2173 2246 2218">
     <span class='ocr_line' id='line_1_100' title="bbox 1207 2173 2246 2218; baseline 0.003 -10"><span class='ocrx_word' id='word_1_733' title='bbox 1207 2197 1211 2199; x_wconf 29' lang='grc' dir='ltr'><strong><em>Δ</em></strong></span> <span class='ocrx_word' id='word_1_734' title='bbox 1283 2183 1327 2208; x_wconf 79' lang='lat' dir='ltr'>ita</span> <span class='ocrx_word' id='word_1_735' title='bbox 1346 2177 1379 2209; x_wconf 65' lang='lat' dir='ltr'>ia·</span> <span class='ocrx_word' id='word_1_736' title='bbox 1399 2187 1447 2218; x_wconf 86' lang='lat' dir='ltr'>ego</span> <span class='ocrx_word' id='word_1_737' title='bbox 1458 2178 1525 2208; x_wconf 80' lang='lat' dir='ltr'>Rex</span> <span class='ocrx_word' id='word_1_738' title='bbox 1539 2173 1624 2217; x_wconf 82' lang='lat' dir='ltr'>sum.</span> <span class='ocrx_word' id='word_1_739' title='bbox 1653 2173 1860 2209; x_wconf 80' lang='lat' dir='ltr'>Verumtamen</span> <span class='ocrx_word' id='word_1_740' title='bbox 1881 2182 2035 2210; x_wconf 61' lang='lat' dir='ltr'>mininam</span> <span class='ocrx_word' id='word_1_741' title='bbox 2054 2178 2091 2210; x_wconf 78' lang='lat' dir='ltr'>de</span> <span class='ocrx_word' id='word_1_742' title='bbox 2116 2178 2246 2211; x_wconf 69' lang='lat' dir='ltr'>clericis</span> 
     </span>
    </p>
   </div>
   <div class='ocr_carea' id='block_1_19' title="bbox 1281 2225 2245 2394">
    <p class='ocr_par' dir='ltr' id='par_1_24' title="bbox 1281 2225 2245 2369">
     <span class='ocr_line' id='line_1_101' title="bbox 1282 2225 2244 2269; baseline 0.006 -13"><span class='ocrx_word' id='word_1_743' title='bbox 1282 2231 1340 2258; x_wconf 78' lang='lat' dir='ltr'>mei</span> <span class='ocrx_word' id='word_1_744' title='bbox 1363 2225 1462 2268; x_wconf 77' lang='lat' dir='ltr'>Regni</span> <span class='ocrx_word' id='word_1_745' title='bbox 1480 2226 1623 2267; x_wconf 80' lang='lat' dir='ltr'>deponore</span> <span class='ocrx_word' id='word_1_746' title='bbox 1643 2237 1692 2269; x_wconf 84' lang='lat' dir='ltr'>ego</span> <span class='ocrx_word' id='word_1_747' title='bbox 1714 2235 1770 2258; x_wconf 89' lang='lat' dir='ltr'>non</span> <span class='ocrx_word' id='word_1_748' title='bbox 1794 2227 1942 2260; x_wconf 80' lang='lat' dir='ltr'>valerem.</span> <span class='ocrx_word' id='word_1_749' title='bbox 1973 2226 2017 2260; x_wconf 88' lang='lat' dir='ltr'>Et</span> <span class='ocrx_word' id='word_1_750' title='bbox 2039 2226 2085 2261; x_wconf 77' lang='lat' dir='ltr'>ita</span> <span class='ocrx_word' id='word_1_751' title='bbox 2094 2228 2156 2268; x_wconf 82' lang='lat' dir='ltr'>qui</span> <span class='ocrx_word' id='word_1_752' title='bbox 2159 2227 2244 2262; x_wconf 85' lang='lat' dir='ltr'>miffi</span> 
     </span>
     <span class='ocr_line' id='line_1_102' title="bbox 1281 2274 2245 2319; baseline 0.003 -11"><span class='ocrx_word' id='word_1_753' title='bbox 1281 2274 1431 2314; x_wconf 85' lang='lat' dir='ltr'>fuerant,</span> <span class='ocrx_word' id='word_1_754' title='bbox 1459 2285 1519 2307; x_wconf 89' lang='lat' dir='ltr'>nec</span> <span class='ocrx_word' id='word_1_755' title='bbox 1539 2275 1579 2308; x_wconf 88' lang='lat' dir='ltr'>ad</span> <span class='ocrx_word' id='word_1_756' title='bbox 1597 2275 1699 2318; x_wconf 87' lang='lat' dir='ltr'>Regis</span> <span class='ocrx_word' id='word_1_757' title='bbox 1723 2275 1932 2317; x_wconf 84' lang='lat' dir='ltr'>quaestionem</span> <span class='ocrx_word' id='word_1_758' title='bbox 1954 2274 2094 2319; x_wconf 74' lang='lat' dir='ltr'>prudeus</span> <span class='ocrx_word' id='word_1_759' title='bbox 2114 2276 2245 2312; x_wconf 73' lang='lat' dir='ltr'>reddere</span> 
     </span>
     <span class='ocr_line' id='line_1_103' title="bbox 1283 2323 2244 2394; baseline 0.003 -36"><span class='ocrx_word' id='word_1_760' title='bbox 1283 2323 1466 2367; x_wconf 87' lang='lat' dir='ltr'>responsum</span> <span class='ocrx_word' id='word_1_761' title='bbox 1476 2333 1649 2365; x_wconf 86' lang='lat' dir='ltr'>poterant,</span> <span class='ocrx_word' id='word_1_762' title='bbox 1676 2335 1735 2356; x_wconf 90' lang='lat' dir='ltr'>nec</span> <span class='ocrx_word' id='word_1_763' title='bbox 1756 2325 1795 2356; x_wconf 89' lang='lat' dir='ltr'>ad</span> <span class='ocrx_word' id='word_1_764' title='bbox 1809 2325 2002 2366; x_wconf 84' lang='lat' dir='ltr'>petitionem</span> <span class='ocrx_word' id='word_1_765' title='bbox 2015 2326 2105 2394; x_wconf 78' lang='lat' dir='ltr'>suam</span> <span class='ocrx_word' id='word_1_766' title='bbox 2114 2326 2244 2386; x_wconf 76' lang='lat' dir='ltr'>respon·</span> 
     </span>
    </p>
   </div>
   <div class='ocr_carea' id='block_1_20' title="bbox 1209 2371 1747 2416">
    <p class='ocr_par' dir='ltr' id='par_1_25' title="bbox 1209 2371 1747 2416">
     <span class='ocr_line' id='line_1_104' title="bbox 1209 2371 1747 2416; baseline -0.006 -8"><span class='ocrx_word' id='word_1_767' title='bbox 1209 2392 1217 2399; x_wconf 75' lang='grc'><em>·</em></span> <span class='ocrx_word' id='word_1_768' title='bbox 1281 2376 1351 2408; x_wconf 87' lang='lat' dir='ltr'>sum</span> <span class='ocrx_word' id='word_1_769' title='bbox 1374 2382 1432 2416; x_wconf 88' lang='lat' dir='ltr'>pro</span> <span class='ocrx_word' id='word_1_770' title='bbox 1453 2382 1534 2407; x_wconf 87' lang='lat' dir='ltr'>voto</span> <span class='ocrx_word' id='word_1_771' title='bbox 1554 2371 1747 2406; x_wconf 86' lang='lat' dir='ltr'>retulerunt.</span> 
     </span>
    </p>
   </div>
   <div class='ocr_carea' id='block_1_21' title="bbox 1279 2420 2245 2516">
    <p class='ocr_par' dir='ltr' id='par_1_26' title="bbox 1279 2420 2245 2516">
     <span class='ocr_line' id='line_1_105' title="bbox 1330 2420 2245 2467; baseline 0.003 -10"><span class='ocrx_word' id='word_1_772' title='bbox 1330 2421 1489 2467; x_wconf 86' lang='lat' dir='ltr'>Magister</span> <span class='ocrx_word' id='word_1_773' title='bbox 1509 2420 1584 2455; x_wconf 77' lang='lat' dir='ltr'>vero</span> <span class='ocrx_word' id='word_1_774' title='bbox 1604 2421 1814 2462; x_wconf 85' lang='lat' dir='ltr'>Heribertus,</span> <span class='ocrx_word' id='word_1_775' title='bbox 1842 2420 1901 2463; x_wconf 81' lang='lat' dir='ltr'>qui</span> <span class='ocrx_word' id='word_1_776' title='bbox 1915 2421 1955 2455; x_wconf 84' lang='lat'>·&amp;</span> <span class='ocrx_word' id='word_1_777' title='bbox 1981 2423 2105 2465; x_wconf 74' lang='lat' dir='ltr'>scripsit</span> <span class='ocrx_word' id='word_1_778' title='bbox 2117 2422 2186 2459; x_wconf 81' lang='lat' dir='ltr'>haec</span> <span class='ocrx_word' id='word_1_779' title='bbox 2208 2426 2245 2460; x_wconf 74' lang='lat' dir='ltr'>dt</span> 
     </span>
     <span class='ocr_line' id='line_1_106' title="bbox 1279 2471 2244 2516; baseline 0.002 -9"><span class='ocrx_word' id='word_1_780' title='bbox 1279 2473 1362 2508; x_wconf 82' lang='lat' dir='ltr'>alius</span> <span class='ocrx_word' id='word_1_781' title='bbox 1381 2471 1515 2516; x_wconf 85' lang='lat' dir='ltr'>quidam</span> <span class='ocrx_word' id='word_1_782' title='bbox 1535 2473 1577 2505; x_wconf 89' lang='lat' dir='ltr'>de</span> <span class='ocrx_word' id='word_1_783' title='bbox 1597 2471 1720 2505; x_wconf 83' lang='lat' dir='ltr'>Archi·</span> <span class='ocrx_word' id='word_1_784' title='bbox 1733 2471 1878 2505; x_wconf 70' lang='lat' dir='ltr'>praesulis</span> <span class='ocrx_word' id='word_1_785' title='bbox 1901 2472 2061 2507; x_wconf 85' lang='lat' dir='ltr'>Societate</span> <span class='ocrx_word' id='word_1_786' title='bbox 2086 2498 2097 2514; x_wconf 89' lang='lat'>,</span> <span class='ocrx_word' id='word_1_787' title='bbox 2128 2484 2244 2509; x_wconf 79' lang='lat' dir='ltr'>cautus</span> 
     </span>
    </p>
   </div>
   <div class='ocr_carea' id='block_1_22' title="bbox 1249 2516 2289 2568">
    <p class='ocr_par' dir='ltr' id='par_1_27' title="bbox 1249 2516 2289 2568">
     <span class='ocr_line' id='line_1_107' title="bbox 1249 2516 2289 2568; baseline -0.001 -11"><span class='ocrx_word' id='word_1_788' title='bbox 1249 2544 1251 2548; x_wconf 94' lang='lat'>·</span> <span class='ocrx_word' id='word_1_789' title='bbox 1278 2523 1412 2568; x_wconf 82' lang='lat' dir='ltr'>quidem</span> <span class='ocrx_word' id='word_1_790' title='bbox 1433 2523 1467 2556; x_wconf 75' lang='grc' dir='ltr'>δε</span> <span class='ocrx_word' id='word_1_791' title='bbox 1484 2522 1648 2561; x_wconf 80' lang='lat' dir='ltr'>eruditus,</span> <span class='ocrx_word' id='word_1_792' title='bbox 1675 2522 1717 2555; x_wconf 89' lang='lat' dir='ltr'>de</span> <span class='ocrx_word' id='word_1_793' title='bbox 1735 2521 1875 2558; x_wconf 69' lang='lat' dir='ltr'>consilio</span> <span class='ocrx_word' id='word_1_794' title='bbox 1893 2521 1928 2557; x_wconf 88' lang='lat'>&amp;</span> <span class='ocrx_word' id='word_1_795' title='bbox 1949 2532 2105 2566; x_wconf 82' lang='lat' dir='ltr'>praecepto</span> <span class='ocrx_word' id='word_1_796' title='bbox 2125 2516 2246 2564; x_wconf 61' lang='lat' dir='ltr'>Archa}-</span> <span class='ocrx_word' id='word_1_797' title='bbox 2286 2541 2289 2544; x_wconf 94' lang='lat'>·</span> 
     </span>
    </p>
   </div>
   <div class='ocr_carea' id='block_1_23' title="bbox 1278 2571 2247 2964">
    <p class='ocr_par' dir='ltr' id='par_1_28' title="bbox 1278 2571 2247 2964">
     <span class='ocr_line' id='line_1_108' title="bbox 1280 2571 2245 2615; baseline 0.002 -8"><span class='ocrx_word' id='word_1_798' title='bbox 1280 2573 1425 2609; x_wconf 83' lang='lat' dir='ltr'>Praesulis</span> <span class='ocrx_word' id='word_1_799' title='bbox 1435 2571 1588 2605; x_wconf 84' lang='lat' dir='ltr'>Nuncios</span> <span class='ocrx_word' id='word_1_800' title='bbox 1610 2571 1711 2615; x_wconf 87' lang='lat' dir='ltr'>Regis</span> <span class='ocrx_word' id='word_1_801' title='bbox 1732 2571 1900 2613; x_wconf 90' lang='lat' dir='ltr'>quotidie,</span> <span class='ocrx_word' id='word_1_802' title='bbox 1927 2572 1999 2614; x_wconf 85' lang='lat' dir='ltr'>ipfis</span> <span class='ocrx_word' id='word_1_803' title='bbox 2014 2573 2245 2614; x_wconf 79' lang='lat' dir='ltr'>nescientibus,</span> 
     </span>
     <span class='ocr_line' id='line_1_109' title="bbox 1278 2621 2246 2668; baseline 0 -10"><span class='ocrx_word' id='word_1_804' title='bbox 1278 2624 1296 2658; x_wconf 82' lang='grc' dir='ltr'>ὲ</span> <span class='ocrx_word' id='word_1_805' title='bbox 1316 2622 1457 2668; x_wconf 83' lang='lat' dir='ltr'>vestigio</span> <span class='ocrx_word' id='word_1_806' title='bbox 1469 2622 1702 2664; x_wconf 84' lang='lat' dir='ltr'>sequebantur.-</span> <span class='ocrx_word' id='word_1_807' title='bbox 1729 2621 1778 2655; x_wconf 83' lang='lat' dir='ltr'>lta</span> <span class='ocrx_word' id='word_1_808' title='bbox 1797 2630 1906 2657; x_wconf 79' lang='lat' dir='ltr'>tamen</span> <span class='ocrx_word' id='word_1_809' title='bbox 1918 2622 2006 2664; x_wconf 91' lang='lat' dir='ltr'>quod</span> <span class='ocrx_word' id='word_1_810' title='bbox 2021 2622 2096 2658; x_wconf 77' lang='lat' dir='ltr'>illos</span> <span class='ocrx_word' id='word_1_811' title='bbox 2113 2624 2246 2667; x_wconf 74' lang='lat' dir='ltr'>sequeu-</span> 
     </span>
     <span class='ocr_line' id='line_1_110' title="bbox 1279 2671 2246 2715; baseline 0 -7"><span class='ocrx_word' id='word_1_812' title='bbox 1279 2674 1399 2708; x_wconf 71' lang='lat' dir='ltr'>tesuna</span> <span class='ocrx_word' id='word_1_813' title='bbox 1420 2671 1476 2706; x_wconf 86' lang='lat' dir='ltr'>die</span> <span class='ocrx_word' id='word_1_814' title='bbox 1499 2673 1619 2713; x_wconf 89' lang='lat' dir='ltr'>semper</span> <span class='ocrx_word' id='word_1_815' title='bbox 1640 2671 1848 2713; x_wconf 75' lang='lat' dir='ltr'>praecesserint</span> <span class='ocrx_word' id='word_1_816' title='bbox 1866 2696 1874 2703; x_wconf 95' lang='lat'>.</span> <span class='ocrx_word' id='word_1_817' title='bbox 1916 2672 1958 2705; x_wconf 81' lang='lat' dir='ltr'>Et</span> <span class='ocrx_word' id='word_1_818' title='bbox 1980 2673 2112 2715; x_wconf 86' lang='lat' dir='ltr'>quidem</span> <span class='ocrx_word' id='word_1_819' title='bbox 2130 2685 2174 2707; x_wconf 79' lang='lat' dir='ltr'>ex</span> <span class='ocrx_word' id='word_1_820' title='bbox 2195 2674 2246 2709; x_wconf 68' lang='grc' dir='ltr'>ἤι’·</span> 
     </span>
     <span class='ocr_line' id='line_1_111' title="bbox 1279 2720 2244 2770; baseline 0 -12"><span class='ocrx_word' id='word_1_821' title='bbox 1279 2723 1396 2758; x_wconf 82' lang='lat' dir='ltr'>dustria</span> <span class='ocrx_word' id='word_1_822' title='bbox 1418 2723 1536 2756; x_wconf 71' lang='lat' dir='ltr'>fastum</span> <span class='ocrx_word' id='word_1_823' title='bbox 1558 2721 1622 2755; x_wconf 84' lang='lat' dir='ltr'>est:</span> <span class='ocrx_word' id='word_1_824' title='bbox 1652 2720 1763 2755; x_wconf 88' lang='lat' dir='ltr'>Urita</span> <span class='ocrx_word' id='word_1_825' title='bbox 1774 2721 1944 2755; x_wconf 78' lang='lat' dir='ltr'>cautius&amp;</span> <span class='ocrx_word' id='word_1_826' title='bbox 1969 2721 2084 2756; x_wconf 77' lang='lat' dir='ltr'>certius</span> <span class='ocrx_word' id='word_1_827' title='bbox 2098 2723 2244 2770; x_wconf 56' lang='lat' dir='ltr'>ipsorum</span> 
     </span>
     <span class='ocr_line' id='line_1_112' title="bbox 1279 2770 2245 2816; baseline -0.003 -8"><span class='ocrx_word' id='word_1_828' title='bbox 1279 2772 1417 2808; x_wconf 87' lang='lat' dir='ltr'>verba&amp;</span> <span class='ocrx_word' id='word_1_829' title='bbox 1438 2771 1610 2816; x_wconf 77' lang='lat' dir='ltr'>molimina</span> <span class='ocrx_word' id='word_1_830' title='bbox 1631 2770 1835 2812; x_wconf 86' lang='lat' dir='ltr'>explorarent</span> <span class='ocrx_word' id='word_1_831' title='bbox 1857 2794 1863 2802; x_wconf 95' lang='lat'>.</span> <span class='ocrx_word' id='word_1_832' title='bbox 1891 2770 1977 2806; x_wconf 89' lang='lat' dir='ltr'>Cum</span> <span class='ocrx_word' id='word_1_833' title='bbox 2003 2774 2079 2805; x_wconf 83' lang='lat' dir='ltr'>vero</span> <span class='ocrx_word' id='word_1_834' title='bbox 2089 2772 2130 2806; x_wconf 89' lang='lat' dir='ltr'>ad</span> <span class='ocrx_word' id='word_1_835' title='bbox 2151 2773 2245 2805; x_wconf 87' lang='lat' dir='ltr'>illum</span> 
     </span>
     <span class='ocr_line' id='line_1_113' title="bbox 1281 2820 2245 2865; baseline -0.002 -8"><span class='ocrx_word' id='word_1_836' title='bbox 1281 2822 1507 2857; x_wconf 87' lang='lat' dir='ltr'>Christianum</span> <span class='ocrx_word' id='word_1_837' title='bbox 1529 2821 1657 2865; x_wconf 86' lang='lat' dir='ltr'>Regem</span> <span class='ocrx_word' id='word_1_838' title='bbox 1680 2820 1880 2854; x_wconf 88' lang='lat' dir='ltr'>Francorum</span> <span class='ocrx_word' id='word_1_839' title='bbox 1901 2823 2057 2855; x_wconf 82' lang='lat' dir='ltr'>venissent</span> <span class='ocrx_word' id='word_1_840' title='bbox 2071 2846 2080 2860; x_wconf 88' lang='lat'><strong>‚</strong></span> <span class='ocrx_word' id='word_1_841' title='bbox 2101 2822 2206 2864; x_wconf 75' lang='lat' dir='ltr'>ipfinm</span> <span class='ocrx_word' id='word_1_842' title='bbox 2232 2846 2245 2862; x_wconf 92' lang='lat'>‚</span> 
     </span>
     <span class='ocr_line' id='line_1_114' title="bbox 1280 2868 2247 2912; baseline -0.002 -6"><span class='ocrx_word' id='word_1_843' title='bbox 1280 2884 1358 2907; x_wconf 83' lang='lat' dir='ltr'>mox</span> <span class='ocrx_word' id='word_1_844' title='bbox 1376 2881 1412 2905; x_wconf 88' lang='lat' dir='ltr'>ut</span> <span class='ocrx_word' id='word_1_845' title='bbox 1433 2871 1588 2905; x_wconf 77' lang='lat' dir='ltr'>accessum</span> <span class='ocrx_word' id='word_1_846' title='bbox 1609 2868 1725 2903; x_wconf 86' lang='lat' dir='ltr'>habere</span> <span class='ocrx_word' id='word_1_847' title='bbox 1747 2880 1940 2912; x_wconf 82' lang='lat' dir='ltr'>potuerunt,</span> <span class='ocrx_word' id='word_1_848' title='bbox 1968 2872 2102 2904; x_wconf 89' lang='lat' dir='ltr'>nomine</span> <span class='ocrx_word' id='word_1_849' title='bbox 2129 2870 2247 2905; x_wconf 86' lang='lat' dir='ltr'>Archi-</span> 
     </span>
     <span class='ocr_line' id='line_1_115' title="bbox 1281 2919 2247 2964; baseline -0.003 -7"><span class='ocrx_word' id='word_1_850' title='bbox 1281 2921 1427 2958; x_wconf 79' lang='lat' dir='ltr'>Praesulis</span> <span class='ocrx_word' id='word_1_851' title='bbox 1446 2944 1457 2961; x_wconf 87' lang='lat'>,</span> <span class='ocrx_word' id='word_1_852' title='bbox 1483 2931 1580 2964; x_wconf 85' lang='lat' dir='ltr'>quern</span> <span class='ocrx_word' id='word_1_853' title='bbox 1598 2919 1618 2953; x_wconf 70' lang='grc' dir='ltr'>ὲ</span> <span class='ocrx_word' id='word_1_854' title='bbox 1638 2929 1782 2962; x_wconf 88' lang='lat' dir='ltr'>tempore</span> <span class='ocrx_word' id='word_1_855' title='bbox 1792 2919 1999 2953; x_wconf 82' lang='lat' dir='ltr'>Cancellariae</span> <span class='ocrx_word' id='word_1_856' title='bbox 2012 2945 2023 2960; x_wconf 95' lang='lat'>,</span> <span class='ocrx_word' id='word_1_857' title='bbox 2050 2932 2176 2964; x_wconf 87' lang='lat' dir='ltr'>propter</span> <span class='ocrx_word' id='word_1_858' title='bbox 2188 2919 2247 2954; x_wconf 88' lang='lat' dir='ltr'>ho-</span> 
     </span>
    </p>
   </div>
   <div class='ocr_carea' id='block_1_24' title="bbox 1270 2968 2244 3014">
    <p class='ocr_par' dir='ltr' id='par_1_29' title="bbox 1270 2968 2244 3014">
     <span class='ocr_line' id='line_1_116' title="bbox 1270 2968 2244 3014; baseline -0.003 -8"><span class='ocrx_word' id='word_1_859' title='bbox 1270 2968 1380 3006; x_wconf 83' lang='lat' dir='ltr'>&#39;minis</span> <span class='ocrx_word' id='word_1_860' title='bbox 1411 2969 1709 3014; x_wconf 86' lang='lat' dir='ltr'>magnificentiam,</span> <span class='ocrx_word' id='word_1_861' title='bbox 1736 2970 1952 3011; x_wconf 87' lang='lat' dir='ltr'>probitatem,</span> <span class='ocrx_word' id='word_1_862' title='bbox 1977 2971 2009 3004; x_wconf 88' lang='lat'>&amp;</span> <span class='ocrx_word' id='word_1_863' title='bbox 2033 2968 2244 3010; x_wconf 85' lang='lat' dir='ltr'>industriam,</span> 
     </span>
    </p>
   </div>
   <div class='ocr_carea' id='block_1_25' title="bbox 1283 3017 2247 3499">
    <p class='ocr_par' dir='ltr' id='par_1_30' title="bbox 1283 3017 2247 3499">
     <span class='ocr_line' id='line_1_117' title="bbox 1283 3017 2244 3066; baseline -0.001 -10"><span class='ocrx_word' id='word_1_864' title='bbox 1283 3018 1446 3066; x_wconf 86' lang='lat' dir='ltr'>reputabat</span> <span class='ocrx_word' id='word_1_865' title='bbox 1467 3021 1630 3053; x_wconf 86' lang='lat' dir='ltr'>strenuum</span> <span class='ocrx_word' id='word_1_866' title='bbox 1644 3042 1656 3058; x_wconf 91' lang='lat'>‚</span> <span class='ocrx_word' id='word_1_867' title='bbox 1682 3019 1716 3052; x_wconf 78' lang='lat' dir='ltr'>&lt;St</span> <span class='ocrx_word' id='word_1_868' title='bbox 1739 3017 1877 3053; x_wconf 87' lang='lat' dir='ltr'>habebat</span> <span class='ocrx_word' id='word_1_869' title='bbox 1896 3029 2064 3063; x_wconf 87' lang='lat' dir='ltr'>acceptum</span> <span class='ocrx_word' id='word_1_870' title='bbox 2082 3044 2094 3060; x_wconf 92' lang='lat'>‚</span> <span class='ocrx_word' id='word_1_871' title='bbox 2127 3019 2244 3062; x_wconf 62' lang='lat' dir='ltr'>devote</span> 
     </span>
     <span class='ocr_line' id='line_1_118' title="bbox 1284 3066 2245 3116; baseline -0.005 -10"><span class='ocrx_word' id='word_1_872' title='bbox 1284 3068 1636 3116; x_wconf 83' lang='lat' dir='ltr'>quidem&amp;humiliter</span> <span class='ocrx_word' id='word_1_873' title='bbox 1657 3069 1855 3104; x_wconf 85' lang='lat' dir='ltr'>salutarunt.</span> <span class='ocrx_word' id='word_1_874' title='bbox 1882 3070 1926 3102; x_wconf 92' lang='lat' dir='ltr'>Et</span> <span class='ocrx_word' id='word_1_875' title='bbox 1947 3069 2021 3112; x_wconf 86' lang='lat' dir='ltr'>quia</span> <span class='ocrx_word' id='word_1_876' title='bbox 2040 3069 2070 3103; x_wconf 89' lang='lat' dir='ltr'>ei</span> <span class='ocrx_word' id='word_1_877' title='bbox 2092 3066 2245 3114; x_wconf 82' lang='lat' dir='ltr'>incogni-</span> 
     </span>
     <span class='ocr_line' id='line_1_119' title="bbox 1285 3116 2245 3160; baseline -0.004 -5"><span class='ocrx_word' id='word_1_878' title='bbox 1285 3123 1310 3155; x_wconf 92' lang='lat' dir='ltr'>ti</span> <span class='ocrx_word' id='word_1_879' title='bbox 1333 3130 1424 3155; x_wconf 86' lang='lat' dir='ltr'>erant</span> <span class='ocrx_word' id='word_1_880' title='bbox 1444 3144 1455 3160; x_wconf 93' lang='lat'>‚</span> <span class='ocrx_word' id='word_1_881' title='bbox 1492 3117 1604 3153; x_wconf 76' lang='lat' dir='ltr'>crebro</span> <span class='ocrx_word' id='word_1_882' title='bbox 1628 3129 1671 3151; x_wconf 87' lang='lat' dir='ltr'>an</span> <span class='ocrx_word' id='word_1_883' title='bbox 1694 3116 1735 3151; x_wconf 86' lang='lat' dir='ltr'>de</span> <span class='ocrx_word' id='word_1_884' title='bbox 1768 3116 1871 3152; x_wconf 82' lang='lat' dir='ltr'>Archi</span> <span class='ocrx_word' id='word_1_885' title='bbox 1882 3118 2055 3153; x_wconf 75' lang='lat' dir='ltr'>·.Praesulis</span> <span class='ocrx_word' id='word_1_886' title='bbox 2089 3119 2190 3153; x_wconf 85' lang='lat' dir='ltr'>domo</span> <span class='ocrx_word' id='word_1_887' title='bbox 2209 3117 2245 3151; x_wconf 76' lang='grc' dir='ltr'>δε</span> 
     </span>
     <span class='ocr_line' id='line_1_120' title="bbox 1286 3167 2245 3216; baseline -0.002 -11"><span class='ocrx_word' id='word_1_888' title='bbox 1286 3170 1407 3205; x_wconf 84' lang='lat' dir='ltr'>familia</span> <span class='ocrx_word' id='word_1_889' title='bbox 1431 3168 1529 3203; x_wconf 81' lang='lat' dir='ltr'>essent</span> <span class='ocrx_word' id='word_1_890' title='bbox 1549 3191 1561 3209; x_wconf 93' lang='lat'>,</span> <span class='ocrx_word' id='word_1_891' title='bbox 1597 3167 1834 3202; x_wconf 86' lang='lat' dir='ltr'>sciscitabatur.</span> <span class='ocrx_word' id='word_1_892' title='bbox 1861 3169 1940 3216; x_wconf 80' lang='lat' dir='ltr'>Qo</span> <span class='ocrx_word' id='word_1_893' title='bbox 1962 3168 2099 3213; x_wconf 85' lang='lat' dir='ltr'>cognito</span> <span class='ocrx_word' id='word_1_894' title='bbox 2117 3192 2128 3207; x_wconf 94' lang='lat'>‚</span> <span class='ocrx_word' id='word_1_895' title='bbox 2161 3179 2245 3203; x_wconf 79' lang='lat' dir='ltr'>mox</span> 
     </span>
     <span class='ocr_line' id='line_1_121' title="bbox 1286 3217 2244 3265; baseline -0.006 -9"><span class='ocrx_word' id='word_1_896' title='bbox 1286 3231 1342 3256; x_wconf 91' lang='lat' dir='ltr'>eos</span> <span class='ocrx_word' id='word_1_897' title='bbox 1360 3219 1494 3261; x_wconf 85' lang='lat' dir='ltr'>suscepit</span> <span class='ocrx_word' id='word_1_898' title='bbox 1515 3218 1551 3252; x_wconf 89' lang='lat' dir='ltr'>in</span> <span class='ocrx_word' id='word_1_899' title='bbox 1573 3217 1687 3251; x_wconf 87' lang='lat' dir='ltr'>osculo</span> <span class='ocrx_word' id='word_1_900' title='bbox 1709 3243 1720 3256; x_wconf 94' lang='lat'>‚</span> <span class='ocrx_word' id='word_1_901' title='bbox 1751 3218 1786 3251; x_wconf 74' lang='grc' dir='ltr'>ἀ</span> <span class='ocrx_word' id='word_1_902' title='bbox 1807 3218 1946 3263; x_wconf 75' lang='lat' dir='ltr'>benigne</span> <span class='ocrx_word' id='word_1_903' title='bbox 1981 3217 2104 3251; x_wconf 87' lang='lat' dir='ltr'>audivit</span> <span class='ocrx_word' id='word_1_904' title='bbox 2125 3242 2133 3250; x_wconf 82' lang='lat'>.</span> <span class='ocrx_word' id='word_1_905' title='bbox 2170 3218 2244 3265; x_wconf 82' lang='lat' dir='ltr'>Qi</span> 
     </span>
     <span class='ocr_line' id='line_1_122' title="bbox 1287 3265 2244 3312; baseline -0.005 -8"><span class='ocrx_word' id='word_1_906' title='bbox 1287 3280 1363 3306; x_wconf 87' lang='lat' dir='ltr'>curn</span> <span class='ocrx_word' id='word_1_907' title='bbox 1396 3290 1408 3308; x_wconf 83' lang='lat'><strong>‚</strong></span> <span class='ocrx_word' id='word_1_908' title='bbox 1442 3267 1533 3312; x_wconf 77' lang='lat' dir='ltr'>juxta</span> <span class='ocrx_word' id='word_1_909' title='bbox 1557 3266 1659 3301; x_wconf 86' lang='lat' dir='ltr'>Archi</span> <span class='ocrx_word' id='word_1_910' title='bbox 1675 3285 1687 3291; x_wconf 93' lang='lat'>-</span> <span class='ocrx_word' id='word_1_911' title='bbox 1704 3267 1846 3302; x_wconf 79' lang='lat' dir='ltr'>Praesulis</span> <span class='ocrx_word' id='word_1_912' title='bbox 1869 3265 2056 3302; x_wconf 85' lang='lat' dir='ltr'>mandatum</span> <span class='ocrx_word' id='word_1_913' title='bbox 2073 3291 2087 3308; x_wconf 91' lang='lat'>,</span> <span class='ocrx_word' id='word_1_914' title='bbox 2112 3265 2244 3310; x_wconf 69' lang='lat' dir='ltr'>lachry⁴</span> 
     </span>
     <span class='ocr_line' id='line_1_123' title="bbox 1289 3316 2245 3361; baseline -0.006 -7"><span class='ocrx_word' id='word_1_915' title='bbox 1289 3318 1440 3355; x_wconf 88' lang='lat' dir='ltr'>mabilem</span> <span class='ocrx_word' id='word_1_916' title='bbox 1462 3316 1628 3351; x_wconf 87' lang='lat' dir='ltr'>historiam</span> <span class='ocrx_word' id='word_1_917' title='bbox 1653 3316 1798 3350; x_wconf 87' lang='lat' dir='ltr'>laborum</span> <span class='ocrx_word' id='word_1_918' title='bbox 1836 3316 2096 3361; x_wconf 86' lang='lat' dir='ltr'>&amp;periculorum</span> <span class='ocrx_word' id='word_1_919' title='bbox 2115 3316 2182 3360; x_wconf 86' lang='lat' dir='ltr'>ejus</span> <span class='ocrx_word' id='word_1_920' title='bbox 2191 3327 2245 3349; x_wconf 81' lang='lat' dir='ltr'>ex.</span> 
     </span>
     <span class='ocr_line' id='line_1_124' title="bbox 1290 3365 2246 3414; baseline -0.006 -11"><span class='ocrx_word' id='word_1_921' title='bbox 1290 3368 1486 3414; x_wconf 77' lang='lat' dir='ltr'>posuissent,</span> <span class='ocrx_word' id='word_1_922' title='bbox 1513 3365 1626 3412; x_wconf 80' lang='lat' dir='ltr'>Regiae</span> <span class='ocrx_word' id='word_1_923' title='bbox 1660 3368 1841 3401; x_wconf 80' lang='lat' dir='ltr'>clementiae</span> <span class='ocrx_word' id='word_1_924' title='bbox 1861 3368 1977 3401; x_wconf 84' lang='lat' dir='ltr'>viscera</span> <span class='ocrx_word' id='word_1_925' title='bbox 1986 3376 2151 3402; x_wconf 85' lang='lat' dir='ltr'>commota</span> <span class='ocrx_word' id='word_1_926' title='bbox 2161 3366 2246 3400; x_wconf 83' lang='lat' dir='ltr'>sunt.</span> 
     </span>
     <span class='ocr_line' id='line_1_125' title="bbox 1290 3414 2247 3470; baseline -0.004 -17"><span class='ocrx_word' id='word_1_927' title='bbox 1290 3418 1424 3470; x_wconf 82' lang='lat' dir='ltr'>Qibus</span> <span class='ocrx_word' id='word_1_928' title='bbox 1457 3416 1572 3453; x_wconf 83' lang='lat' dir='ltr'>itidem</span> <span class='ocrx_word' id='word_1_929' title='bbox 1605 3416 1672 3461; x_wconf 80' lang='lat' dir='ltr'>ipse</span> <span class='ocrx_word' id='word_1_930' title='bbox 1707 3419 1822 3453; x_wconf 84' lang='lat' dir='ltr'>referre</span> <span class='ocrx_word' id='word_1_931' title='bbox 1861 3416 2013 3463; x_wconf 86' lang='lat' dir='ltr'>dignatus</span> <span class='ocrx_word' id='word_1_932' title='bbox 2035 3417 2081 3452; x_wconf 87' lang='lat' dir='ltr'>est</span> <span class='ocrx_word' id='word_1_933' title='bbox 2095 3439 2108 3459; x_wconf 89' lang='lat'>,</span> <span class='ocrx_word' id='word_1_934' title='bbox 2144 3414 2247 3463; x_wconf 81' lang='lat' dir='ltr'>quali-</span> 
     </span>
     <span class='ocr_line' id='line_1_126' title="bbox 2154 3468 2202 3499; baseline 0 0"><span class='ocrx_word' id='word_1_935' title='bbox 2154 3468 2202 3499; x_wconf 79' lang='lat' dir='ltr'>tet</span> 
     </span>
    </p>
   </div>
  </div>
 </body>
</html>
