2358 3776
476 80 517 126 s.
557 62 854 126 THOMAE
888 71 1572 124 CANTUAR1ENs1s.

66 170 152 204 flam
163 164 315 202 effeinter
323 171 384 196 vos
404 160 438 196 ἀ
450 160 635 197 Dominum
658 160 801 204 Regem.
826 159 907 194 Hoc
924 156 995 191 uti-

1847 87 1918 138 „67

1059 157 1119 192 ster
1136 156 1303 193 Henricus
1312 177 1324 195 ,
1350 155 1481 191 illustris
1490 157 1566 191 Rex
1578 154 1764 202 Anglotum
1774 184 1786 202 ,
1806 159 1972 205 dependat
1985 167 1999 203 ‚'

65 229 131 264 que
152 214 230 263 qnid
248 212 307 249 sibi
323 212 422 248 vellet
440 211 642 256 significare,
666 209 755 255 quod
776 209 826 243 eis
843 207 888 243 fic
906 217 997 242 man-
1057 206 1238 243 &eandem
1251 205 1328 240 velit
1337 205 1604 249 dispositionem,
1624 216 1664 240 nt
1674 209 1796 245 firmior
1814 209 1971 245 habeatur
1982 238 1994 252 ‚

64 269 175 304 datum
183 265 253 307 est,
273 263 413 300 &abeo
432 262 538 305 quiin
554 261 668 298 eadem
682 258 899 295 damnatione
916 267 996 291 cum
1056 261 1092 295 dc
1111 257 1230 294 haheat
1248 255 1407 299 majorem
1426 255 1572 292 favorem
1584 279 1595 295 ‚
1616 256 1815 294 authoritate
1837 261 2009 295 Romanzi

66 319 116 353 eis
131 316 259 355 fuerat,
283 315 443 350 incertum
462 321 532 347 erat
553 336 564 345 ,.
585 310 738 352 Cumque
757 307 998 357 hocbDomino

67 367 180 410 Ρῶμε,
204 362 425 407 Hyacinthe,
446 358 565 397 &aliis
583 359 712 396 Amicis
731 357 847 392 nostris
868 369 924 402 per
943 368 999 391 me

60 416 303 455 innotesceret,
328 414 449 449 mirum
466 408 622 446 omnibus
646 407 816 445 videbatur
836 432 847 442 ,
868 409 1000 442 Omnes

66 476 178 501 tamen
195 465 237 499 de
247 474 325 510 pace
346 463 446 497 vestra
468 456 633 504 tamquam
653 458 696 493 de
713 460 767 492 sua
789 457 998 493 laetabantur.

67 514 248 552 Dicebatur
268 523 376 548 autem
396 509 615 556 aquibusdam
629 508 799 543 Nuncium
817 507 912 542 illum
933 519 1000 542 ma-

68 566 139 611 iora
160 563 213 599 his
225 565 306 598 velle
327 571 481 608 quaerere,
507 557 559 593 sed
579 558 657 600 quia
679 559 808 592 nullum
827 557 1001 602 apparebat

68 624 322 664 argumentum,
344 612 378 648 a:
397 608 565 645 Dominus
587 608 674 652 Papa
697 619 759 643 nos
778 609 921 642 omnino
940 608 1002 643 esse

70 668 199 702 securos
211 670 459 709 praeeperat,ea
473 659 566 692 vobis
575 658 708 694 scribere
721 657 898 701 supersedi,
926 658 1004 692 Por·
1034 660 1037 666 '

69 715 108 751 πὸ
118 716 140 750 fi
152 711 274 758 aliquid
284 709 372 747 'aliud
383 709 543 745 emerserit
555 733 566 750 ,
594 708 692 753 quam
702 707 800 743 citius
809 708 1005 752 poterimus,

54 765 310 802 sublimitatem
327 759 462 794 vestram
485 769 553 793 non
565 757 696 794 latebit,

121 813 266 850 Verbum
276 810 360 846 illud
370 807 412 844 de
423 810 494 846 filio
512 807 646 844 Osbetti
659 805 921 843 Archi-Diaconi
941 807 1006 851 jam

69 865 222 900 omniurn
242 870 332 897 aures
363 859 494 903 replevit
521 872 530 892 ε
564 858 600 893 ἀ
631 856 807 892 abhorrent
834 857 972 892 universi
996 882 1006 891 ,

70 915 261 951 Nosautem
287 910 363 944 Deo
385 910 422 944 ¹&
443 908 535 956 vobis
559 908 677 952 gratias
695 907 861 944 referimus
883 932 894 948 ,
919 905 1009 950 quod

70 964 269 1009 quicumque
285 960 308 996 a
330 958 424 995 vobis
443 959 582 994 veniunt
602 982 615 1000 ‚
639 959 826 994 consonant
843 983 854 994 ,
881 958 926 993 Et
950 967 1010 991 nos

71 1014 108 1049 in
132 1024 209 1047 aure
227 1011 270 1046 de
296 1008 467 1046 honestate
489 1008 590 1044 vestra
610 1032 622 1049 ‚
648 1009 703 1053 ipsi
725 1008 899 1053 praedicant
920 1008 1012 1053 super

68 1065 173 1099 telia-
197 1060 421 1096 Canneflarius
441 1058 649 1102 Imperatoris
671 1059 802 1094 veniens
821 1058 988 1093 Viennam
1001 1081 1012 1099 ‚

72 1112 369 1155 Archi-Episcopos
378 1109 582 1156 quamplures
593 1109 788 1144 convocavit
800 1133 812 1150 ‚
837 1112 887 1147 (Α.
901 1108 1013 1155 1164·)

74 1163 248 1208 primoque
255 1161 377 1196 milites
386 1159 428 1194 ad
439 1170 521 1202 opus
530 1158 733 1203 Imperatoris
742 1159 784 1193 ab
794 1160 840 1193 eis
850 1159 993 1203 quaefivit
1000 1183 1011 1192 ,

74 1209 292 1249 Postmodum
321 1209 363 1243 de
388 1209 574 1252 receptione
608 1209 777 1244 Guidonis
811 1208 1016 1247 cremensis,

74 1272 174 1307 quem
196 1260 375 1305 imperator
405 1268 567 1302 receperat
585 1281 598 1299 ‚
623 1257 849 1295 instantiffime
873 1258 1016 1303 singulos

74 1310 230 1347 convenit
253 1333 262 1341 .
301 1307 352 1343 lbi
373 1308 427 1352 spe
456 1308 488 1343 ἀ
506 1306 667 1342 desiderio
696 1310 756 1346 suo
776 1309 919 1352 privatus
950 1307 1016 1343 est,

73 1359 221 1408 Qidam
241 1358 332 1393 enim
353 1367 467 1396 eorum
497 1356 603 1401 ipsum
625 1358 816 1394 Gnidonem
836 1369 949 1393 coram
976 1369 1018 1392 eo

69 1409 358 1447 excommunicare
379 1406 481 1453 parati
502 1409 632 1444 fuerunt
653 1434 664 1443 ,
699 1409 770 1452 lpse
791 1408 868 1445 vero
887 1433 900 1452 ‚
939 1409 1017 1442 cum

75 1471 146 1496 non
166 1460 269 1504 posset
288 1456 382 1502 juxta
412 1467 528 1492 votum
557 1459 651 1494 suum
684 1458 838 1502 proficere
861 1483 873 1500 ,
898 1458 1020 1493 indixit

75 1508 367 1545 ComitiHenrico
383 1508 589 1554 colloquium
607 1509 700 1545 fuum
721 1510 755 1542 se
776 1508 859 1543 velle
882 1520 958 1543 cum
979 1519 1020 1543 eo

73 1558 280 1599 habiturum.
307 1557 432 1593 Comes
451 1563 582 1598 autem,
607 1558 684 1594 cum
707 1557 773 1594 haec
794 1559 887 1595 vobis
907 1558 1022 1594 scribe·

75 1620 146 1646 tem
160 1633 172 1650 ‚
195 1608 357 1645 transierat
368 1608 518 1647 Parisiis,
544 1619 580 1643 ut
592 1608 721 1652 Regem
743 1609 834 1651 supet
855 1607 920 1643 hoc
942 1618 1022 1642 con·

77 1659 196 1695 soleret
215 1682 223 1690 .
251 1657 315 1691 sed
326 1657 406 1699 quid
428 1658 567 1691 facturus
578 1657 673 1697 esset,
696 1668 758 1691 nos
778 1656 1023 1703 adhucignora·

79 1709 195 1744 bamus
213 1732 223 1742 ,
250 1705 349 1741 Plura
371 1704 465 1740 vobis
489 1706 672 1748 scripfiflem
688 1705 733 1739 de
752 1706 836 1740 statu
852 1707 999 1744 Ecclesiae
1011 1728 1024 1746 ‚

78 1758 123 1793 de
139 1754 399 1792 Lombardorum
411 1754 627 1786 reelevatione
634 1763 749 1786 contra
769 1754 1000 1795 Imperatorem
1011 1775 1023 1793 ,

77 1808 122 1842 de
139 1807 346 1841 sacramento
369 1801 457 1844 quod
478 1802 496 1833 a
511 1801 672 1837 Romanis
692 1802 885 1844 generaliter
904 1802 1020 1836 factum

77 1855 125 1890 est
147 1853 240 1898 Papae
250 1850 441 1886 Alexandro
452 1875 463 1891 ‚
487 1851 520 1885 dc
532 1849 605 1884 aliis
617 1874 629 1891 ,
656 1849 713 1884 nisi
726 1852 801 1893 quia
814 1852 937 1896 paginae
953 1862 1022 1895 pro-

77 1904 188 1941 lixitas
208 1898 402 1948 prohibebat
418 1925 428 1934 .
457 1899 634 1935 Timebam
657 1899 757 1935 etiam
777 1911 866 1935 aures
879 1925 890 1943 ‚
915 1912 967 1936 tot
988 1901 1023 1935 ἀ

77 1953 179 1991 tantis
199 1960 375 1994 occupatas
398 1950 540 1995 negotiis
562 1974 573 1991 ,
609 1950 776 1986 offendere
801 1977 808 1983 .
842 1953 1023 1988 Conserver

75 2014 136 2038 voa
153 2003 244 2037 Deus
257 2000 352 2035 nobis
363 1999 534 2035 &Amicis
547 1999 659 2035 vestris
672 2000 894 2035 incolumem.
923 2001 1022 2045 Equi·

77 2063 192 2089 taturae
205 2051 354 2086 defectus
374 2074 385 2090 ,
411 2061 508 2095 quem
529 2051 670 2094 patior,
707 2051 827 2095 poterit
850 2050 942 2084 vobis
963 2051 1026 2086 effe

81 2102 260 2139 damnosus
279 2125 288 2135 ,
314 2100 388 2137 Nifi
397 2101 489 2134 enim
502 2099 792 2135 Archi-Diaconus
814 2099 1025 2134 Saresberien-

82 2153 145 2195 lis,
166 2151 276 2195 quide
284 2150 440 2186 omnibus
450 2151 594 2196 negotiis
614 2149 656 2185 ad
669 2161 726 2185 vos
735 2150 948 2194 spectantibus
967 2161 1027 2193 pro

83 2203 174 2247 posse
194 2202 253 2237 suo
271 2199 431 2236 sollicitus
454 2200 523 2242 est,
549 2198 633 2234 mihi
653 2199 867 2240 subvenisset,
893 2199 1027 2244 quibus-

84 2253 162 2287 dam
174 2275 185 2292 ‚
210 2262 280 2296 quae
290 2250 366 2285 satis
379 2248 503 2284 utiliter
524 2250 595 2283 sum
608 2251 816 2293 prosecutus,
841 2248 881 2284 de
901 2249 1026 2284 neceffi-

84 2312 153 2336 aare
173 2298 409 2342 supersedissem
431 2313 443 2331 .·
467 2298 600 2334 Domus
620 2310 698 2333 meae
716 2324 729 2341 ,
753 2301 787 2334 &
814 2311 918 2334 rerum
937 2310 1028 2334 mea-

85 2362 183 2389 rum,
207 2350 230 2383 si
251 2349 378 2393 placet,
403 2347 657 2384 reminiscamini
678 2372 687 2380 .
714 2348 844 2383 Duritia
865 2349 956 2384 enim
979 2361 1029 2383 ru·

87 2402 240 2435 sticarum
251 2407 340 2433 tanta
351 2396 415 2437 est,
444 2395 532 2442 quod
547 2397 606 2431 nisi
618 2396 797 2432 authoritas
815 2400 914 2435 vestra
925 2400 1029 2433 inter-

85 2448 233 2489 venerit,
259 2446 315 2492 ipfi
337 2447 371 2481 in
384 2446 479 2481 nullo
497 2446 580 2482 mihi
600 2459 733 2491 parcent
747 2474 755 2483 .
783 2448 888 2484 Unde
899 2450 1031 2494 expedit

86 2497 169 2534 mihi
183 2523 194 2538 ‚
218 2508 254 2531 ur
268 2497 341 2542 ipsis
361 2496 570 2533 &Ministris
591 2497 700 2534 vestris
709 2498 801 2545 super
822 2499 887 2536 hoc
908 2500 1031 2537 litteras

86 2548 203 2584 vestras
220 2546 366 2594 dirigatis
377 2570 386 2579 .

297 2646 327 2683 Ε
354 2644 381 2680 P
406 2647 422 2683 1
447 2647 469 2682 S
495 2647 534 2681 T
559 2648 594 2682 Ο
619 2649 649 2683 L
675 2648 708 2684 Δ
758 2649 831 2686 IV.

92 2747 262 2784 Alexander
285 2751 375 2793 Papa
393 2746 513 2783 Thomae
536 2745 744 2791 cantuarienfi
753 2749 1034 2794 Anbi-Episbopo.

169 2847 228 2884 Tsi
248 2858 308 2892 pro
326 2847 431 2883 animi
452 2850 503 2886 tui
525 2848 695 2894 prudentia
716 2849 836 2885 &fidei
855 2850 1036 2886 sinceritate

196 2897 372 2932 Personam
395 2907 487 2933 tuam
507 2899 650 2934 uberiori
673 2899 848 2935 dulcedine
869 2899 1036 2936 charitatis

94 2946 339 2993 &flagrantiori
349 2947 504 2985 desiderio
525 2949 661 2984 velimus
680 2950 802 2995 semper
820 2949 976 2996 diligere,
1001 2951 1035 2985 ἀ

95 2995 216 3031 honori
238 3008 276 3032 ac
295 2997 489 3034 exaltationi
506 3010 570 3034 tuae
590 3024 602 3041 ‚
638 3001 719 3035 sicut
736 3000 912 3036 cbariffimi
927 3001 1034 3036 fratris

94 3045 197 3085 nostri
217 3069 228 3085 ,
252 3046 426 3084 ardentiori
446 3050 561 3084 animo
581 3049 739 3094 adspirare
751 3075 765 3092 ,
787 3062 849 3086 nos
870 3061 977 3086 tamen
1001 3051 1036 3085 ἀ

96 3096 256 3142 teipsum,
281 3097 339 3139 qui
358 3108 478 3143 magna
497 3100 652 3135 columna
664 3112 698 3135 es
710 3100 877 3144 Ecclesiae,
906 3101 1036 3136 cautius

96 3145 254 3181 convenit
266 3156 449 3189 temporum
457 3150 649 3193 qualitatem
667 3149 853 3193 attendere,
880 3151 915 3186 ἀ
927 3152 1035 3196 provi-

96 3196 140 3229 da
171 3195 424 3240 dispensationis
455 3199 680 3234 moderatione
712 3210 842 3237 motum
875 3200 1036 3245 Principis

96 3244 251 3279 delinire.
277 3245 382 3282 Novit
399 3247 553 3291 siquidem
575 3249 730 3286 industria
752 3261 832 3293 tua,
858 3253 910 3286 cui
935 3251 1035 3287 Divi-

96 3306 139 3330 na
149 3293 345 3337 dispensatio
360 3307 484 3341 magnae
494 3299 701 3341 providentiae
721 3313 760 3336 ac
782 3301 893 3347 gratiae
910 3300 1035 3336 donum

98 3344 230 3379 indulsit
242 3367 253 3384 ‚
279 3355 376 3389 quam
388 3348 561 3381 ferventem
570 3347 812 3393 dispositionem
825 3351 909 3387 circa
924 3351 1036 3396 Regni

94 3396 142 3431 firi
164 3394 433 3442 gubernationem
444 3395 643 3434 chariffitnus
663 3399 700 3436 in
715 3399 850 3438 Christo
872 3401 957 3440 filius
980 3412 1038 3436 no-

1062 308 1209 344 Ecclefiae
1229 305 1371 340 roborari
1384 330 1392 338 .
1420 305 1526 342 Unde
1542 304 1619 340 cum
1640 305 1725 341 olim
1745 318 1801 350 per
1828 310 1999 346 venel-‚bj-

1060 359 1123 394 lem
1140 359 1272 393 fratrem
1293 356 1533 392 Lexoviensem
1555 355 1774 400 Episcopum,
1795 357 1997 396 &dilectum

1062 409 1167 443 filium
1190 406 1335 441 nostrum
1359 406 1594 441 pictaviensem
1617 405 1923 442 Archi—Diaconum
1945 434 1956 449 ,
1976 410 2000 444 a

1061 458 1157 495 nobis
1167 483 1177 499 ‚
1200 458 1236 493 ὅ(
1247 454 1397 491 fratribus
1407 456 1525 491 nostris
1544 455 1718 491 instantius
1731 455 1916 500 postulasset
1940 457 2002 492 Le·

1063 509 1230 554 gationem
1246 506 1351 541 totius
1373 506 1505 551 Angliae
1536 505 1729 541 Eboracensi
1749 504 2005 549 Archi-Episco-

1064 571 1108 603 po
1127 557 1315 603 indulgeri,
1336 557 1373 591 ἃ
1385 567 1453 591 tam
1465 555 1525 590 tibi
1539 555 1636 600 quam
1661 555 1818 591 universis
1835 555 2004 600 Episcopis

1065 607 1210 643 mandari
1231 607 1391 651 rogasset,
1416 617 1453 641 ut
1473 607 1624 647 antiquas
1633 606 1744 651 Regni
1766 606 1816 640 sui
1833 608 2009 641 consuetu·

1064 659 1159 693 dines
1175 658 1211 692 ἀ
1221 657 1400 703 dignitates
1411 655 1641 691 conservaretis
1653 679 1668 697 ‚
1692 656 1788 690 nobis
1796 656 1865 699 ejus
1877 656 2012 701 petitio·

1068 720 1125 744 nes
1146 718 1255 752 praeter
1279 708 1373 742 suum
1394 706 1567 743 arbitrium
1596 705 1841 741 moderantibus
1863 730 1875 746 ,
1900 705 2010 741 statim

1069 758 1138 803 post
1158 757 1297 792 reditum
1318 756 1529 793 Nunciorum
1542 758 1689 795 suorum,
1714 756 1771 790 vix
1789 756 1908 791 audito
1919 753 2011 800 quod

1068 810 1088 845 a
1100 807 1195 843 nobis
1214 817 1453 851 reportaverant
1479 830 1491 847 ,
1514 806 1651 843 dilectos
1668 807 1757 841 filios
1779 808 1908 842 nostros
1928 806 2017 840 Gau·

1069 859 1197 895 fredum
1207 856 1516 893 Archi-Diaconum
1530 866 1624 891 tuum
1634 881 1647 899 ‚
1664 857 1699 891 ἃ.
1709 855 1907 901 Magistrum
1916 857 2015 902 Joan·

1072 920 1148 944 nem
1169 907 1364 948 transmisit,
1389 907 1422 940 &
1436 918 1491 951 per
1511 917 1566 941 eos
1587 905 1675 950 quod
1702 907 1789 950 prius
1799 909 1957 950 petierat,
1980 907 2016 941 δε

1071 959 1196 1002 majora
1216 958 1236 992 a
1257 956 1355 993 nobis
1375 956 1599 992 instantissime
1621 956 1815 1002 postulavit.
1845 957 1888 991 Et
1899 967 1935 990 ut
1960 957 2019 989 suo

1072 1007 1231 1045 desiderio
1253 1007 1437 1042 faciliorem
1458 1008 1605 1041 animum
1628 1007 1837 1050 praeberernus
1857 1031 1869 1048 ,
1895 1007 2020 1041 Frater-

1077 1060 1190 1096 nitatis
1199 1066 1261 1091 tuae
1279 1058 1316 1102 dt
1327 1056 1466 1100 praedicti
1480 1055 1756 1102 Archi-Episcopi
1769 1057 1810 1091 ad
1825 1068 1885 1092 nos
1896 1056 2020 1091 litteras

1076 1109 1263 1153 impetravit
1275 1133 1282 1140 .
1308 1107 1411 1157 Qod
1424 1107 1515 1142 enim
1533 1107 1577 1142 de
1598 1108 1741 1152 antiquis
1765 1107 2023 1141 Consuetudini-

1078 1157 1423 1204 bus&Dignitatibus
1443 1158 1674 1192 conservandis
1694 1158 1782 1201 prius
1803 1157 1950 1191 mandari
1975 1167 2025 1190 ro-

1077 1220 1209 1255 gaverat
1229 1220 1357 1253 nuper,
1379 1207 1460 1242 sicut
1472 1207 1532 1241 Tu
1553 1207 1589 1243 ἀ
1601 1208 1658 1242 alii
1675 1208 1848 1242 observare
1870 1206 2024 1250 promise-

1080 1259 1157 1294 ratis
1166 1283 1177 1299 ,
1196 1270 1237 1292 ea
1246 1268 1325 1292 cum
1334 1257 1439 1290 multa
1450 1257 1606 1292 instantia
1616 1257 1710 1299 petiit
1721 1255 1920 1290 authoritate
1935 1254 2025 1298 Apo-

1079 1308 1202 1344 stolicae
1221 1306 1312 1343 Sedis
1325 1305 1397 1341 Sibi
1420 1306 1454 1339 ἀ
1475 1305 1541 1340 suis
1561 1304 1703 1339 Posteris
1721 1305 1909 1340 confirmari
1928 1329 1935 1336 .
1964 1302 2027 1338 Sed

1082 1370 1144 1394 nos
1165 1357 1362 1402 petitionem
1383 1355 1477 1389 istam
1497 1355 1707 1401 nequaquam
1728 1355 1915 1390 admisimus
1928 1379 1936 1387 .
1962 1354 2028 1389 Ve-

1082 1418 1258 1444 runtamen
1281 1407 1323 1441 ne
1332 1406 1373 1440 ad
1385 1405 1524 1440 nimiam
1536 1405 1788 1441 amaritudinem
1809 1406 1843 1440 &
1856 1404 2029 1440 vehemen-

1085 1459 1201 1495 tiorem
1213 1458 1317 1493 animi
1328 1454 1553 1491 turbationem
1570 1467 1646 1491 eum
1658 1457 1744 1490 circa
1766 1466 1828 1491 nos
1846 1456 1880 1489 ὅ(
1891 1456 2028 1499 teipsum

1086 1517 1354 1554 provocaremuS,
1378 1505 1422 1540 ne
1432 1506 1579 1541 etiamid
1590 1504 1851 1541 consideratione
1871 1505 1919 1539 tui
1941 1515 2033 1549 puta-

1086 1570 1171 1593 retur
1180 1555 1433 1602 quomodolibet
1450 1555 1599 1598 impediri
1613 1579 1625 1595 ‚
1649 1566 1711 1590 nos
1721 1555 1783 1589 tibi
1807 1553 1964 1593 &nobis,
1991 1552 2033 1588 ne

1087 1606 1168 1643 forte
1189 1609 1223 1640 in
1251 1606 1409 1650 majorem
1433 1605 1575 1639 calorem
1602 1604 1778 1639 iracundiae
1812 1604 1962 1639 adversus
1999 1614 2033 1638 te

1087 1657 1306 1693 exardesceret
1327 1679 1340 1695 ,
1373 1654 1559 1696 consultius
1577 1654 1749 1696 providere
1781 1654 1929 1688 volentes
1950 1677 1961 1693 ,
1996 1653 2031 1687 δι

1088 1708 1256 1750 pensantes
1275 1713 1423 1744 tempora
1449 1700 1630 1744 periculosa
1649 1726 1662 1742 ‚
1696 1701 1890 1745 Legationis
1911 1704 2035 1737 litteras

1087 1755 1216 1798 praefato
1239 1749 1526 1794 Archi-Episcopo
1558 1750 1785 1786 concedendas
1812 1752 1922 1787 eidem
1948 1751 2034 1796 Regi

1087 1801 1298 1838 conceffimus
1308 1825 1317 1834 ,
1343 1800 1516 1848 Quoniam
1530 1800 1608 1835 vero
1620 1801 1704 1835 votis
1715 1799 1904 1846 Principum
1915 1798 2036 1837 conde-

1089 1851 1306 1888 scendendum
1317 1850 1363 1884 est
1373 1875 1385 1892 ‚
1398 1851 1432 1886 ὃ(
1445 1851 1508 1885 suat
1518 1851 1833 1896 contemperandum
1845 1852 2030 1892 voluntati,

1088 1903 1291 1948 prudentiam
1311 1911 1402 1935 tuam
1422 1911 1596 1935 monemus
1614 1925 1625 1941 ,
1651 1900 1853 1936 consulimus
1873 1926 1884 1942 ,
1910 1903 1943 1936 ὅ(
1962 1913 2033 1936 om-

1090 1953 1233 1988 nimodis
1250 1950 1462 1986 exhortamur
1495 1974 1507 1991 ,
1533 1951 1693 1995 quatenus
1710 1951 1791 1985 sicut
1804 1952 1853 1985 vir
1872 1952 2042 1995 prudens,

1089 2005 1121 2038 δε
1133 2004 1303 2042 discretus,
1330 2000 1548 2036 neceffitatem
1568 2000 1725 2045 temporis
1736 2002 1873 2036 metiens
1883 2026 1893 2041 ,
1919 2002 1951 2035 ὅ(
1963 2012 2033 2043 quai

1092 2053 1168 2087 inde
1177 2051 1240 2087 tibi
1259 2051 1294 2085 ἀ
1306 2050 1454 2086 Ecclesiae
1465 2059 1528 2084 tuae
1538 2052 1666 2103 peffent
1677 2053 1849 2095 provenire
1869 2052 2010 2094 pericula
2021 2076 2033 2092 ,

1092 2101 1179 2137 fideli
1200 2099 1598 2138 meditatione‘attendens
1609 2124 1621 2141 ,
1646 2101 1886 2145 praenominato
1897 2101 1985 2145 Regi
1997 2102 2034 2136 in

1088 2151 1246 2187 ‚omnibus
1266 2151 1301 2186 &
1314 2162 1369 2194 per
1379 2149 1490 2185 omnia
1503 2174 1514 2190 ‚
1541 2150 1628 2185 salva
1651 2149 1823 2186 honestate
1843 2150 2036 2186 Ecclesiasti-

1093 2203 1124 2238 ci
1142 2201 1279 2236 Ordinis
1292 2223 1303 2239 ,
1327 2200 1449 2235 deferre
1470 2201 1617 2246 satagas,
1641 2201 1754 2245 &ejus
1769 2202 1829 2237 tibi
1842 2202 1982 2248 gratiam
1999 2202 2035 2236 δε

1093 2262 1237 2287 amorem
1258 2250 1450 2285 incessanter
1473 2260 1658 2293 recuperare
1675 2250 1840 2287 intendas.
1871 2252 1924 2286 Ne
1946 2251 2037 2287 secus

1093 2301 1264 2342 faciendo,
1290 2311 1367 2334 eum
1389 2309 1501 2335 contra
1524 2310 1584 2334 nos
1603 2301 1637 2335 δε
1658 2312 1715 2336 vos
1732 2302 1820 2346 ipsos
1839 2300 2036 2344 conturbes,

1094 2351 1198 2392 &hi,
1224 2350 1361 2395 quinon
1372 2350 1488 2384 eodem
1501 2351 1614 2397 spiritu
1636 2351 1825 2395 ambulant,
1851 2351 1911 2387 tibi
1935 2353 2040 2387 &no-

1098 2402 1147 2438 bis
1169 2401 1297 2435 valeant
1310 2408 1440 2444 propter
1461 2398 1706 2436 hocinsultare.
1730 2402 1805 2437 Nos
1822 2402 1934 2442 enim,
1960 2401 2038 2437 data

1097 2451 1192 2488 nobis
1209 2446 1458 2495 opportunitate
1479 2474 1490 2490 ‚
1514 2450 1557 2486 de
1572 2448 1699 2485 honore
1719 2452 1754 2486 ἀ
1775 2461 1956 2496 augmento
1976 2461 2038 2487 tuo

1095 2513 1171 2538 cum
1180 2500 1298 2536 eodem
1309 2500 1403 2545 Rege
1414 2499 1590 2545 diligenter
1608 2500 1643 2534 ἀ
1654 2500 1791 2536 sollicite
1809 2501 2014 2536 conferemus
2024 2525 2038 2543 ‚

1094 2552 1128 2588 dt
1160 2551 1247 2587 circa
1268 2549 1490 2585 conservanda
1506 2550 1576 2594 jura
1606 2551 1641 2585 δι
1674 2550 1854 2594 dignitates
1887 2550 2039 2585 Ecclesia

1095 2613 1158 2638 tuae
1177 2601 1381 2637 necessariam
1403 2599 1613 2645 diligentiam
1632 2598 1864 2635 adhibebimus
1876 2625 1886 2641 ‚
1911 2601 1944 2634 δε
1963 2611 2039 2636 cau·

1096 2653 1216 2692 telam,
1242 2661 1340 2694 quam
1362 2649 1519 2683 convenit
1538 2645 1714 2683 adhibere.
1740 2651 1867 2686 Datum
1878 2650 2038 2693 Senonia,

1096 2703 1194 2739 tertio
1204 2700 1368 2736 Kalendas
1380 2698 1495 2733 Martii
1506 2722 1512 2730 .
1540 2699 1610 2743 (41
1619 2697 1719 2747 164.)

1312 2797 1722 2837 EPISTOLJA
1774 2800 1819 2836 V.

1235 2900 1403 2936 Alexander
1433 2902 1523 2943 Papa
1554 2898 1677 2935 rhome
1705 2900 1915 2945 Cantuarienfi

1430 2948 1675 2995 Archi-Epfiopo
1685 2975 1692 2984 .

1203 3053 1261 3088 On
1278 3051 1325 3088 ob
1342 3050 1652 3098 gratiamconceffae
1669 3051 1864 3098 Legationis
1883 3062 1959 3088 tuus
1969 3051 2039 3088 ani·

1227 3114 1300 3138 mus
1307 3102 1455 3145 deficiat,
1480 3113 1544 3137 nec
1554 3100 1732 3137 deducatur
1743 3103 1776 3137 in
1788 3103 1920 3147 suspiria
1931 3103 2041 3146 despe-

1099 3154 1246 3190 rationis.
1274 3152 1445 3199 Qoniam
1465 3163 1525 3186 nos
1535 3152 1709 3194 antequam
1728 3152 1770 3187 ad
1785 3152 1848 3187 hoc
1868 3152 2038 3187 deducere·

1100 3215 1195 3245 mur,
1216 3203 1401 3239 &liberum
1422 3201 1634 3236 tribueremus
1652 3203 1845 3243 consensum
1862 3227 1873 3243 ‚
1898 3199 2040 3245 praedicti

1101 3254 1227 3289 Nuncii
1238 3253 1335 3288 nobis
1346 3263 1387 3287 ox
1401 3262 1487 3295 parte
1497 3252 1592 3297 ipsius
1606 3252 1708 3297 Regis
1727 3252 1860 3287 firmiter
1880 3252 1915 3284 in
1939 3248 2040 3284 verbo

1102 3304 1245 3340 veritatis
1265 3301 1500 3347 promiserunt,
1525 3301 1662 3346 &super
1683 3301 1770 3342 hoc,
1794 3302 1816 3334 fi
1829 3300 1984 3335 vellemus
1995 3309 2041 3333 re·

1100 3354 1207 3398 cipere
1218 3379 1228 3394 ‚
1240 3353 1456 3395 iuramentum
1467 3352 1658 3398 obtulerpt
1667 3375 1679 3392 ,
1705 3348 1794 3394 quod
1810 3350 1990 3393 numquam
2003 3349 2041 3382 si-

1103 3415 1142 3440 ne
1164 3402 1363 3441 conscientia
1389 3401 1424 3437 ἀ
1444 3402 1616 3438 voluntate
1641 3399 1742 3437 vestra
1771 3397 1907 3484 eaedenk
1924 3398 2040 3483 lissterae

1912 3460 1944 3484 rc
1970 3461 1994 3482 t-
