2358 3776
397 109 491 143 120

471 195 883 274 Ειηετῖοιιι
985 225 1144 263 xc1x.

325 322 477 379 Thomas
496 303 740 364 Cantuatienfis
761 323 892 360 Archi·
879 322 1083 371 -Episcopus
1103 324 1274 362 Gaufredo

568 375 670 414 Ridel
695 372 826 412 Archi
835 374 1012 414 Diacono

319 478 446 513 Thomas
479 481 536 512 Dei
568 481 675 521 gratia
717 474 929 517 cantuariens
914 488 941 510 s
973 448 1109 519 Ecolefiae
1140 477 1273 517 Minister

366 528 515 568 humilis,
551 537 586 570 ,φ
605 525 769 569 apostolica
806 528 890 560 Sedis
915 529 1046 572 Legatus
1073 552 1084 569 ,
1120 528 1274 569 Gaufredo

337 599 340 601 -
366 578 573 616 inobedienti,
597 576 686 610 Archi
699 581 850 613 -ziiacono
860 577 1088 622 Cantumenfi‚
1114 577 1271 622 consultiiis

336 656 338 659 ,
358 627 415 671 fibi
430 625 600 671 prospicere
616 634 739 670 propter
761 627 991 664 inobedientiam
1003 651 1012 662 .

430 727 592 764 ISIMUS
617 727 681 763 tibi
707 728 772 771 jam
797 725 920 770 pridem
958 730 1185 773 praeceptotias
1213 726 1272 763 sub

453 778 719 814 interminatione
734 788 835 821 poenae
846 802 857 818 ‚
868 808 869 811 ,
882 777 944 819 sub,
955 777 1117 814 dilatione
1136 777 1270 823 quadra-

313 829 409 875 ginta
429 827 597 869 dierum„
633 838 792 870 quatenus
813 828 897 863 infra
917 828 1047 864 eosdem
1076 830 1117 864 ad
1140 841 1200 864 nos
1223 840 1274 863 ve-

310 879 400 913 nires
436 903 448 920 ,
471 878 688 916 satisfadurus
712 877 809 911 nobis
830 889 899 922 pto·
917 879 1019 915 officii
1049 880 1096 914 tui
1119 879 1231 913 debito
1263 903 1271 912 ,

308 927 482 964 Mittimus
499 940 592 963 nuuc
610 928 815 967 uortessorias
836 931 861 969 -,’
873 928 907 964 δε
932 929 1052 964 merito
1066 930 1270 973 punitorias,

310 978 415 1019 sinon
437 978 563 1013 veneris
574 977 780 1025 responsurus
817 979 914 1015 nobis
935 978 976 1015 de
1000 978 1226 1014 inobedientia
1261 1001 1272 1017 ,

306 1029 526 1065 satisfacturus
548 1028 589 1064 de
613 1028 919 1066 communicatione
953 1030 1270 1064 excommunicato·

305 1087 404 1118 rum,
429 1077 684 1122 excepturusde
704 1088 843 1120 utroque
854 1078 944 1123 quod
969 1080 1132 1114 meruisti.
1160 1079 1270 1122 Hujus

305 1127 718 1174 reiexequendaesdarnus
748 1127 812 1166 tibi
854 1129 943 1166 diem
969 1131 1222 1174 peremptorium
1256 1154 1265 1169 ,

306 1175 590 1222 quadragefimum
624 1176 776 1222 equidem
798 1177 817 1211 ὲ
845 1180 1043 1222 praesentatis
1066 1180 1128 1215 tibi
1154 1179 1273 1214 litteris

308 1227 448 1268 nostris,
475 1229 540 1262 five
563 1228 677 1266 fraude
698 1238 754 1262 tua
773 1229 910 1265 minusa
930 1239 963 1265 te
987 1231 1124 1274 receptis
1153 1254 1164 1270 ‚
1201 1229 1266 1263 five

305 1277 554 1321 pmsumptione
577 1277 744 1312 refutatis.
784 1277 874 1312 Veni
897 1303 909 1319 ‚
944 1288 982 1312 ut
1003 1280 1120 1314 evadas
1133 1290 1264 1322 poenam

671 1325 850 1368 Accelera,
875 1327 1048 1368 utlaetetur
1074 1330 1265 1364 Ecclefiade

302 1378 584 1415 convertionetua
599 1402 606 1409 .
634 1377 689 1411 Ne
701 1378 938 1418 confundaris,
967 1389 1004 1413 ut
1024 1380 1146 1415 sentias
1171 1390 1263 1415 com-

762 1440 771 1461 :
804 1438 843 1463 ut
862 1429 1063 1469 convertarIs
1098 1454 1110 1472 ,
1144 1428 1259 1468 fittibi
1290 1437 1292 1466 ἲ

1320 1477 1365 1519 iit
1385 1477 1447 1514 tibi
1470 1478 1560 1513 vale·
1653 1499 1660 1508 ν
1681 1499 1710 1518 z.
2133 1500 2136 1506 “
2218 1507 2221 1509 ·
2256 1478 2287 1512 ²¹

305 1337 366 1371 pro
375 1335 448 1362 non
459 1326 623 1364 veniendo
635 1351 643 1360 .

300 1427 447 1462 modum
462 1427 503 1462 de
526 1426 719 1465 confufione

303 1476 394 1521 quod
404 1477 580 1513 metueris

374 1572 913 1613 -issl’lsToLA
991 1557 1078 1613 ἐ,

297 1652 461 1712 Thomu
477 1643 723 1711 Cannu-rienfis
749 1673 877 1709 Archi·
867 1652 1074 1720 -Episcopus
1109 1677 1261 1721 Jocelin'o
1288 1683 1290 1685 ’

321 1743 328 1760 ι
400 1742 402 1745 r
547 1723 779 1759 Satesberienfi
802 1722 994 1766 Episcopo.

300 1824 431 1861 Thomas
452 1829 512 1859 Dei
528 1829 634 1870 gratt'ae
658 1808 886 1865 Gaentuaerienfis*
905 1821 1038 1863 Ecclefiae
1061 1824 1194 1865 MIniJler
1206 1797 1257 1859 his-

350 1878 433 1911 milis
456 1873 627 1909 Venerabili
652 1876 760 1907 Fratri
773 1874 913 1919 Jocelino
926 1895 938 1913 ,
963 1875 1068 1908 eadem
1083 1882 1190 1918 gratia
1203 1879 1255 1909 Ια-

320 1942 342 1959 a}
355 1923 532 1965 resberiensi
546 1921 692 1967 Episcopo
705 1948 716 1964 ,
743 1923 811 1965 visis
821 1924 935 1956 litteris
958 1923 1061 1963 nostris
1075 1925 1180 1964 statim
1197 1925 1258 1967 resi-

331 1996 335 1997 ν
346 1974 463 2019 pist-en
485 1976 506 2007 a*
530 1974 608 2007 malo
629 1996 641 2013 ‚
676 1975 711 2008 (9·
744 1974 782 2008 de
812 1981 917 2008 caetero
945 1973 1123 2015 constantias
1151 1975 1257 2017 facere

346 2026 477 2060 bonum.
490 2028 493 2032 ⁴
506 2053 508 2055 .

395 2103 582 2160 ELEBRE
608 2103 816 2169 proverbium
838 2123 910 2159 est:
936 2125 1071 2158 Facilius
1095 2124 1134 2166 est
1157 2130 1257 2159 vitare

418 2173 600 2218 discordem,
627 2177 719 2218 qua'm
741 2177 889 2210 declinare
901 2174 1051 2216 fallacem
1068 2199 1076 2206 .
1106 2176 1187 2209 Inde
1198 2176 1256 2214 est,

303 2224 399 2271 quod
413 2226 720 2270 quamvisc‹propter
731 2225 917 2260 fallentium
938 2224 1078 2268 argutias
1092 2247 1102 2263 ‚
1128 2235 1256 2268 propter

301 2274 410 2311 animi
421 2275 471 2309 tui
481 2274 687 2310 debilitatem
701 2299 712 2314 ‚
737 2285 866 2317 propter
878 2275 1080 2316 propositum
1103 2273 1162 2307 tibi
1186 2286 1256 2309 cor·

301 2325 392 2370 poris
405 2326 453 2359 tui
463 2325 498 2358 δε
507 2328 643 2359 [tuorum
655 2325 828 2358 discrimen
841 2322 977 2356 videaris
988 2323 1194 2366 aliquatenus
1204 2336 1260 2357 ex-

302 2374 641 2419 cusabssisappareoe,
668 2385 737 2408 non
762 2371 837 2408 ideo
849 2373 958 2407 minus
971 2383 1075 2408 ratum
1099 2372 1255 2410 habemus

303 2435 337 2460 te
357 2426 501 2468 graviter
512 2424 708 2459 commififfe
720 2424 752 2456 in
767 2422 909 2457 Domini
934 2422 1029 2466 Papae
1040 2423 1232 2459 mandatum
1243 2449 1254 2464 ,

306 2472 634 2510 meritoincidiffein
649 2472 810 2507 interdicii
833 2472 933 2506 nostri
947 2474 1162 2513 sententiam,
1188 2486 1254 2508 rem

307 2525 407 2559 talem
420 2524 522 2568 egisse
535 2547 547 2563 ‚
569 2530 701 2566 proflua
723 2522 1096 2562 totusMundushabet
1116 2524 1256 2558 clamare

304 2574 375 2620 post
399 2579 432 2608 te
453 2598 460 2605 .
497 2571 548 2606 Εὸ
568 2571 714 2606 maxime
735 2572 825 2615 quod
845 2582 962 2607 contra
985 2573 1126 2607 Domini
1162 2573 1255 2617 Papae

308 2623 500 2659 mandatum
522 2623 727 2666 expressum,
756 2634 797 2657 ne
818 2622 854 2656 in
869 2622 1011 2660 Ecclesia
1030 2624 1255 2660 saresberiensi

306 2675 428 2718 absque
452 2673 702 2708 Canonicorum
716 2671 860 2715 ejusdem
872 2696 883 2713 ‚
909 2672 1115 2711 exultantium
1127 2685 1186 2718 pro
1201 2686 1256 2708 no·

304 2725 356 2760 bis
370 2725 404 2758 ὅ(
431 2723 602 2758 nobiscum
616 2747 627 2762 ,
653 2723 811 2756 consensu
824 2724 856 2756 δε
869 2723 1071 2758 conscientia
1083 2749 1095 2765 ,
1120 2735 1181 2758 nec
1202 2736 1256 2767 per

306 2785 362 2816 te,
389 2785 450 2810 nec
462 2785 520 2818 per
539 2772 688 2818 ciericos
701 2781 798 2813 tuos,
823 2773 979 2807 Decanus
989 2771 1113 2808 ibidem
1132 2775 1255 2809 consti-

307 2831 453 2861 tueretur
478 2837 486 2856 :
524 2830 640 2859 contra
659 2822 801 2857 nostram
825 2821 925 2856 etiam
957 2822 1216 2867 prohibitionem
1243 2850 1255 2867 ,

309 2874 368 2909 sub
397 2872 602 2910 anathemate
623 2874 762 2914 factam,
789 2873 916 2907 Decani
938 2873 1070 2909 noviter
1080 2874 1115 2909 in
1139 2874 1256 2910 Eccle-

307 2924 352 2959 fia
374 2933 431 2959 tua
464 2924 594 2961 abusive
615 2924 713 2959 creati
735 2922 948 2958 intrusionem
977 2925 1221 2960 confirmaveris
1249 2938 1256 2958 z

309 2974 401 3018 cujus
421 2975 589 3009 occasione
611 2973 786 3018 juramenti
804 2997 816 3014 ,
841 2973 922 3008 ficut
937 2973 1039 3018 vulgo
1049 2974 1176 3010 celebre
1187 2975 1254 3017 est,

310 3023 448 3059 schisma
466 3026 532 3068 jam
553 3024 618 3059 fere
640 3034 826 3060 emortuum
842 3024 959 3057 revixit
981 3024 1015 3057 in
1041 3023 1257 3066 Alemannia,

311 3084 378 3118 quo
388 3075 549 3110 credimus
565 3086 639 3109 eum
653 3076 724 3120 ipso
747 3073 815 3116 jure
825 3072 930 3108 haerefi
942 3073 1097 3109 damnata
1110 3076 1256 3117 involvi,

310 3124 369 3168 qui
393 3125 643 3168 participatione
656 3124 746 3163 illius
755 3124 1075 3170 grandis&ins1gnis
1098 3125 1256 3160 schisma-

313 3174 394 3216 tici,
421 3174 659 3210 Coloniensem
683 3176 801 3219 loquor
816 3199 827 3214 ‚
853 3174 1256 3209 excommunicationisin

314 3226 347 3259 se
363 3225 557 3268 provocavit
569 3226 763 3260 sententiam
776 3250 783 3257 .
812 3224 918 3259 Unde
930 3224 1088 3268 quoniam
1103 3225 1256 3259 novimus

312 3274 428 3309 scienti
441 3275 587 3310 fraudem
600 3275 737 3310 minime
749 3275 818 3309 fieri
835 3275 922 3318 poffe
935 3298 946 3314 ,
973 3274 1007 3308 ὅ(
1018 3274 1080 3308 effe
1091 3273 1254 3318 iniquum,

314 3323 470 3368 omnique
488 3326 667 3362 Canonico
677 3325 739 3369 juri
753 3326 953 3358 contrarium
964 3349 977 3365 ‚
990 3326 1071 3358 'rem
1089 3333 1154 3358 tam
1167 3324 1254 3359 dete-

316 3370 486 3413 stabilem,
510 3385 581 3410 tum
594 3385 724 3420 propter
744 3375 885 3415 fastum,
911 3384 983 3408 turn
1008 3383 1135 3418 propter
1152 3376 1254 3418 perso-

315 3431 416 3465 nam,
442 3422 684 3468 Ecclefiaetuae,
712 3435 779 3461 rem
793 3424 893 3470 ipsam
905 3434 974 3460 tam
986 3424 1230 3462 incommodam
1242 3449 1268 3468 ‚.

1034 86 1586 141 EPIS'E'OLAE

1333 175 1406 211 aliis
1429 175 1583 220 exemplo
1603 183 1672 211 tam
1698 173 1934 219 perniciosam,
1968 188 2070 214 ratam
2094 180 2129 214 ἀ
2149 179 2277 215 firmam

1335 227 1519 263 nullatenus
1526 227 1617 272 poffe
1628 236 1760 261 manere
1771 250 1783 267 ‚
1810 228 1967 270 quoniam
1990 230 2081 273 ipso
2070 240 2140 274 Jure
2150 240 2221 264 non
2232 240 2278 265 te-

1326 287 1431 320 neat,
1459 276 1652 323 Apostolica
1673 275 1922 311 authoritate&
1925 275 2052 319 nostra,
2076 291 2143 324 qua
2163 279 2278 325 fungi..

1334 338 1407 363 mur
1416 351 1428 369 ‚
1455 329 1557 372 ipsam
1580 327 1797 367 electionem,
1825 323 1930 361 immo
1951 325 2160 365 intrusionem
2179 355 2192 372 ,
2235 330 2285 364 de

1334 376 1461 420 Ioanne
1484 378 1525 413 de
1540 376 1753 414 Oxeneford
1746 388 1780 410 in
1793 376 2001 411 Decanatum
2014 377 2126 412 fastam
2138 403 2150 419 ,
2167 390 2288 415 tuam-

1334 438 1398 471 que
1417 429 1511 473 supet
1522 426 1586 463 hoc
1607 428 1678 472 ipso
1701 427 1987 462 confirmationem
2008 427 2042 462 &
2062 427 2219 464 assensum
2241 431 2291 463 in*

1334 476 1460 513 irritum
1479 489 1671 514 revocamus
1689 503 1701 519 ‚
1726 478 1762 512 &
1785 487 1894 513 totum
1914 478 2035 512 facium
2061 478 2280 524 ipsumiquas-

1335 528 1440 562 samus
1449 527 1579 572 penitus
1594 554 1600 561 .
1629 528 1673 563 Et
1684 529 1762 572 quia
1773 539 1888 563 contra
1901 538 2111 563 communem
2127 527 2279 563 Ecclefiae

1334 578 1498 620 formam,
1523 588 1638 614 contra
1661 578 1856 613 mandatum
1877 577 2020 613 Domini
2044 576 2159 621 Papae,
2197 578 2277 613 ficut

1335 627 1558 671 praediximus,
1587 630 1770 673 lapsusipse
1781 630 1816 662 in
1831 627 1969 664 haerefim
1979 628 2168 663 damnatam
2186 652 2198 669 ,
2223 639 2288 663 eie.

1333 680 1595 716 communicatus
1641 678 1894 723 participatione
1947 679 2229 713 excommunicati
2257 702 2270 718 ,

1334 728 1428 762 ausus
1444 728 1489 763 est
1509 729 1717 764 Decanatum
1748 730 1854 773 ipsum
1890 731 2032 774 recipere
2053 753 2065 770 ,
2104 740 2146 763 ne
2164 738 2273 763 ‚teme-.

1335 778 1410 812 ritas
1438 778 1665 814 invadentium
1686 780 1849 823 impunita
1864 780 2039 814 succrescat
2054 803 2065 819 ,
2093 779 2127 812 in
2152 778 2274 813 virtute

1333 827 1526 863 obedientiae
1546 828 1605 863 tibi
1626 830 1661 864 ὅς
1689 829 1870 864 Canonicis
1895 831 1959 864 tuis
1997 830 2030 862 in
2054 828 2199 873 periculo
2225 835 2287 862 ora<

1332 877 1419 912 dinis
1431 878 1522 912 vestri
1535 878 1722 916 mandando
1733 881 1932 923 praecipimus
1945 903 1955 919 ,
1982 891 2023 913 ne
2034 880 2074 913 de
2096 889 2212 912 caetero
2229 879 2288 919 vif»

1331 928 1367 962 fis
1398 929 1515 964 litteris
1549 929 1666 964 nostris
1706 940 1750 963 ex
1789 930 1853 964 hoc
1880 931 1965 964 facto
1978 940 2062 963 -eum
2100 930 2284 964 Decanuim

1325 975 1500 1022 habeatis.-
1525 979 1683 1022 quoniam
1702 980 1737 1013 &
1761 979 1821 1012 tibi
1832 977 1873 1013 ad
1887 980 2019 1021 praesens
2041 978 2286 1013 excommnni-¹

1332 1035 1441 1061 catum
1453 1028 1715 1068 denunciamus,
1743 1028 1914 1067 &uteum
1934 1027 2036 1064 talem
2057 1029 2286 1069 denunciestsae

1325 1077 1485 1112 firmiter
1478 1078 1700 1122 injungimus.
1729 1077 1883 1113 Praeterea
1892 1082 1983 1113 neex
1993 1075 2072 1114 h'oc-
2080 1078 2287 1119 commffln

1323 1138 1397 1168 2quo
1414 1129 1447 1161 in
1460 1137 1493 1161 te
1514 1127 1714 1177 severiorem
1721 1125 1910 1173 provocasti
1915 1126 2288 1173 sententiamnmnfiaq

1332 1177 1535 1221 impunitus,
1561 1176 1764 1213 authoritate
1778 1177 1843 1215 Dei
1855 1177 1899 1213 &
1902 1176 2015 1219 nonita.
2022 1174 2064 1214 ab
2075 1176 2191 1213 officio
2200 1177 2289 1225 Epig

1331 1228 1453 1288 scopali
1469 1228 1503 1263 &
1516 1227 1715 1262 sacerdotali
1726 1236 1759 1261 te
1778 1226 2027 1270 suspendimus,
2054 1227 2289 1273 proecipiqneen

1323 1277 1365 1310 'ut
1387 1289 1405 1312 a
1425 1276 1479 1316 die
1494 1277 1705 1320 susceptionis
1724 1277 1904 1311 litteratum
1929 1278 2112 1313 nostrarum
2134 1277 2170 1311 in
2187 1275 2288 1324 «ἰωὴ

1329 1328 1454 1365 meuses
1468 1327 1630 1364 veniendi
1643 1327 1764 1365 nanos
1787 1327 1846 1361 iter
1867 1327 2022 1383 arripias,
2060 1325 2287 1362 satisfassu'rm

1322 1376 1608 1415 ·Deo&n0bisde
1618 1386 1714 1412 tanto
1736 1378 1889 1418 excessu,
1913 1377 1980 1413 de
1970 1377 2094 1420 iniuria
2113 1387 2286 1420 campen-r

1322 1423 1461 1471 fspicua.
1487 1427 1539 1462 Ex
1550 1438 1618 1472 quo
1627 1427 1814 1472 resipueris,
1822 1428 1855 1464 &
1865 1426 2090 1490 emendaveris
2099 1422 2288 1507 delicium

1501 1577 1533 1611 E
1557 1575 1585 1610 P
1612 1577 1629 1610 1
1653 1578 1676 1612 8
1701 1577 1738 1612 T
1762 1579 1797 1613 Ο
1823 1579 1853 1613 L
1878 1577 1911 1612 A
2011 1577 2088 1613 CI..

1325 1672 1479 1712 Thomas
1503 1674 1726 1710 Cantuarrens
1718 1686 1743 1709 s
1776 1673 1901 1710 Archi·
1910 1642 2095 1720 Episnopus·
2113 1674 2285 1720 Cimo».

1320 1747 1324 1753 .
1673 1725 1922 1759 Saresberienfi
1945 1732 1963 1754 ’ἃ
2171 1728 2284 1761 iuri*

2124 1786 2127 1792 ¹
2230 1784 2245 1794 ’
2269 1784 2284 1808 ι

1321 1820 1449 1855 Thomas
1471 1823 1529 1855 Dei
1545 1827 1651 1866 gratia
1672 1822 1887 1865 cantuariens
1872 1837 1899 1857 s
1914 1822 2048 1865 Ecclefiae
2071 1823 2207 1864 Minnica:
2217 1823 2286 1864 &t

1371 1874 1451 1905 milis
1463 1871 1604 1915 universo
1622 1872 1837 1915 Saresberzcns
1823 1886 1849 1907 s
1871 1873 2006 1916 Ecclefiae
2017 1875 2157 1917 Capitale
2170 1873 2286 1918 saun-2

1370 1928 1424 1956 tiae
1449 1923 1482 1957 (9
1505 1922 1633 1963 Consilii
1637 1921 1817 1966 spiritum

2276 1996 2292 2012 l

1385 2020 1519 2060 UPER
1546 2022 1717 2065 prudentia
1726 2024 1826 2058 vestra
1849 2035 1918 2059 non
1940 2025 2014 2059 satis
2031 1992 2284 2068 possumusne-J

1353 2105 1374 2110 ..
1407 2070 1515 2105 mirari
1519 2095 1541 2112 ,
1565 2084 1632 2116 quo
1643 2074 1723 2107 ausu
1735 2096 1746 2114 ,
1764 2073 1868 2109 immo
1877 2085 1941 2118 qua
1953 2077 2137 2110 temeritate
2157 2087 2282 2120 quem-z.

1320 2122 1396 2154 dam
1411 2121 1502 2163 ipso
1493 2132 1567 2166 Jure
1574 2124 1897 2161 excommunicatum
1913 2125 2054 2171 ‚utpote
2065 2126 2122 2170 qui
2129 2127 2167 2160 in
2176 2127 2267 2161 dam.-

1320 2179 1429 2203 natam
1444 2170 1584 2206 haerefim
1606 2173 1746 2214 incidit,
1771 2174 1866 2209 illum
1876 2175 1976 2210 etiam
2001 2178 2057 2223 qui
2078 2175 2282 2219 juramento

1320 2221 1398 2253 suo
1390 2232 1423 2255 in
1440 2221 1639 2257 Alemannia
1664 2231 1867 2282 penpetrato,
1892 2226 1971 2259 ficut
1986 2227 2086 2261 scitur
2097 2226 2140 2260 ab
2151 2226 2268 2260 omui-

1319 2269 1403 2309 bus,
1428 2270 1566 2306 schisma
1577 2284 1761 2315 revocavit,
1789 2286 1822 2308 ru
1845 2275 2032 2310 Decanum
2043 2275 2204 2311 Ecclefiae-
2213 2286 2281 2311 ver«

1319 2319 1386 2353 strae
1396 2319 1575 2364 elegeritis.
1595 2324 1758 2365 Ioannem
1771 2324 1912 2358 dicimus
1925 2326 1966 2359 de
1976 2325 2188 2360 oxeneford.
2210 2323 2282 2361 lt-

1316 2370 1475 2404 consultis
1486 2371 1585 2405 etiam
1599 2372 1665 2404 illis
1675 2395 1686 2412 ,
1714 2373 1771 2416 qui
1785 2374 1954 2407 nobiscum
1969 2375 2276 2417 propterjustitiam·

1315 2420 1348 2453 δι
1368 2420 1519 2454 Ecclefiae
1529 2421 1713 2456 libertatem
1736 2423 1872 2455 exulant
1886 2448 1893 2454 .
1922 2423 2094 2459 Praesertim
2106 2432 2182 2458 eum
2195 2425 2263 2458 fine

1316 2468 1388 2512 ipfis
1399 2482 1439 2504 ne
1450 2470 1484 2504 id
1505 2471 1618 2512 fieret,
1645 2471 1789 2515 specialis
1814 2470 1967 2507 inhibitio
1976 2472 2127 2507 Romani
2147 2472 2278 2508 Ponti·¹

1316 2520 1386 2554 ficis
1397 2520 1439 2555 ad
1452 2532 1511 2555 vos
1530 2522 1713 2565 pervenerit
1724 2547 1731 2554 .
1762 2522 1807 2555 Et
1817 2523 1926 2555 nostra
1940 2522 2057 2563 pariter
2069 2522 2227 2565 proceffie,
2238 2541 2279 2563 ,ι

1317 2571 1427 2605 nescio
1438 2572 1581 2606 tamensi
1603 2571 1643 2606 ad
1668 2583 1725 2606 vos
1740 2573 1840 2613 usque
1862 2571 2060 2615 pervenerit.
2086 2571 2277 2616 Propterea·

1315 2620 1406 2664 quod
1427 2622 1511 2655 circa
1533 2623 1740 2656 Decanatum
1762 2621 1872 2656 minus
1892 2620 2041 2665 consulte
2051 2623 2155 2656 actum
2169 2623 2276 2664 ‘este-,v

1315 2670 1420 2709 immo
1433 2682 1549 2705 contra
1560 2682 1694 2706 omnem
1715 2671 1791 2714 juris
1808 2672 1975 2712 ordinem,
1997 2672 2184 2714 ‚quammus
2203 2679 2281 2716 pem

1315 2718 1425 2762 ιιίιίις,
1451 2722 1486 2757 &
1501 2732 1690 2762 revocamus
1713 2723 1747 2756 in
1770 2722 1917 2761 irritum,
1938 2720 2137 2759 ,mandantes
2164 2723 2276 2758 vobis-1

1315 2769 1404 2814 quod
1426 2771 1491 2814 jam
1503 2773 1624 2806 dictum
1637 2772 1795 2815 Joannem
1814 2771 2141 2807 excommunicatum
2160 2771 2274 2808 habe.

1315 2832 1388 2855 mus
1411 2845 1423 2861 ‚
1459 2822 1494 2856 &
1515 2821 1608 2856 vobis
1624 2822 1949 2859 excommunicatum
1979 2821 2221 2858 denunciamus
2245 2832 2278 2865 ,ἰ

1316 2871 1511 2915 Apostolica
1524 2870 1724 2907 authoritate
1735 2872 1769 2906 &
1781 2873 1889 2906 nostra
1900 2869 2107 2912 inhibentes,
2136 2884 2179 2907 ne
2189 2873 2256 2916 jam
2271 2894 2279 2908 ι

1315 2921 1586 2966 praenominatum
1603 2922 1761 2966 J'o’annem
1775 2932 1832 2964 pro
1853 2922 1992 2956 Decauo
2003 2920 2148 2957 habeatis
2159 2947 2171 2963 ,
2195 2933 2256 2958 nec
2271 2940 2279 2946 -

1313 2971 1344 3007 ei
1383 2971 1607 3006 obedientiam
1638 2973 1691 3005 seu
1713 2972 1926 3005 reverentiam
1948 2972 2088 3008 Decauo
2108 2972 2275 3008 debitam:

1312 3020 1513 3056 exhibeatis.
1541 3021 1745 3064 Praecipimus
1767 3022 1866 3056 etiam
1878 3020 1937 3056 sub
1949 3020 2116 3057 ordinis&
2136 3021 2271 3059 benai-1

1311 3073 1436 3107 ciorum
1458 3071 1633 3106 vestrorum
1655 3071 1801 3113 periculo
1825 3097 1837 3113 ‚
1872 3081 2035 3115 quatenus
2061 3073 2132 3117 post
2155 3073 2275 3106 susce-.-

1312 3122 1460 3167 ptionem
1482 3121 1596 3156 harum
1618 3121 1798 3156 litterarum
1821 3122 1905 3157 infra
1938 3122 2023 3157 duos
2042 3121 2164 3157 menses
2194 3124 2274 3156 vos*

1311 3173 1491 3215 conspectui
1516 3171 1627 3206 nostro
1641 3171 1838 3215 praesentetis
1851 3196 1862 3213 ,
1886 3172 2069 3207 satisfacturi
2090 3173 2184 3215 supet
2205 3172 2255 3206 in-

1310 3223 1391 3267 iuria
1402 3222 1436 3258 δε
1450 3230 1643 3267 contemptu
1658 3221 1798 3258 Domini
1809 3222 1905 3269 Papae
1916 3246 1928 3266 ,
1938 3223 1973 3258 &
1983 3222 2099 3258 nostri.
2125 3220 2255 3258 Valete.

2097 3471 2209 3508 EPI-
