2358 3776
495 75 740 126 EPIST.
785 77 1184 146 'SC‘THOMAE-
1217 75 1456 124 CANT.
1512 81 1648 130 LIB.
1685 87 1762 133 11.
1920 107 2022 152 ‚231

140 180 148 188 ‘
158 181 226 210 tere
243 169 425 205 moliuntur
435 191 443 200 .
470 166 504 201 Si
519 167 593 201 illis
611 166 632 202 d
673 165 786 201 ernitis
807 161 1046 211 ignoscendum
1072 186 1083 203 ‚

157 225 232 271 qnia
242 228 392 264 potentes
412 219 511 259 sunt,
530 228 596 251 nos
615 218 661 251 im
723 215 814 255 illes,
838 215 886 249 illi
897 211 1046 256 opulenti
1072 237 1083 253 ‚

152 278 214 312 ηδε
235 281 405 316 pauperes„
431 269 452 303 fi
473 278 620 312 tempora
641 265 819 310 periculosa
839 262 1026 302 metimini,
1062 263 1082 296 fi

151 325 221 361 dies
230 322 335 358 malos
344 319 558 364 expavescitis
567 342 578 357 ,
604 327 640 352 ut
651 327 765 351 contra
776 315 944 358 justitiam
957 312 1084 346 ducatis

144 380 209 421 ‘pro
221 373 345 407 malitia
355 369 606 414 dispensandum
621 392 631 408 ‚
657 365 806 409 nunquid
817 364 946 398 creditis
957 373 1014 396 vos
1025 361 1084 396 hac

135 427 204 460 ''via
216 425 324 458 Deum
335 421 460 466 placare
473 419 560 463 posse
571 441 581 456 ‚
608 428 644 451 ut
656 414 789 453 meliora
807 424 953 456 tempora
965 413 1084 457 largia-

150 477 205 510 t'ur
215 499 227 515 ,
252 484 290 508 ut
302 478 360 507 vos·
369 472 451 506 ditet
463 471 496 504 δι
507 468 636 503 roboret
647 491 659 508 ‚
683 467 718 500 ἀ
737 464 936 499 adversarios
959 463 1085 497 nostros

147 534 303 560 extenuet
315 524 348 557 δε
357 520 509 556 enervet?
534 518 569 551 N
572 516 695 558 unquid
707 514 772 549 haec
782 514 830 549 est
845 514 897 547 via
919 512 1084 547 Domini?

151 574 229 610 Ubi
239 576 310 609 Lex
322 572 335 604 ?
362 570 438 606 Ubi
450 567 642 612 Prophetae?
670 566 746 602 Ubi
758 563 977 608 Evangelium
989 562 1083 597 Chri-

148 625 214 660 sti?
241 619 317 661 Ubi
326 617 474 663 exempla
494 618 536 652 &²
549 615 911 652 Decretasanztomm?
936 615 1008 648 Lex
1023 614 1082 648 uti—

146 686 210 719 que
220 673 415 718 sempiterna
424 669 469 704 est
482 693 494 710 ,
519 668 553 702 ἀ
565 667 647 702 solvi
658 676 727 701 non
737 664 841 710 potest
854 677 861 697 :
890 666 976 708 ,Quia
984 669 1016 696 in
1027 673 1083 707 quo

143 720 500 766 judicioJudnaomtis,
519 717 753 760 judicabimini,
776 716 814 749 ὁ·
830 723 885 757 per
905 722 1082 757 quaepeccar

149 781 218 817 quis
227 799 238 814 ,
259 783 316 815 per
327 772 389 805 baec
399 773 433 805 Ca·
440 774 565 812 punitur
575 792 583 800 .
611 766 674 801 Sed
692 766 823 800 fortasse
834 765 956 799 minuti
968 764 1081 806 homi-

149 835 207 861 nes
225 821 354 868 indigni
375 821 527 854 videntur
538 841 550 857 ‚
575 826 612 850 ut
623 827 682 859 pro
692 816 738 850 eis
750 816 833 850 tanti
853 815 1020 859 Principes
1029 814 1082 849 de·

142 875 241 910 beant
250 870 451 910 exacerbari,
478 868 512 902 δε
523 875 582 911 pro
606 866 682 902 aliis
699 866 788 910 aeque
802 865 994 910 potentibus
1004 866 1081 899 effer

137 924 230 969 rigor
240 921 370 966 justitiae
380 915 579 954 exercendus
590 941 597 949 .
625 916 752 952 Verum
763 914 831 951 haec
841 927 912 951 non
926 914 1080 960 Apostoli

141 973 309 1009 distinctio
325 970 371 1006 est
383 994 395 1011 ,
421 968 476 1003 sed
498 967 663 1012 redarguti
682 964 872 1010 philosophi
892 965 1079 1001 Tranfima-

140 1021 195 1059 chi
209 1048 220 1064 ,
245 1020 435 1057 definientis
445 1019 481 1052 in
493 1029 535 1051 eo
544 1016 691 1051 constare
712 1017 873 1060 justitiam
886 1041 897 1057 ,
923 1027 961 1051 ut
983 1015 1077 1060 pluri-

123 1071 230 1109 ‘mum
243 1072 339 1116 proiit
348 1070 402 1110 ei,
429 1068 486 1112 qui
501 1067 676 1112 plurimum
691 1067 794 1110 potest
806 1091 817 1107 ,
843 1079 920 1102 cum
934 1066 1077 1101 econtra

135 1122 265 1168 probati
276 1119 474 1165 'philosophi
501 1117 691 1152 definierint
710 1128 783 1152 eam
800 1118 863 1151 effe
887 1119 1042 1151 virtutem
1067 1141 1078 1157 ,

136 1184 208 1216 quae
235 1170 410 1216 plurimum
434 1167 560 1212 prodest
581 1168 611 1201 ei
624 1192 635 1207 ‚
661 1167 719 1211 qui
739 1168 916 1201 minimum
937 1168 1041 1210 potest
1067 1190 1075 1197 .

122 1222 271 1257 ⁴[Aberat
278 1223 367 1255 enim
380 1229 552 1263 pauperem
572 1218 591 1251 a
601 1216 743 1250 Potente
754 1218 803 1256 ,δι
822 1216 970 1251 decernit
982 1218 1074 1249 meri-

132 1273 176 1306 tis
186 1273 329 1315 premia,
356 1279 424 1304 non
445 1267 590 1310 personis
606 1290 614 1297 .
641 1266 676 1299 Si
697 1266 775 1299 Rex
794 1266 953 1299 immunis
973 1264 1074 1299 credi·

137 1331 212 1361 tur,
238 1322 315 1363 quia
336 1318 412 1352 licet
430 1317 526 1359 ipfius
549 1312 749 1348 authoritate
765 1337 777 1353 ‚
803 1313 946 1348 aliorum
959 1323 1070 1348 tamen

135 1369 321 1404 ministerio
336 1365 494 1401 maleficia
503 1374 694 1399 exercentur
702 1364 820 1407 ,potest
830 1364 864 1398 δι
873 1364 983 1399 David
1000 1375 1070 1399 non

131 1418 286 1464 imputari
298 1417 427 1462 sanguis
439 1415 534 1451 Uriae
544 1440 553 1455 ,
580 1414 656 1455 quia
667 1413 710 1447 ab
719 1425 761 1447 eo
774 1425 843 1448 nou
857 1415 1001 1458 proprio,
1016 1415 1070 1450 sed

128 1469 244 1515 gladio
255 1469 400 1502 filiorum
416 1466 564 1499 Ammon
579 1464 764 1499 interfestus
775 1465 819 1498 est
833 1488 840 1496 .
869 1465 913 1498 Et
927 1463 1068 1507 Achab,

119 1519 156 1554 ἀ
168 1518 295 1563 jezabel
309 1515 498 1551 innocentis
510 1513 650 1547 Naboth
664 1525 734 1548 non
745 1514 839 1548 luent
850 1515 1045 1559 sanguinem
1057 1539 1068 1556 ,

120 1570 197 1613 quia
209 1567 324 1603 fraude
334 1566 448 1611 judicii
464 1566 581 1609 legitur
594 1564 809 1608 interemptus
817 1588 824 1595 .
853 1565 917 1599 Sed
929 1564 971 1599 ab
982 1576 1068 1599 utro·

118 1628 185 1663 que
197 1619 353 1664 Regum,
381 1624 558 1660 pauperum
569 1613 742 1648 dumtaxat
753 1638 765 1654 ‚
790 1614 1066 1649 &innocentium

116 1670 254 1714 sanguis
275 1666 481 1711 exquiritur,
507 1664 616 1705 eisque
642 1674 712 1697 non
730 1664 1066 1709 imputantur'praelia

117 1718 291 1753 commissa
300 1718 370 1761 jure
383 1716 528 1760 Legum.
541 1712 670 1748 Nonne
682 1714 718 1748 in
729 1713 942 1749 Confistoriis
954 1713 1067 1749 vestris

115 1768 234 1803 teiitur
245 1791 256 1806 ,
281 1763 372 1809 quod
384 1764 576 1808 regulariter
586 1762 754 1804 proditum
767 1763 813 1795 est
824 1787 835 1801 ‚
857 1764 934 1805 quin
945 1762 1064 1797 ratiha-

117 1817 204 1852 bitio
223 1814 389 1850 Mandata
410 1812 639 1854 comparatur?
664 1810 792 1844 Nonne
812 1811 847 1845 ἀ
860 1813 985 1846 *omnia
1007 1823 1065 1846 no·

116 1867 180 1901 stra
199 1866 361 1904 facimus,
386 1861 507 1906 quibus
525 1859 668 1906 nostram
690 1861 896 1904 impartimur
918 1860 1062 1896 authori-

118 1918 244 1952 tatem?
270 1916 303 1949 A
315 1914 420 1948 vestro
431 1912 542 1955 itaque
553 1910 622 1954 jure
643 1903 788 1945 i'nferens
807 1910 967 1955 colligo„
983 1911 1061 1954 quia

113 1964 386 2000 fi'a'uthoritatem
397 1960 748 2002 accommodaveritis,
773 1961 796 1993 fi
805 1961 1062 1996 diffimulatione

115 2007 246 2060 justitias
267 2026 335 2050 rata
356 2012 535 2048 habueritis
555 2021 624 2054 qua:
644 2021 760 2044 contra
769 2009 946 2061 Ecclesiam
959 2012 1059 2053 presu-

113 2057 254 2100 muntur
263 2090 274 2107 ,
302 2065 405 2099 totius
416 2062 548 2096 maiitiae
559 2060 801 2102 hujus'reatum
825 2060 993 2094 incurritis
1006 2072 1059 2094 co-

112 2126 183 2150 ram
194 2117 271 2151 Deo
286 2115 319 2149 &
334 2111 546 2149 hominibus.
568 2110 650 2144 Haec
665 2110 790 2145 idcirco
802 2109 893 2144 vobis
904 2119 1058 2154 tanquam

112 2166 250 2201 Patri&
263 2165 419 2202 Domino
433 2161 558 2197 credidi
569 2161 763 2211 familiarius
784 2159 969 2196 intimanda
978 2185 990 2202 ,
1017 2171 1060 2205 ne

112 2217 309 2250 consensum
320 2212 405 2248 detis
419 2211 609 2255 iniquitati,
637 2210 692 2245 sed
703 2210 848 2245 animam
870 2211 1007 2245 vestram
1022 2211 1058 2244 li·

113 2266 233 2299 beretis
246 2263 332 2307 apud
346 2265 457 2298 Deum
472 2262 506 2295 δε
516 2258 668 2294 homines
681 2285 689 2293 .
716 2261 772 2295 De
783 2270 889 2303 cetero
908 2262 984 2306 quia
995 2261 1058 2295 Re-

112 2315 228 2349 menfis
243 2309 387 2348 Ecclesia
397 2310 519 2346 dicitur
530 2311 571 2345 ad
585 2310 722 2345 Curiam
736 2310 898 2354 proficisci
908 2335 920 2352 ,
945 2321 1058 2354 precor

112 2365 270 2408 magistro
283 2360 463 2405 Radulpho
474 2371 528 2404 per
541 2361 728 2394 Dominum
740 2361 862 2404 Papam
874 2361 909 2394 ἀ
919 2361 1003 2395 alios
1018 2360 1059 2395 ab

112 2413 395 2456 Archi-Episcopo
406 2412 442 2444 δι
454 2410 638 2444 Canonicis
651 2410 836 2444 Decaniam
859 2409 1038 2446 obtineatis
1048 2437 1057 2445 .

112 2465 182 2507 Jam
206 2465 295 2497 enim
315 2462 356 2496 de
378 2471 420 2496 eo
439 2459 597 2505 eligendo
617 2458 880 2495 sermoh‘abitus
892 2461 937 2494 est
950 2485 958 2493 .
985 2461 1059 2495 Nec

109 2514 206 2548 credo
225 2511 316 2556 quod
338 2512 376 2545 sit
396 2510 483 2553 apud
504 2521 561 2544 cos
573 2509 691 2553 aliquis
705 2510 878 2544 litteratior
889 2508 1059 2547 authone·

109 2565 190 2598 stior
205 2560 354 2599 moribus
365 2585 376 2602 ‚
402 2569 459 2594 aut
472 2558 636 2595 liberalior
646 2559 682 2594 in
696 2571 851 2606 pauperes
862 2559 987 2596 Christi
999 2587 1007 2595 .

1126 202 1130 206 ⁴
1151 156 1462 215 seresemperyano
1480 166 1629 199 concussi
1640 164 1779 212 terrore,
1804 171 1921 208 timent
1941 178 2092 220 graviora

1128 211 1129 216 ’
1148 208 1296 253 μΡοιίιτιιῑα
1309 220 1410 251 veris,
1435 211 1469 245 ἀ
1481 212 1562 255 quid
1585 214 1655 247 vere
1678 220 1773 258 profit
1792 234 1848 257 aut
1864 232 1979 260 noceat
1989 236 2092 261 auen.

1147 259 1264 294 'dentes
1287 258 1423 302 parum,
1450 262 1521 295 illic
1542 263 1705 306 trepidant
1728 268 1782 303 ubi
1802 283 1870 306 non
1892 276 1937 310 est
1952 276 2053 310 timor
2079 291 2098 309 .›

1147 309 1242 343 -Nam
1252 308 1406 352 jaeturam
1418 312 1624 347 conscientia
1632 323 1689 348 aut
1699 314 1793 350 famae
1803 326 2004 368 nequaquam
2018 325 2091 360 subs.

1153 359 1253 394 tiiiter
1272 361 1408 403 pensant
1421 386 1431 401 ,
1457 363 1491 397 δε
1512 364 1592 398 dum
1613 364 1727 399 umbra
1741 366 1912 405 virtutisin
1923 375 2088 419 opinione

1148 408 1326 444 bominum
1349 412 1476 447 constet
1497 438 1508 453 ‚
1546 414 1579 447 ἀ
1599 415 1800 459 nugiloquos
1822 419 1946 455 evitent
1969 426 2088 462 Dea-2.

1147 460 1271 500 ἃοιτε,
1297 463 1410 504 parum
1433 473 1549 497 curant
1560 463 1640 506 quid
1665 465 1706 499 ad
1727 465 1855 501 fincerae
1865 468 2000 505 rationis
2010 485 2088 511 exa.

1147 520 1225 544 men
1238 512 1355 555 cuique
1368 512 1529 548 *debeatur
1548 524 1590 548 ex
1609 515 1730 550 merito
1744 540 1752 549 .
1777 517 1868 552 Nam
1889 517 2023 562 plurimi
2036 532 2087 557 vta-

1143 559 1227 594 lium
1241 560 1341 605 pluris
1350 562 1478 598 faciunt
1499 563 1603 598 videri
1639 588 1651 605 ‚
1676 565 1775 610 quam
1796 567 1858 602 effe
1873 567 1955 602 boni
1973 595 1980 602 .
2013 569 2088 606 Alii

1142 609 1267 646 sublata
1278 610 1336 647 fibi
1347 614 1577 658 temporalium
1588 613 1723 650 subfidia
1745 617 1966 663 ingemiscunt
1979 644 1990 659 ,
2016 631 2088 662 qua:

1145 672 1200 704 per
1211 673 1263 695 me
1274 661 1338 696 illis
1354 664 1621 699 ministrabantur
1632 666 1650 698 a
1662 666 1814 703 Domino
1824 692 1833 699 .
1861 669 1924 703 Sed
1945 669 1987 704 ad
2000 670 2086 713 peti-

1143 710 1270 745 tionem
1282 721 1496 759 utrorumque
1505 716 1591 750 ratio
1600 716 1749 751 consulta
1769 718 1944 761 respondet
1954 742 1966 759 ,
1992 719 2087 764 quod

1142 772 1215 796 eum
1227 762 1285 806 qui
1297 761 1332 797 in
1343 774 1452 809 agone
1465 764 1613 801 Ecclefiae
1625 763 1793 801 Christum
1805 768 1896 811 sequi
1908 771 2084 813 coepit‚nec

1143 814 1188 847 tei
1199 810 1369 850 familiaris
1385 814 1581 859 dispensatio
1593 838 1604 855 ,
1630 827 1694 856 necv
1710 818 1810 861 patris
1830 828 1961 853 revocat
1983 821 2085 864 sepul-

1142 874 1226 898 tura.
1259 863 1381 899 Fixum
1391 866 1437 899 est
1448 865 1554 908 mihi,
1580 867 1656 902 Deo
1672 866 1810 903 authore
1822 892 1834 910 ,
1859 871 2059 913 propositum
2072 895 2087 913 ‚

1141 912 1300 960 quatenus
1311 914 1376 959 ipse
1395 915 1543 958 dederit,
1570 915 1750 952 honestatis
1759 919 1936 954 formulam
1950 920 2042 965 sequi
2067 944 2082 963 ,

1141 968 1174 1002 &
1185 964 1300 1002 animai
1311 966 1448 1001 salutem
1459 966 1493 1000 in
1506 967 1622 1002 mundi
1635 970 1834 1003 commercio
1846 981 1915 1004 non
1928 968 2084 1011 distrahe-

1140 1029 1174 1052 re
1193 1017 1235 1051 ad
1258 1016 1338 1050 boni
1359 1017 1590 1061 cujuscumque
1610 1019 1750 1062 pretium
1772 1020 1978 1064 temporalis.
2009 1022 2085 1066 Ipse

1140 1068 1224 1102 viam
1237 1066 1354 1103 doceat
1365 1090 1377 1107 ‚
1402 1068 1435 1102 ὅ(
1446 1067 1542 1102 ducat
1556 1078 1610 1110 per
1623 1069 1773 1104 semitam
1787 1071 1918 1105 virtutis
1931 1095 1942 1110 ‚
1968 1071 2002 1106 δε
2014 1083 2086 1116 per-

1138 1119 1233 1153 ducat
1254 1116 1296 1152 ad
1316 1117 1449 1154 illorum
1472 1118 1699 1161 consortium,
1732 1121 1791 1164 qui
1813 1133 1873 1164 pro
1891 1121 2014 1165 justitia
2026 1133 2082 1165 pa·

1138 1169 1284 1202 tiuntur.
1314 1169 1472 1203 Defidero
1495 1181 1626 1210 tamen,
1660 1171 1682 1204 fi
1705 1171 1792 1205 salva
1815 1170 2083 1207 honestate'fieri

1138 1220 1238 1260 posset
1259 1243 1272 1259 ‚
1308 1219 1533 1259 reconciliari,
1560 1221 1594 1255 δε
1616 1219 1651 1253 in
1674 1220 1828 1255 Ecclefiis
1845 1246 1857 1262 ,
1885 1221 2003 1265 quibus
2022 1221 2081 1255 'ad-

1137 1268 1271 1311 scriptus
1281 1269 1375 1308 sum,
1403 1269 1444 1303 ad
1466 1268 1628 1303 honorem
1648 1270 1762 1304 Dei&
1781 1270 1979 1305 Amicorum
2000 1271 2082 1306 sola-

1135 1317 1221 1351 tium
1231 1316 1415 1351 ministrare
1428 1340 1436 1347 .
1464 1315 1572 1353 Unde
1597 1317 1770 1351 dilestioni
1792 1320 1897 1353 vestrae
1910 1321 2058 1363 supplico
2069 1345 2084 1362 ,

1133 1373 1295 1411 quatenus
1313 1364 1396 1411 quid
1417 1365 1571 1410 expediat
1589 1365 1623 1401 δε
1647 1365 1763 1402 deceat
1781 1392 1793 1409 ,
1816 1378 1872 1412 per
1891 1369 2082 1406 Dominum

1134 1417 1346 1461 Bajocensem
1355 1417 1389 1451 δε
1401 1416 1483 1451 alios
1495 1415 1634 1451 Amicos
1646 1418 1768 1452 vestros
1779 1418 1966 1462 explorare,
1992 1421 2025 1455 ἀ
2036 1412 2083 1456 te.

1133 1469 1268 1502 scribere
1279 1478 1351 1501 nont
1359 1466 1541 1510 gravemini
1554 1490 1566 1506 ,
1591 1475 1755 1510 quatenus
1768 1478 1878 1504 tutum
1896 1470 1993 1503 fuerit
2008 1494 2020 1509 ‚
2045 1472 2083 1506 δε

1134 1519 1274 1551 vestrum
1295 1515 1380 1550 mihi
1402 1515 1532 1559 prebere
1552 1516 1725 1550 confilium
1738 1541 1745 1548 .
1772 1517 1853 1552 Hoc
1873 1518 1962 1552 enim
1973 1518 2015 1553 de
2025 1531 2086 1565 gen

1133 1579 1208 1602 nere
1217 1578 1331 1601 eorum
1342 1564 1389 1599 est
1398 1590 1409 1607 ,
1426 1577 1496 1609 quae
1508 1566 1636 1602 ratione
1647 1565 1862 1602 humanitatis
1883 1569 1967 1603 nulli
1981 1581 2080 1614 nega·

1117 1619 1156 1662 ⁴ri
1167 1617 1289 1652 debent
1301 1642 1308 1650 .
1334 1616 1427 1665 Qia
1439 1616 1473 1650 &
1486 1616 1645 1659 suppressa
1657 1628 1725 1650 non
1747 1618 1923 1660 proficiunt
1935 1642 1946 1657 ‚
1976 1619 2010 1653 &
2033 1631 2082 1655 te-.

1131 1669 1284 1702 nacitatis
1295 1665 1546 1702 conservatione
1560 1677 1629 1699 non
1641 1667 1789 1701 crescunt
1800 1692 1812 1707 ‚
1837 1668 1872 1702 &
1883 1671 2083 1714 erogatione

1129 1719 1178 1752 sui
1203 1729 1272 1751 non
1296 1717 1514 1753 minuuntur,
1539 1712 1593 1747 sed
1618 1714 1784 1757 amplisu,
1808 1719 1879 1758 quo
1900 1720 2086 1763 magisfue,

1127 1768 1194 1801 rint
1205 1766 1372 1809 publicata
1384 1786 1397 1804 ,
1421 1763 1602 1797 clarescunt
1613 1786 1621 1793 .

1289 1861 1705 1898 EPISTOLA
1808 1852 1919 1902 xcnss

1154 1969 1193 1998 Η.
1210 1990 1216 1997 .
1228 1988 1237 1997 .
1249 1990 1257 1996 .
1270 1987 1279 1996 .
1291 1987 1298 1994 .
1315 1987 1323 1994 .
1335 1961 1491 2004 BaJocenfi
1496 1961 1643 2015 Episcopo
1650 1967 1682 2008 J
1685 1975 1795 1998 oannes
1806 1966 1844 1999 de
1855 1967 2029 2003 saresberia

1135 2062 1383 2151 AUDIO,
1411 2061 1529 2104 Pater,
1548 2063 1742 2108 &gaudem
1769 2066 1860 2110 quod
1885 2079 1943 2112 pro
1959 2069 2077 2105 merito

1258 2112 1353 2147 vobis
1367 2113 1514 2149 universa
1524 2115 1703 2149 succedunt
1717 2139 1728 2155 ,
1743 2116 1776 2149 δε
1787 2118 1844 2160 qui
1859 2118 2075 2156 Decanorum

1127 2171 1251 2197 nomen
1285 2164 1319 2197 δε
1355 2163 1510 2197 ordinem
1534 2188 1546 2204 ,
1572 2163 1653 2200 dum
1689 2164 1784 2200 licuit
1805 2191 1817 2207 ‚
1850 2166 2037 2204 honorastis
2062 2195 2076 2213 ,

1127 2223 1217 2246 nunc
1238 2213 1412 2247 vestrarum
1434 2213 1604 2256 splendore
1629 2215 1787 2251 virtutum
1809 2217 1844 2252 in
1866 2228 1950 2253 terra
1960 2219 2072 2256 aliena.

1127 2264 1227 2305 usque
1264 2261 1306 2296 ad
1332 2263 1514 2296 multorum
1540 2264 1700 2300 invidiam
1725 2265 1903 2304 Pontificis
1937 2268 2076 2305 illustra-

1125 2314 1168 2347 tis
1193 2313 1341 2347 officium
1380 2336 1388 2344 .
1426 2311 1532 2359 Qod
1559 2313 1694 2356 quidem
1719 2316 1817 2350 tanto
1844 2318 2003 2354 salubrius
2029 2320 2072 2356 ad

1124 2362 1362 2397 conscientiam
1400 2386 1411 2402 ,
1449 2362 1545 2396 tanto
1572 2364 1744 2408 gloriosius
1769 2367 1816 2401 est
1842 2369 1884 2405 ad
1910 2370 2033 2406 famam
2060 2395 2073 2412 ‚

1123 2412 1251 2456 quanto
1271 2412 1371 2447 rarior
1389 2412 1557 2447 invenitur
1576 2415 1692 2448 ovium
1717 2415 1854 2457 Pastor,
1880 2421 1938 2461 qui
1951 2421 1985 2454 in
2008 2420 2070 2455 Ec-

1123 2463 1218 2497 clefia
1237 2463 1306 2496 Dei
1330 2462 1550 2497 ministerium
1575 2463 1668 2496 suurn
1680 2463 1805 2498 studeat
1818 2464 2003 2508 honorare,
2030 2469 2067 2503 in

1123 2523 1218 2548 tanto
1238 2513 1321 2547 fastu
1344 2514 1382 2546 δι’
1401 2522 1537 2546 numero
1557 2513 1693 2547 nomine
1715 2512 1996 2552 tenusillustrium
2010 2519 2067 2553 Sa·

1122 2564 1311 2598 cerdotum.
1339 2563 1409 2605 Jam
1420 2561 1530 2600 enim,
1556 2571 1593 2594 ut
1603 2563 1696 2596 Deus
1710 2564 1836 2605 pridem
1859 2567 1894 2601 in
1908 2568 2065 2611 propheta

1121 2614 1320 2658 conquestus
1330 2612 1399 2650 est,
1418 2611 1590 2644 Sacerdotes
1602 2623 1662 2644 non
1684 2613 1846 2655 dixerunt,
1873 2617 1923 2650 ubi
1952 2617 1990 2658 est
2006 2621 2065 2652 Do-

1120 2665 1243 2698 minus?
1263 2667 1309 2696 Et
1318 2669 1451 2695 tenentes
1464 2664 1573 2704 Legem
1575 2661 1726 2703 justitiam
1740 2662 1902 2706 nescierunt
1912 2692 1919 2699 .
1956 2666 2063 2702 Unde

1119 2715 1280 2758 &justum
1293 2713 1340 2746 est
1350 2734 1362 2752 ,
1388 2722 1426 2744 ut
1441 2710 1631 2747 Eminentia
1654 2714 1757 2748 vestra
1775 2715 1956 2751 honoretur
1968 2718 2002 2751 ὅ(
2015 2718 2065 2751 di-

1119 2765 1239 2810 ligatur
1250 2763 1349 2797 etiam
1362 2760 1403 2796 ab
1423 2759 1496 2801 his,
1523 2762 1581 2805 qui
1596 2762 1715 2797 nostris
1733 2765 1944 2809 exigentibus
1969 2768 2064 2806 meri,

1116 2815 1178 2854 tis,
1206 2812 1431 2847 Sacerdotium
1456 2811 1586 2854 presens
1608 2813 1760 2848 videntur
1773 2814 1891 2850 habere
1912 2827 2062 2852 contem-

1117 2865 1209 2908 ptui,
1231 2863 1403 2906 &Legem
1422 2861 1514 2902 Dei,
1541 2872 1613 2906 quae
1637 2863 1718 2897 solvi
1742 2877 1809 2899 non
1834 2868 1958 2910 potest,
1985 2878 2060 2902 eva·

1114 2925 1211 2949 cuare
1222 2914 1373 2947 nituntur
1387 2936 1394 2944 .
1406 2910 1599 2947 Licetenim
1613 2913 1771 2958 AEgyptii
1785 2916 1932 2951 Pastores
1942 2917 2056 2952 ovium

1114 2965 1315 2999 detestentur
1326 2987 1338 3004 ,
1362 2962 1395 2996 ἀ
1405 2962 1601 2998 Samaritani
1615 2966 1770 3008 temporis
1782 2968 1885 3001 nostri
1899 2978 1965 3001 non
1979 2978 2058 3001 cou-

1114 3024 1225 3048 tantur
1236 3012 1307 3054 his,
1332 3011 1389 3056 qui
1401 3012 1534 3056 publice
1547 3014 1682 3048 verbum
1696 3016 1759 3049 Dei
1772 3017 1972 3051 confitentur
1985 3042 1996 3058 ‚
2006 3027 2053 3051 ta-

1113 3075 1187 3098 men
1199 3063 1233 3097 &
1245 3061 1499 3106 Josephinvenit
1509 3065 1648 3107 gratiam
1672 3064 1706 3097 in
1720 3064 1878 3111 AEgypto
1888 3091 1899 3107 ,
1917 3067 1951 3101 ὃ(
1964 3066 2050 3111 apud

1113 3114 1261 3155 Assyrios
1271 3112 1387 3147 claruit
1400 3113 1548 3154 Daniel,
1574 3114 1608 3147 &
1630 3116 1834 3159 prerogativa
1857 3118 2048 3151 meritorum

1110 3166 1208 3198 etiam
1221 3173 1378 3208 regnante
1390 3160 1507 3197 Achab
1519 3162 1652 3197 Heliam
1665 3163 1742 3199 fecit
1757 3167 1919 3210 insignem
1931 3191 1936 3197 .
1965 3166 2048 3200 Non

1109 3215 1155 3248 est
1176 3224 1256 3258 ergo
1279 3212 1399 3247 mirum
1417 3237 1428 3252 ‚
1453 3212 1476 3244 fi
1500 3212 1587 3255 apud
1611 3213 1794 3258 Principem
1823 3213 2048 3250 Christianum

1109 3265 1142 3299 ἀ
1152 3264 1311 3298 officiales
1322 3263 1391 3304 ejus
1404 3263 1498 3294 suum
1512 3263 1613 3297 virtus
1629 3265 1747 3307 reperit
1768 3266 1876 3298 locum
1888 3289 1898 3304 ‚
1924 3265 1958 3298 ὃ(
1968 3265 1988 3298 si
2002 3265 2049 3298 di-

279 2707 689 2748 EPISTOLA
789 2710 884 2745 XCI.

160 2819 194 2860 J
195 2824 307 2850 oannes
329 2815 365 2846 de
384 2811 556 2847 saresberia
571 2810 709 2855 Magistro
723 2809 887 2852 Humfrido
900 2811 967 2846 Bon
981 2836 989 2846 .

215 2965 284 2998 ΟΝ
309 2964 377 3003 est,
405 2962 547 3003 Amice,
572 2960 662 3006 quod
690 2961 803 3005 posslm
824 2961 866 2996 de
876 2962 975 2998 ssatus
986 2963 1050 2998 mei

240 3013 395 3057 qualitate
404 3012 540 3053 causari,
558 3013 635 3056 quia
645 3013 760 3046 omnia
772 3011 919 3048 hominis
930 3012 1050 3048 machi-

108 3074 262 3098 namenta
274 3062 438 3098 miseratio
450 3064 517 3097 Dei
535 3062 618 3096 mihi
630 3073 820 3106 cooperatur
846 3064 881 3096 in
904 3063 1030 3098 bonum
1043 3088 1050 3096 .

108 3114 197 3148 Nam
209 3111 430 3156 temporaliter
440 3112 503 3147 fere
525 3114 673 3146 universa
696 3113 875 3147 succedunt
887 3138 898 3154 ,
933 3114 968 3148 &
985 3115 1050 3157 spes

108 3164 154 3198 est
167 3164 256 3208 quod
271 3164 336 3196 haec
357 3161 446 3204 ipsa,
474 3173 545 3206 quae
569 3162 696 3197 videtur
706 3164 768 3197 effe
788 3164 942 3203 vexatio,
971 3165 1049 3197 sicut

108 3215 307 3247 intellectum
319 3211 440 3246 excitat
457 3237 467 3250 ,
493 3212 533 3245 fic
546 3224 623 3246 verae
635 3213 744 3247 salutis
767 3214 811 3247 est
825 3214 965 3256 paritura
981 3226 1049 3258 pro-

109 3265 229 3297 festum
239 3287 248 3294 .
279 3262 363 3295 illud
376 3273 487 3296 tamen
508 3261 712 3305 aliquatenus
724 3275 836 3298 movet
848 3286 860 3303 ,
878 3265 967 3306 quod
981 3264 1048 3307 qui-

108 3315 185 3347 dam
209 3313 403 3347 Amicorum
427 3313 520 3354 super
541 3312 735 3347 conditione
745 3325 818 3348 mea
830 3314 975 3348 acerbius
988 3314 1048 3348 sol·
1110 3314 1222 3359 ligitur
1240 3314 1282 3347 ab
1305 3309 1496 3346 hominibus
1519 3323 1616 3354 quern
1645 3315 1766 3348 Divina
1789 3314 1894 3356 gratia
1915 3315 2045 3349 constat

106 3364 297 3402 ficiuntur,
323 3363 358 3396 &
380 3373 471 3395 more
490 3360 664 3396 hominum
687 3365 860 3399 carnaliter
881 3364 916 3397 ὅτ.
937 3365 1046 3398 tenere
1108 3366 1170 3398 effe
1194 3363 1374 3406 perfusum.
1399 3362 1492 3396 Sicut
1515 3372 1721 3407 unguentum
1746 3364 1764 3394 a
1786 3363 2045 3407 CapiteChristo

106 3415 234 3462 magis,
262 3411 361 3456 quam
374 3410 593 3455 prudenter&
615 3412 897 3457 memmium,
921 3414 1044 3461 saepe&
1105 3413 1141 3449 in
1154 3412 1300 3449 Ecclefiae
1310 3410 1613 3450 defluxitbarbam,
1641 3410 1764 3446 &inde
1788 3412 1823 3446 in
1849 3424 1939 3448 oram
1959 3415 2051 3449 vesti-

213 3461 319 3504 christ.
333 3466 411 3507 Lupi·
421 3465 517 3505 Opera
529 3464 652 3495 Tamx.
1586 3459 1619 3493 V
1670 3472 1692 3497 2
1893 3464 2004 3498 menti*
