2358 3776
539 159 584 205 S.
620 154 915 204 THOMAE
949 152 1348 205 CANT'U'AR.
1384 153 1523 201 LIB.
1559 157 1639 201 11.

297 316 734 392 EPIS'TOLA„
768 311 891 376 xcvi.

118 415 273 487 Thomas
297 443 539 482 Cantuarienfis
567 439 887 485 Archi-Episcopus
912 439 1066 477 omnibus

470 490 700 529 cardinalibus
712 515 721 523 .

118 595 343 632 venerabilibus
355 598 490 631 Dominis
496 592 565 641 suis
575 616 586 632 ,
601 592 636 627 ὑ·
649 591 790 625 Patribus
808 588 965 631 univer-fis,
978 594 1006 625 E
1005 589 1061 633 pis
1057 608 1067 617 ·

171 655 251 691 copis
263 672 275 689 ,
296 646 476 690 presbyteris
486 668 497 684 ,
525 640 709 679 Diaconibus‘
713 639 831 684 [1718ae
848 644 994 675 Romana·
1006 644 1066 674 Ec·

171 698 259 740 clelt‘ae
270 701 434 739 Detgrana
445 693 660 729 cardinalibus
683 717 694 735 ‚
721 690 852 725 Thomas
871 692 977 725 eadem
994 699 1064 734 gra-

171 757 217 784 tia
226 743 448 786 Cantuart‘enfis
461 748 491 778 E
494 742 596 784 cclefiae
605 740 737 782 Minister
751 739 871 774 humilis
883 765 894 781 ‚
921 739 1013 783 miser
1029 752 1066 773 ae

171 798 349 842 miserabilis
364 796 438 831 exul
451 793 580 842 salutem
594 815 605 834 ‚
626 802 662 827 ac
674 789 808 827 debitum
824 798 882 836 per
905 789 1064 835 omniasa-

169 849 336 885 mulatum‚
714 860 716 862 v

120 1096 271 1133 difficile.
299 1096 408 1131 Detur
416 1106 495 1138 ergo
509 1118 520 1134 ,
545 1095 687 1137 petimus
698 1117 709 1134 ,
721 1092 927 1137 indulgentia
938 1091 1067 1131 misero,

121 1146 299 1181 miserabili
311 1146 403 1179 venia
417 1170 425 1178 .
452 1144 624 1179 Credimus
636 1155 692 1178 vos
703 1167 714 1184 ,
742 1143 854 1177 Patres
865 1141 1046 1177 sanstiffirni
1056 1154 1073 1180 ,*

120 1195 248 1232 Divina
271 1195 460 1239 inspirantia
480 1194 521 1229 ad
543 1194 650 1227 hocin
664 1194 794 1227 summo
804 1192 935 1235 fastigio
947 1190 1067 1223 consti-

120 1254 231 1287 tutos,
256 1244 496 1280 utremoveatis
511 1243 708 1285 injustitias,
736 1239 1001 1284 praesumptiones
1012 1237 1068 1272 ab·

118 1293 296 1336 scindatis,
326 1290 548 1327 laborantibus
570 1293 605 1324 in
627 1290 817 1325 Sacerdotio
840 1287 984 1331 benigne
999 1286 1068 1321 sub·

116 1342 279 1385 veniatis,
304 1336 846 1387 opprobriisque&calamitatibus
869 1347 984 1372 eorum
998 1337 1069 1370 nul-

118 1393 250 1430 latenus
270 1392 381 1428 locum
401 1389 603 1429 exhibeatis,
630 1389 684 1425 sed
706 1387 856 1431 oppreffis
866 1387 1070 1432 gravatisque

116 1443 230 1480 feratis
240 1442 403 1479 auxilium
416 1465 426 1481 ,
437 1440 677 1476 calumniantes
689 1438 872 1481 reprimatis
881 1436 1006 1477 durius,
1014 1448 1069 1480 op-

119 1493 298 1538 ptimentes
309 1491 491 1537 gravissime
505 1490 643 1533 puniatis
656 1513 663 1522 .
691 1487 772 1522 Non
784 1487 873 1521 enim
886 1487 1070 1531 perturbare

118 1542 284 1588 perversos
297 1565 308 1583 ,
333 1552 403 1578 non
422 1541 559 1576 refistere
579 1538 842 1582 persequentibus
855 1537 1032 1572 Ecclefiam
1061 1560 1073 1576 ,

119 1590 207 1628 nihil
218 1589 309 1628 aliud
320 1592 365 1626 est
379 1591 477 1636 quam
490 1591 617 1625 fovere.
647 1588 847 1624 Consentire
872 1597 1013 1630 namque
1027 1586 1069 1619 vi·

115 1641 355 1676 deturocculte
371 1665 382 1681 ,
407 1639 463 1684 qui
480 1639 653 1674 manifesto
673 1637 812 1672 facinori
835 1647 904 1670 nou
921 1635 1034 1671 obviat
1061 1660 1068 1668 .

118 1691 345 1741 {intelligimus
365 1688 443 1726 inde
467 1700 535 1724 non
548 1687 643 1723 aliter
663 1687 758 1723 vobis
780 1686 898 1728 licere,
923 1686 1021 1730 quam
1033 1694 1069 1720 ut
1107 1695 1113 1705 ·

119 1750 238 1776 omnes
249 1750 389 1777 conatus
400 1739 523 1774 vestros
539 1738 619 1773 huic
628 1738 730 1772 caus-z
742 1736 855 1772 nostrae
868 1759 880 1775 ,
903 1746 975 1778 quae
984 1736 1076 1768 inter·

120 1790 251 1836 Regem
271 1790 419 1824 nostrum
440 1789 475 1823 δε
495 1796 577 1825 ιιος,
602 1785 711 1819 imme>
729 1785 813 1818 inter
829 1792 897 1816 vos
916 1784 1071 1824 &ipsum

119 1838 277 1886 pracipue
287 1838 429 1871 versatur
439 1859 450 1876 ,
477 1836 511 1869 in
525 1844 588 1875 qua
599 1832 788 1867 universalis
801 1831 886 1865 salus
898 1830 1069 1866 infestatur

119 1889 292 1928 Ecclesiae,
314 1883 545 1921 officiofiffime
555 1883 594 1918 de
606 1891 719 1917 caetero
731 1880 929 1925 impendatis
944 1904 951 1912 .
978 1880 1068 1915 Inie-

120 1939 202 1974 ratis
212 1949 287 1973 cum
300 1937 370 1982 ipso
379 1945 544 1970 certarnen
556 1958 567 1974 ,
593 1943 660 1967 erat
672 1931 763 1965 vobis
772 1931 836 1972 jam
850 1931 885 1964 in
898 1931 1012 1964 limine
1023 1929 1068 1963 vi-

119 1989 243 2028 floria,
267 1987 290 2023 fi
303 1998 371 2022 non
397 1984 586 2030 Religionis
610 1983 718 2017 vestrae
735 1980 994 2015 circumvenisset
1015 1991 1069 2014 au·

119 2036 332 2077 thoantem,
358 2037 436 2070 ficut
456 2034 598 2069 creditur
619 2034 637 2066 a
659 2030 768 2075 peritis
794 2053 805 2070 ,
841 2029 1030 2071 praedicatur
1050 2029 1069 2061 a

117 2087 385 2125 transeuntibus,
409 2085 587 2121 affirmatur
609 2082 651 2116 ab
672 2081 742 2121 his,
769 2077 825 2125 qui
835 2078 939 2122 Regis
953 2078 1068 2114 intima

119 2135 425 2174 noveruntarc'iit‘m.
453 2134 607 2179 Captiosa
623 2130 783 2166 calliditas
804 2153 815 2170 ‚
835 2130 914 2163 falsa
928 2129 996 2171 spes
1017 2139 1069 2171 pa·

121 2190 171 2225 cis
182 2214 194 2230 ,
220 2196 290 2234 'quae
302 2185 412 2230 potius
422 2194 636 2228 extorquetur
646 2183 663 2215 a
675 2179 848 2224 Tyrannis
871 2178 1068 2223 praeparatio·

124 2249 169 2273 ne
189 2237 397 2275 certaminis,
423 2235 522 2276 quam
544 2231 737 2277 Legationis
759 2229 943 2264 licitatione
958 2251 967 2260 .
995 2227 1071 2262 Prae·

127 2288 297 2332 paratione
324 2284 414 2319 enirn
438 2282 708 2326 paxobtinerur.
736 2281 852 2325 Digna
871 2276 956 2313 certe
976 2288 1069 2321 poena

125 2337 206 2372 huic
220 2334 435 2371 miserationis
448 2332 556 2368 vestrae
577 2331 694 2366 viscera
715 2330 847 2370 claudi,
873 2329 929 2373 qui
948 2327 1071 2363 liberta-

127 2398 194 2423 tem
209 2386 354 2420 Ecclefiae
364 2384 476 2427 quaerit
487 2382 692 2425 exstinguere
709 2404 717 2412 .
730 2381 834 2414 Decet
847 2388 926 2425 ergo
940 2389 997 2411 vos
1009 2381 1072 2414 effe

127 2447 249 2471 vacuos
260 2435 301 2469 ab
313 2434 406 2467 omni
417 2432 539 2466 offensa
553 2455 564 2471 ,
591 2431 632 2464 ab
643 2429 748 2464 aliena
771 2428 875 2474 gratia
898 2429 1025 2471 penitus
1038 2429 1071 2462 li-

128 2487 241 2524 beros,
265 2484 288 2518 si
301 2482 382 2518 recte*
393 2482 535 2517 tractatis
546 2480 651 2515 aliena
670 2481 800 2525 negotia
816 2502 826 2519 ,
852 2479 874 2512 fi
897 2479 1073 2522 loquimini

127 2536 294 2572 veritatem
308 2531 502 2578 inpopulo3
529 2532 549 2564 fi
561 2531 700 2575 diligitis
710 2530 786 2575 ,qui
796 2529 903 2563 facitis
915 2529 1074 2571 judicium

129 2587 166 2622 in
180 2595 298 2631 gente.
326 2582 491 2616 Dominus
510 2580 598 2627 enim
622 2581 723 2617 dicit:
752 2578 874 2623 Diligite
878 2578 1040 2626 Justmam
1065 2605 1075 2622 ‚

129 2642 181 2683 qui
189 2636 333 2675 iudicatis
348 2641 480 2666 terram.
509 2631 576 2673 lpsa
591 2630 703 2674 utique
724 2629 844 2673 ubique
867 2630 1036 2674 diligenda
1063 2655 1073 2671 ,

124 2685 252 2730 ubique
262 2682 462 2719 observanda
475 2704 483 2712 .
510 2681 586 2716 Sola
597 2680 686 2714 enim
701 2679 765 2721 ipsa
778 2688 925 2720 operatur
940 2690 1052 2722 pacem
1062 2705 1072 2721 ,

131 2736 363 2772 &conservat.
394 2731 501 2766 Unde
514 2731 634 2766 lsaias:
662 2732 736 2762 Erit
762 2727 1042 2770 opusjustitiaepax
1066 2754 1073 2762 .

130 2787 176 2823 Et
189 2784 300 2819 David
313 2784 347 2817 in
363 2783 486 2825 psalmo
501 2795 511 2815 .-
530 2779 666 2828 Justitla
687 2780 794 2821 &pax
822 2775 1038 2821 oftulataesunt
1068 2803 1075 2811 .

133 2837 258 2873 Amant
268 2834 357 2869 enim
369 2834 400 2868 se
421 2831 487 2865 haec
509 2830 577 2866 duo
588 2839 740 2869 eatenus,
767 2838 803 2862 ut
828 2827 886 2871 qui
902 2827 977 2862 facit
988 2828 1074 2872 justi-

132 2887 211 2921 tiam
225 2909 235 2925 ,
259 2895 370 2929 pacem
384 2882 549 2922 inveniat,
577 2892 637 2914 nec
659 2879 770 2914 aliter.
798 2878 852 2912 Sic
874 2888 952 2923 ergo
964 2879 1076 2923 agite,

135 2935 181 2972 fic
202 2934 370 2970 observate
391 2933 547 2977 justitiam
569 2956 580 2972 ,
612 2930 729 2975 quibus
750 2927 918 2971 judicandi
939 2928 1077 2972 potestas

133 2983 260 3021 credita
281 2983 348 3022 est,
374 2994 409 3017 ut
427 2983 502 3016 cum
527 2982 650 3015 venerit
672 2979 774 3023 justus
790 2976 914 3022 Judex,
940 2978 1076 3013 reddens

134 3033 314 3077 unicuique
321 3032 409 3074 'Juxta
420 3034 533 3066 merita
543 3032 597 3066 sua
610 3055 620 3071 ‚
648 3041 704 3074 pro
717 3028 799 3064 bene
809 3028 976 3064 observata
989 3030 1076 3072 justi-

135 3086 182 3123 tia
193 3084 294 3127 digna
307 3092 364 3115 vos
373 3083 519 3116 mercede
532 3090 714 3115 remuneret
727 3103 734 3110 .
763 3078 855 3126 Qid
870 3079 960 3123 plura
972 3081 985 3114 ?
996 3079 1076 3113 Haec

133 3135 171 3171 in
182 3135 306 3168 summa
319 3130 438 3165 reduco
452 3131 543 3166 vobis
556 3132 597 3165 ad
609 3130 801 3163 memoriam
824 3140 831 3161 :
858 3130 1016 3172 quoniam
1030 3131 1076 3162 se-

139 3184 206 3221 rius
219 3193 314 3227 parva
327 3180 467 3215 scintilla
479 3181 541 3213 fuit
553 3181 586 3215 in
600 3180 799 3214 Alexandria
814 3203 824 3219 ,
851 3178 904 3213 sed
928 3179 1007 3224 quia
1018 3180 1076 3213 dis-

136 3233 310 3269 simulante
322 3230 441 3274 justitia
452 3239 517 3263 non
528 3230 572 3264 est
583 3229 725 3273 oppreffa
734 3254 744 3270 ‚
757 3229 822 3272 ejus
832 3240 939 3263 totum
953 3229 1076 3264 Orbem

135 3282 203 3322 fere
214 3281 347 3317 flamma
369 3280 521 3325 populata
534 3279 654 3315 est.Et
675 3290 710 3313 ut
725 3280 891 3314 veniamus
913 3280 954 3314 ad
974 3291 1039 3314 rem
1066 3305 1076 3322 ,

134 3333 258 3372 dicite,
286 3329 608 3369 Patressanstiffimi,
632 3330 905 3373 quaconscientia
938 3329 1077 3364 diffimu-

128 3380 369 3423 'latisinjuriam
383 3378 515 3413 Christo
529 3378 653 3413 illatam
672 3379 708 3412 in
730 3389 801 3419 me,
828 3379 932 3414 immo
943 3380 1028 3415 cette
1042 3382 1076 3415 in

136 3433 249 3472 vobis,
278 3431 334 3474 qui
354 3428 475 3463 Christi
497 3429 601 3462 vicem
622 3438 730 3472 gerere
753 3429 878 3465 debetis
900 3431 934 3464 in
958 3442 1038 3465 :erra
1065 3432 1077 3466 ,2

128 3482 263 3522 ’Nonne
283 3480 376 3515 causa
400 3490 470 3512 mea
492 3478 584 3512 fimul
606 3479 707 3512 vestra
726 3479 770 3516 est
786 3503 798 3520 ,
824 3480 927 3515 immo
949 3481 1079 3526 penitus

237 3530 345 3573 Christ.
360 3532 439 3572 Lupi
448 3533 546 3572 Opera
555 3532 633 3563 Tom.
646 3530 686 3561 X.

236 995 373 1032 ISERO
399 993 495 1030 verba
515 994 620 1030 facere
640 1002 731 1038 grata
755 990 843 1027 haud
863 991 910 1026 est
933 990 1029 1026 facile

260 1045 433 1080 miserabili
445 1046 565 1080 servare
585 1043 783 1078 modumiin
802 1041 964 1080 dicendo,
993 1039 1067 1075 sane

1893 176 1988 222 205

1121 240 1246 277 vestra?
1272 238 1328 274 An
1338 236 1494 275 limulatis
1502 249 1566 273 vos
1587 239 1764 284 ignorare,
1785 245 1877 290 qumi
1899 247 1974 283 Rex
1996 247 2067 282 Aa,

1125 292 1254 338 giorum
1265 291 1439 333 occupavit
1452 313 1465 331 ,
1481 289 1517 324 ἃ
1527 288 1661 335 lingulis
1671 289 1783 326 diebus
1792 307 1930 342 occupat
1951 299 2066 344 posses.

1122 339 1230 378 nones
1242 340 1478 375 Ecclefiasticas
1487 364 1500 381 ‚
1528 339 1713 374 libertatem
1728 339 1877 379 Ecclefiae
1888 347 2041 383 subvertit
2051 373 2063 389 ‚

1125 391 1273 432 extendit
1286 402 1400 425 manus
1414 392 1485 425 suas
1502 389 1539 424 in
1551 389 1709 426 Christos·
1719 390 1885 432 Domini,
1910 398 2021 438 pamm¹
2031 398 2064 432 ες

1126 443 1192 477 sine
1201 441 1327 478 delectu
1342 442 1377 475 in
1390 441 1562 480 Clericus,
1584 440 1672 475 alios
1692 439 1934 476 ‘incarcerando
1948 468 1958 483 ,
1983 448 2065 483 alios

1124 493 1334 534 truncando,
1358 491 1431 526 aliis
1442 490 1587 525 eruendo
1598 491 1736 532 oculos,
1760 491 1918 537 cogendo
1937 492 2019 527 alios
2029 496 2068 530 ad

1124 543 1295 584 duellum,
1321 541 1404 577 alios
1417 539 1459 576 ad
1478 540 1760 576 examinationem
1776 541 1868 588 ignis
1883 541 1935 578 vel
1946 553 2035 586 aquae
2061 568 2072 583 ,

1129 593 1307 637 Episcopos
1315 592 1417 628 etiam
1432 602 1501 626 non
1509 591 1635 625 >servare
1646 591 1911 636 Metropolitano
1924 593 1982 627 suo
1995 591 2073 626 obe-

1126 643 1304 683 dientiam,
1329 642 1473 676 minores
1484 641 1630 676 clericos
1639 640 1782 677 Praelatis
1793 643 1857 677 suis
1881 654 1950 677 non
1963 641 2075 676 obedi·

1128 704 1181 735 re,
1207 704 1276 728 non
1296 691 1414 726 habere
1436 693 1469 727 se
1491 692 1823 733 excommunicatos,
1848 692 1924 726 cum
1936 692 1997 725 rite
2008 693 2075 726 fue-

1129 745 1195 778 rint
1230 741 1510 777 excomtnunicati
1531 756 1541 776 :
1569 741 1695 783 immo,
1718 742 1810 787 quod
1836 741 1977 777 deterius
1991 742 2036 776 est
2063 765 2075 782 ‚

1127 793 1355 829 omnimodam
1391 792 1482 827 tollit
1518 791 1666 827 Eccleliae
1700 792 1907 834 libertatem,
1934 792 2076 827 adinstar

1129 843 1261 890 grandis
1273 842 1360 877 illius
1370 841 1565 878 schismatici
1576 843 1769 886 opprefforis
1781 843 1896 883 vestri,
1920 842 1978 886 qui
1991 850 2077 886 quae-

1128 895 1170 929 rit
1193 893 1342 928 funditus
1361 892 1536 928 eviscerare
1556 893 1750 927 Ecclesiam.
1778 893 1813 927 Si
1836 891 1903 927 haec
1915 893 2000 926 fiunt
2020 893 2078 925 im-

1130 944 1346 989 puneaRege
1360 943 1492 983 nostro,
1518 943 1599 987 quid
1614 944 1671 978 fiet
1692 943 1734 978 ab
1755 943 1825 987 ejus
1846 941 2040 977 Haeredibus
2064 941 2078 973 ?

1130 995 1224 1043 Qid
1244 993 1453 1029 sustinebitur
1474 993 1493 1027 a
1513 993 1745 1029 successoribus
1758 993 1899 1030 vestris?
1925 990 2080 1027 Attendi-

1130 1056 1182 1087 te,
1208 1045 1366 1088 quoniam
1377 1044 1524 1078 crescunt
1547 1043 1655 1086 mala,
1679 1044 1828 1078 crescunt
1850 1039 2080 1077 occasiones&

1132 1095 1265 1140 ingenia
1275 1095 1438 1130 malornm
1452 1119 1460 1126 .
1486 1094 1577 1128 Deus
1589 1094 1702 1136 bone,
1727 1093 1867 1129 facietne
1888 1093 1948 1126 ista
1970 1093 2082 1135 impu«

1133 1145 1198 1180 ne?
1228 1145 1312 1179 Non
1340 1143 1402 1179 hac
1427 1144 1482 1179 via
1512 1144 1663 1180 Christus
1699 1144 1825 1179 inceffit
1844 1169 1855 1185 ,
1881 1153 1950 1178 non
1989 1143 2082 1185 Apo·

1133 1194 1230 1235 stoli,
1255 1205 1397 1239 quorum
1425 1194 1605 1229 imitatores
1630 1196 1693 1229 effe
1719 1194 1862 1232 debetis,
1888 1194 1923 1227 ὃ(
1950 1201 2011 1226 nos
2022 1201 2083 1224 vo-

1133 1244 1279 1278 biscum.
1308 1244 1420 1290 Qare
1444 1242 1594 1278 receditis
1617 1244 1637 1277 a
1664 1244 1726 1277 viis
1754 1243 1928 1282 Domini,
1954 1242 1990 1275 in
2016 1249 2085 1282 quo

1133 1292 1179 1327 est
1206 1293 1299 1326 vobis
1325 1293 1472 1326 fiducia?
1498 1292 1691 1325 Verendum
1705 1291 1775 1331 est,
1802 1302 1865 1331 ne,
1891 1289 1979 1333 quod
1992 1290 2086 1329 abfit,

1133 1342 1291 1377 contritio
1311 1341 1346 1376 δε
1366 1340 1543 1375 infelicitas
1561 1341 1599 1374 fit
1621 1341 1656 1373 in
1678 1340 1740 1374 viis
1763 1340 1874 1374 vestris
1902 1364 1914 1380 ,
1942 1351 1984 1374 ne
1997 1339 2085 1373 viam

1135 1392 1244 1427 salutis
1257 1404 1324 1426 non
1338 1391 1536 1436 agnoveritis
1547 1414 1558 1430 ,
1585 1389 1675 1433 quod
1689 1402 1758 1425 non
1771 1390 1807 1423 fit
1829 1392 1930 1425 timor
1943 1389 2086 1424 Domini

1135 1443 1168 1477 in
1182 1443 1294 1476 vestris
1304 1442 1428 1475 oculis.
1456 1441 1544 1488 Qis
1556 1441 1671 1483 eripiet
1683 1451 1741 1474 vos
1756 1440 1798 1474 de
1813 1451 1914 1474 manu
1929 1438 2085 1473 tribulan-

1134 1494 1199 1528 tis?
1224 1493 1311 1539 Qis
1323 1490 1471 1527 liberabit
1485 1501 1543 1524 vos
1554 1489 1596 1523 de
1607 1488 1722 1523 belluae
1741 1489 1911 1530 faucibus,
1938 1499 2008 1532 quae
2019 1487 2086 1530 jam

1135 1544 1170 1576 in
1203 1540 1308 1584 januis
1319 1540 1388 1580 est,
1414 1550 1451 1574 ut
1479 1550 1536 1573 vos
1567 1538 1738 1573 absorbeat
1774 1549 1891 1573 omnes
1915 1562 1927 1578 ,
1953 1539 1975 1571 si
2015 1548 2087 1570 non

1137 1592 1329 1634 Deusipse?
1355 1589 1454 1625 Certe
1466 1600 1534 1623 non
1547 1598 1746 1633 argentum«,
1772 1599 1840 1623 non
1855 1599 1991 1628 aurum,
2016 1598 2087 1620 non

1135 1640 1278 1677 humana
1289 1641 1393 1686 gratia
1405 1664 1416 1680 ,
1440 1650 1508 1673 non
1519 1640 1611 1673 favor
1622 1638 1813 1681 Principum
1824 1662 1832 1671 .
1863 1638 1981 1672 Nolite
1993 1648 2087 1682 ergo,

1137 1693 1240 1727 nolite
1256 1688 1422 1725 confidere
1440 1689 1475 1721 in
1488 1686 1717 1728 Principibus,
1744 1687 1779 1720 in
1790 1687 1869 1720 filiis
1887 1687 2087 1725 hominurn,

1127 1741 1170 1774 -in
1206 1739 1327 1783 quibus
1364 1748 1434 1772 non
1470 1734 1517 1770 est
1554 1734 1657 1768 salus:
1684 1734 1875 1769 maledictus
1899 1736 1989 1769 enim
2028 1736 2088 1778 qui

1134 1788 1274 1823 confidit
1299 1789 1334 1820 in
1359 1785 1497 1820 homine
1517 1808 1529 1826 ,
1561 1784 1619 1827 qui
1643 1783 1739 1827 ponit
1757 1794 1890 1819 carnem
1917 1782 2088 1819 brachium

1133 1839 1249 1873 fuum.
1277 1835 1406 1878 Facite,
1433 1835 1578 1870 Domini
1614 1834 1710 1875 mei,
1739 1834 1840 1869 facite
1858 1835 1931 1869 aliis
1958 1859 1969 1874 ,
1994 1834 2086 1878 quod

1135 1888 1229 1923 vobis
1251 1886 1433 1922 defideratis
1453 1886 1472 1919 a
1494 1883 1627 1919 Christo
1647 1884 1737 1925 fieri,
1758 1894 1796 1918 ut
1808 1884 1954 1919 evadatis
1966 1885 2087 1927 pericu-

1136 1939 1227 1978 lum,
1253 1937 1343 1982 quod
1364 1937 1410 1970 est
1435 1934 1597 1969 evicino.
1623 1933 1749 1968 Eadem
1771 1933 1859 1969 enim
1882 1935 2086 1968 mensurare·

1136 1988 1287 2021 metietur
1299 1986 1417 2026 vobis,
1443 1996 1507 2030 qua
1519 1985 1576 2028 ipfi
1603 1984 1702 2018 mensi
1729 1984 1874 2019 fueritis.
1903 1984 1960 2018 An
1985 1984 2088 2018 nesci-

1135 2038 1196 2076 tis,
1224 2036 1383 2080 quoniam
1397 2046 1571 2080 argentum
1586 2033 1726 2068 vestrum
1750 2034 1940 2079 projicietur
1962 2035 2047 2068 foras
2073 2059 2085 2075 ‚

1135 2097 1248 2121 autum
1269 2085 1409 2120 vestrum
1430 2086 1493 2121 erit
1514 2086 1548 2119 in
1576 2084 1815 2129 sterquilinium
1829 2109 1840 2125 ,
1866 2085 2084 2129 argentum&

1135 2148 1247 2170 autum
1261 2147 1327 2170 non
1346 2135 1533 2179 poteritvos
1546 2134 1680 2170 liberare
1702 2134 1738 2168 in
1761 2134 1815 2169 die
1839 2135 1957 2169 furoris
1968 2135 2087 2168 Domi-

1134 2186 1186 2219 ni.
1215 2185 1445 2230 Noliteergo‚
1474 2186 1578 2219 nolite
1597 2182 1812 2220 thesaurizare
1838 2185 1932 2220 vobis
1955 2186 2034 2218 iram
2049 2185 2084 2218 in

1134 2235 1253 2270 dieirae
1266 2260 1276 2275 ‚
1303 2234 1358 2268 sed
1373 2234 1589 2270 thesaurizate
1600 2235 1693 2270 vobis
1710 2236 1745 2269 in
1766 2236 1855 2271 coelo
1867 2261 1878 2278 ,
1906 2233 2084 2269 resistendo

1134 2284 1372 2330 opprefforibus
1393 2309 1405 2325 ‚
1429 2284 1653 2319 subveniendo
1685 2286 1838 2329 oppreffis
1871 2310 1879 2318 .
1916 2284 2085 2328 Alioquin

1134 2336 1255 2379 judicet
1278 2335 1362 2369 inter
1382 2344 1441 2368 vos
1459 2334 1494 2368 ὅ(
1515 2344 1589 2375 me,
1615 2335 1649 2368 &
1666 2336 1819 2369 coexules
1832 2346 1944 2374 meos,
1968 2333 2085 2378 orpha-

1136 2397 1216 2426 nos,
1243 2385 1378 2424 viduas,
1406 2383 1546 2418 infantes
1584 2383 1619 2417 in
1656 2385 1830 2419 cunabulis
1850 2411 1861 2426 ,
1887 2386 2085 2428 caeterosque

1134 2446 1250 2471 ornnes
1262 2434 1553 2470 clericos&laicos
1565 2435 1657 2468 Deus
1681 2434 1769 2477 ipse,
1794 2434 1880 2477 apud
1903 2445 1998 2476 quern
2013 2444 2081 2467 non

1137 2487 1343 2530 personarum
1354 2484 1522 2528 acceptio:
1550 2483 1691 2526 requirat
1704 2484 1770 2526 ipse
1789 2484 1981 2527 sanguinem
1997 2493 2083 2516 mor-

1134 2546 1266 2571 tuorum
1302 2546 1452 2570 meorum
1488 2535 1528 2567 de
1566 2532 1715 2566 manibus
1753 2532 1864 2566 vestris
1900 2556 1910 2571 ‚
1935 2532 2081 2567 vindicet

1134 2586 1373 2621 simulationem
1388 2584 1500 2622 istam,
1527 2582 1585 2625 qui
1599 2582 1682 2617 sedet
1695 2581 1730 2614 in
1752 2583 1886 2616 >excelso
1908 2583 2009 2626 justus
2031 2582 2082 2625 ju-

1134 2636 1223 2678 dex,
1247 2635 1452 2670 considerans
1465 2631 1736 2665 diffimulationes
1761 2633 1877 2666 vestras
1900 2633 1934 2667 δε
1955 2632 2082 2675 injusti-

1134 2687 1214 2727 tias,
1241 2685 1423 2720 redditurus
1445 2682 1624 2723 unicuique
1646 2682 1809 2723 vestrum,
1837 2693 1933 2726 prout
1952 2683 2079 2726 gesserit

1135 2746 1287 2775 mecum,
1312 2732 1372 2768 sive
1393 2732 1518 2766 bonum
1541 2757 1552 2773 ‚
1578 2730 1641 2765 five
1678 2732 1802 2767 malum
1838 2757 1845 2765 .
1875 2732 2080 2776 Exposuistis

1135 2787 1254 2832 quippe
1266 2796 1348 2824 uos,
1373 2782 1524 2826 equidem
1546 2782 1749 2822 immeritos,
1776 2783 1902 2827 fignum
1922 2783 1962 2816 ad
1987 2782 2079 2827 sagit-

1134 2847 1224 2878 tam,
1252 2832 1469 2875 utnecjacula
1482 2832 1677 2876 jaculantis,
1704 2832 1850 2877 undique
1866 2834 1898 2866 in
1922 2844 1982 2867 nos
1997 2834 2080 2876 pres-

1134 2887 1178 2928 si,
1204 2886 1369 2920 valeamus
1387 2883 1532 2924 elidere,
1557 2893 1618 2917 nec
1628 2882 1762 2917 evadere
1774 2882 1948 2927 poffirnus,
1971 2883 2027 2916 nili
2042 2883 2075 2916 in

1135 2936 1262 2980 potenti
1300 2944 1400 2969 manu
1425 2933 1508 2974 Dei,
1534 2932 1726 2977 jacientium
1765 2934 1915 2978 sagittas.
1944 2932 2075 2967 Fecistis

1134 2985 1348 3030 opprobrium
1369 2984 1461 3018 omni
1482 2983 1661 3017 transeunti
1683 3008 1693 3024 ,
1720 2983 2005 3018 subsannationem
2032 2984 2076 3014 vi-

1134 3036 1217 3069 cinis
1238 3035 1374 3073 nostris,
1398 3034 1539 3067 derisum
1562 3032 1634 3071 his,
1658 3033 1713 3076 qui
1740 3033 1775 3067 in
1798 3034 1937 3068 circuitu
1963 3032 2075 3066 nostro

1135 3086 1228 3120 sunt:
1256 3085 1383 3119 utinam
1396 3094 1463 3118 non
1479 3082 1656 3125 vosipsos.
1683 3082 1775 3117 Deus
1801 3083 1906 3123 bone,
1932 3082 2073 3126 quiserit

1133 3134 1173 3169 de
1195 3146 1307 3169 caetero
1328 3135 1421 3179 vigor
1445 3134 1479 3167 in
1506 3132 1681 3171 membris,
1701 3131 1850 3177 ficapitis
1873 3133 1965 3176 ipsius
1976 3131 2072 3165 robur

1134 3185 1346 3220 emarcuerit?
1372 3185 1443 3229 Jam
1455 3182 1537 3217 certe
1549 3182 1733 3216 clamitatur
1745 3183 1779 3216 in
1802 3184 1936 3227 plateis,
1967 3178 2074 3223 praedi-

1134 3245 1225 3270 catur
1237 3247 1292 3280 per
1303 3234 1451 3269 civitates
1464 3233 1497 3267 &
1508 3232 1598 3266 vicos
1608 3253 1618 3270 ,
1644 3232 1721 3275 quia
1734 3244 1802 3267 non
1824 3233 1859 3265 fit
1869 3230 1987 3274 justitia
2001 3228 2071 3261 Ro-

1137 3297 1193 3319 mae
1213 3285 1254 3320 de
1276 3283 1471 3318 Potentibus
1506 3306 1513 3314 .
1554 3281 1610 3317 Ut
1630 3281 1709 3325 quid
1735 3282 1844 3324 sepitis
1860 3281 1926 3313 vias
1948 3279 2071 3312 nostras

1138 3336 1233 3378 spinis
1253 3337 1266 3370 .>
1293 3334 1361 3368 Cur
1386 3330 1531 3374 objicitis
1553 3330 1650 3366 nobis
1669 3330 1858 3364 offenfionis
1883 3328 2024 3371 lapidem
2054 3329 2069 3361 ἒ

1138 3385 1229 3433 Quid
1265 3382 1381 3419 tollitis
1419 3381 1515 3416 nobis
1555 3391 1689 3415 omnem
1726 3378 1867 3413 nostram
1894 3376 2071 3412 authorita-

1137 3445 1224 3476 tem,
1252 3446 1293 3468 ne
1314 3430 1518 3466 vindicemus
1551 3429 1704 3473 injuriam
1737 3426 1862 3463 Christi
1885 3451 1897 3468 ‚
1923 3438 1964 3462 ne
1990 3428 2071 3462 redi-

1139 3495 1265 3521 mamus
1290 3483 1408 3520 damna
1442 3481 1570 3517 dierum
1602 3478 1783 3563 nosstrorum
1809 3502 1822 3521 ‚
1859 3478 1978 3524 quibus
2016 3489 2072 3512 ne-

1969 3539 2026 3564 mo
