2358 3776
303 137 346 185 5.
415 130 792 182 THOMAE

137 212 270 260 unimus
284 233 359 257 eum
371 217 483 256 affeetu
496 219 599 256 Patris
609 243 620 260 ,
645 218 753 262 saepii'is
761 217 824 253 fide
846 215 996 252 Domino
1009 216 1066 252 de-

139 273 201 309 bita
234 273 507 317 supplicavimus,
543 271 757 313 corripuimus
774 278 848 302 eum
872 264 1066 302 authoritate

138 316 293 356 Pastoris:
325 323 391 365 ipse
401 333 510 356 autem
523 320 557 355 in
571 322 701 364 persona
714 317 820 353 nostra
835 317 962 351 Patrem
975 318 1064 351 suum

134 372 248 406 itidem
276 372 405 406 fidelem
427 371 644 414 contempsit,
670 369 703 401 δι
725 366 891 401 Pastorem
919 391 927 398 .
963 366 1006 400 Et
1027 379 1066 401 ne

135 422 215 464 quid
229 421 269 456 de
280 433 394 456 caetero
415 422 537 456 veritati
553 418 743 454 subtractum
755 418 793 451 fit
806 443 817 459 ,
845 415 934 460 quod
959 417 1068 451 Eccle-

136 471 186 506 siae
201 472 490 513 periculofius&ei
512 463 717 514 perniciosius
737 468 804 506 est,
833 466 948 506 illum,
975 468 1067 509 cujus

138 523 281 566 gerimus
294 523 415 561 vicem,
439 521 555 563 sprevit
576 517 763 552 Christum.
789 515 982 550 Habeantur
1001 516 1068 551 haec

139 582 247 613 vana,
272 573 306 607 ὃ(
327 579 534 609 contemnat,
563 578 599 603 ut
624 567 730 609 solet,
764 567 785 600 si
808 566 895 600 filius
912 566 979 600 Dei
1002 566 1069 601 Ec·

135 621 232 655 ciefiae
260 634 325 657 non
345 620 424 655 dicit
447 618 632 655 Pastoribus
653 629 661 649 ε
694 619 759 660 ,Qui
779 628 835 650 vos
852 614 985 658 spernit,
1023 627 1069 651 me

137 669 274 714 spemin
300 674 334 706 er
355 676 406 713 qui
427 676 529 713 tangit
540 680 596 702 vos
608 693 619 709 ‚
644 666 902 710 tangtepuprllam
921 668 992 699 oculi
1003 672 1070 700 mei.

137 720 292 759 Processit
304 720 436 755 ulterius
447 720 633 753 sollicitudo
654 718 782 757 nostra,
811 728 847 750 ut
868 716 899 750 ei
921 727 980 759 pro
993 728 1071 760 pace

136 770 287 805 Ecclefiae
298 772 438 805 summus
450 769 607 804 Pontifex
618 769 752 801 devotas
763 777 869 810 preces
890 766 1072 807 adhibuerit,

135 819 188 854 sed
207 831 274 854 non
285 819 329 853 est
341 820 511 855 exauditus
524 841 532 850 .
558 817 814 852 Exhortationes
837 815 989 850 adhibuit
1001 840 1012 857 ,
1038 816 1072 850 ἃ

135 866 264 905 surdum
287 870 401 913 reperit
421 867 601 908 auditorem
622 893 629 900 .
658 865 899 910 Increpationes
920 866 1037 910 adjecit
1064 879 1072 898 :

136 928 334 962 contemptae
358 919 430 953 sunt
442 943 449 951 .
478 919 632 952 Tandem
647 917 838 961 Apostolica
849 916 926 950 tuba
938 916 1073 950 commi·

137 968 288 1003 nationes
301 969 445 1003 intonuit
455 993 466 1009 ,
492 968 543 1002 sed
557 979 616 1002 nec
628 969 668 1001 fic
680 976 854 1011 potuerunt
866 965 944 1000 fides
953 966 986 1000 ὅτ
1004 965 1074 999 obe-

137 1015 253 1055 dientia
271 1020 406 1053 excitari
430 1044 437 1051 .
473 1019 527 1052 Ne
549 1018 626 1061 quid
650 1028 759 1052 autem
790 1017 1012 1051 omitteremus
1034 1027 1072 1050 ex

138 1067 430 1113 contingentibus,
457 1067 531 1101 Rex
554 1069 776 1108 Francorum,
802 1067 857 1112 qui
878 1067 908 1100 ei
932 1066 977 1100 est
1000 1066 1073 1099 ami-

140 1129 198 1153 cus
220 1118 253 1152 &
278 1119 466 1158 Dominus,
493 1129 626 1152 omnem
639 1117 788 1152 adhibuit
810 1116 982 1160 operam&
1005 1115 1075 1149 dili-

141 1169 288 1212 gentiam
302 1192 313 1209 ,
337 1167 389 1202 sed
403 1180 461 1203 nec
474 1168 528 1201 ille
539 1178 596 1211 pro
608 1169 661 1202 sua
673 1167 847 1202 reverentia
860 1168 973 1200 meruit
983 1175 1076 1200 exau·

141 1218 221 1253 diri.
252 1218 305 1252 Ad
332 1219 535 1261 colloquium
559 1217 626 1259 ejus
645 1218 852 1256 acceffimus,
879 1215 930 1249 sed
953 1226 1014 1248 nec
1035 1214 1075 1247 ad

140 1268 348 1308 conspectum
363 1267 430 1310 ejus
447 1269 557 1300 sumus
575 1267 699 1301 admissi
723 1290 735 1306 ,
769 1275 875 1308 neque
896 1264 996 1298 nostri
1020 1274 1077 1297 no-

135 1315 244 1349 minis
263 1327 320 1350 aut
347 1318 457 1349 caussa:
488 1315 551 1349 Dei
587 1316 723 1359 permisrt
744 1315 811 1348 fieri
835 1315 1039 1348 mentionem
1068 1335 1076 1344 .

138 1365 292 1399 Misimus
311 1366 342 1399 ei
366 1365 476 1409 postea
501 1365 653 1403 Nuncjos
680 1363 889 1399 Venerabiles
913 1364 1019 1402 viros,
1043 1362 1076 1395 δι

138 1415 260 1448 litteras
282 1425 427 1463 patentes
451 1439 463 1456 ‚
489 1424 525 1449 ut
550 1417 703 1459 petierat,
730 1415 763 1448 in
784 1414 904 1459 quibus
934 1413 1076 1455 expressa

90 1496 93 1500 .
137 1474 205 1507 erat
225 1463 399 1515 &justitia
419 1466 495 1500 Ecc!
499 1465 585 1506 esiae,
611 1465 865 1507 &nostraepetiti
870 1463 943 1497 onis
956 1464 1077 1496 senten

139 1517 209 1556 tia,
235 1515 289 1548 sed
303 1506 451 1549 noster&
464 1526 576 1549 eorum
599 1515 713 1555 labor,
739 1514 942 1556 quantumin
969 1524 1010 1546 eo
1020 1513 1077 1553 esi,

136 1564 251 1603 ceffit
242 1576 275 1599 in
287 1565 426 1599 cassum.
453 1566 560 1599 Securi
573 1574 698 1600 eranms
719 1564 818 1598 fidem
843 1563 998 1598 Dominae
1016 1563 1078 1596 Im-

135 1614 324 1658 peratricis,
351 1615 432 1649 sicut
454 1625 488 1647 tu
503 1614 588 1648 nosti
613 1639 625 1655 ,
650 1614 779 1656 &ipsa
772 1624 923 1657 ignorare
937 1623 1003 1645 non
1027 1611 1080 1644 de-

139 1663 217 1705 bet,
245 1663 297 1697 sed
312 1674 373 1697 nos
385 1664 613 1707 usquequaque
637 1663 772 1697 delusit.
799 1661 890 1709 Qnia
911 1672 991 1706 ergo
1012 1659 1079 1694 haec

140 1713 298 1757 patientia
311 1712 418 1747 nostra
431 1713 580 1748 Ecczefiae
592 1714 656 1747 Dei
670 1712 846 1757 perniciosa
855 1712 900 1746 est
912 1735 924 1752 ‚
948 1709 1001 1745 sed
1014 1721 1081 1754 per-

139 1762 374 1801 niciofiorilli‚
397 1763 490 1804 cujus
500 1762 673 1796 novissima
687 1762 771 1794 fiunt
785 1761 818 1794 in
841 1760 911 1794 dies
922 1759 1080 1793 deteriora

146 1810 310 1856 prioribus
323 1833 335 1850 ,
361 1809 457 1843 nobis
467 1818 574 1844 autem
586 1808 844 1852 perniciosissima
855 1830 867 1848 ‚
892 1817 976 1851 ,quos
986 1817 1079 1850 opor·

135 1858 223 1896 tebit
239 1869 314 1894 ante
327 1858 493 1893 Tribunal
517 1858 630 1902 Sponsi
651 1869 720 1891 non
738 1855 842 1892 modo
861 1854 903 1891 de
921 1856 1073 1899 operibus

145 1909 306 1956 propriis,
335 1907 384 1942 sed
406 1910 504 1943 etiam
526 1909 568 1943 de
590 1907 747 1953 sanguine
765 1906 878 1951 ejus&
899 1906 1079 1941 afflictione

107 1956 111 1961 ’
138 1961 262 2004 sponsae
278 1956 408 1993 reddere
425 1959 585 1994 rationem
604 1979 616 1997 ‚
655 1967 713 2002 pro
733 1956 826 1992 certo
846 1957 976 1992 noveris
996 1979 1007 1997 ,
1045 1955 1080 1989 ἃ

137 2009 296 2044 Dominae
317 2008 516 2053 Imperatrici
539 2009 670 2043 intimes
694 2032 706 2048 ,
743 2007 833 2051 quod
855 2007 889 2040 in
912 2008 1080 2049 personam

134 2058 376 2102 ejus&terram
399 2058 435 2093 in
454 2058 563 2098 brevi,
591 2057 697 2092 immo
719 2057 753 2091 in
771 2055 976 2096 breviffimo,
1015 2055 1080 2088 vita

138 2109 263 2147 comite
277 2108 311 2144 &
326 2108 402 2143 Deo
414 2106 573 2149 authore,
598 2119 764 2142 exeremus
784 2104 929 2152 gladium
945 2103 1082 2149 Spiritus

137 2159 271 2201 Sanffl,
296 2159 456 2203 quiomni
470 2158 581 2204 gladio
593 2158 730 2201 ancipiti
751 2153 984 2200 penetrabilior
995 2154 1077 2196 est,

138 2219 178 2244 ut
196 2208 278 2244 sitin
303 2209 431 2243 ruinam
452 2208 610 2244 induratae
629 2208 743 2248 carni,
767 2208 800 2240 δ(
822 2207 950 2249 sopito,
977 2203 1082 2239 immo

140 2259 289 2294 extincto
302 2258 448 2301 spiritui
440 2270 474 2292 m
485 2258 644 2293 salutem.
671 2256 866 2293 persuadeas
875 2265 955 2301 ergo
965 2254 1082 2289 Domi-

141 2320 193 2344 nae
205 2306 344 2350 nostrae,
368 2318 409 2342 ut
434 2319 493 2343 nos
514 2307 555 2342 de
573 2317 688 2342 caetero
709 2306 827 2342 habeat
857 2305 1054 2340 excusatos
1044 2315 1079 2338 in

140 2369 207 2398 eo,
233 2357 322 2401 quod
333 2355 414 2393 ultra
430 2357 626 2391 dissimulare
655 2368 720 2391 non
733 2357 833 2392 licet.-
859 2355 1000 2398 sciatque
1022 2365 1081 2397 pro

141 2418 257 2449 certo,
278 2405 366 2450 quod
377 2408 398 2440 si
410 2407 562 2441 revixerit
579 2406 667 2441 filius
678 2407 746 2449 ejus
756 2406 813 2446 ,δε
823 2405 997 2440 consilium
1010 2404 1081 2438 Ma-

145 2457 204 2492 tris
230 2455 364 2499 recipiat
385 2455 522 2492 audiens
532 2467 647 2492 vocem
668 2457 757 2497 Dei,
781 2466 842 2490 nos
862 2455 903 2490 ad
921 2453 1081 2490 honorem

136 2506 251 2550 Dei&
273 2505 474 2541 voluntatem
487 2506 573 2541 suam
595 2514 722 2551 paratos
740 2505 886 2540 inveniet
904 2530 912 2537 .
940 2506 1076 2539 lnterim

141 2556 338 2591 morientem
360 2556 464 2590 filium
478 2557 599 2599 pariter,
614 2581 625 2597 ,
649 2556 685 2590 δε
705 2555 821 2590 eodem
843 2555 1013 2599 lugeamus
1033 2555 1083 2589 as-

89 2612 91 2617 '
141 2607 252 2648 festu,
276 2606 482 2650 quisalu'tern
504 2606 572 2648 ejus
593 2606 626 2640 ὅ(
647 2605 808 2640 honorem
826 2628 838 2645 ,
866 2607 941 2640 Deo
969 2604 1050 2641 teste
1074 2627 1085 2643 ‚

141 2656 304 2693 consimili
314 2652 468 2691 desiderio
481 2665 632 2698 optamus
644 2655 758 2698 pariter
770 2656 804 2690 ἀ
824 2665 955 2689 oramus
965 2679 973 2688 .
1004 2654 1084 2687 Haec

142 2718 221 2747 eum
240 2707 355 2742 dolore
368 2731 380 2747 ,
404 2704 582 2748 lacrliymis
595 2728 605 2745 ,
642 2703 857 2749 singultibus,
892 2705 925 2738 &
946 2703 1086 2747 suspiriis

145 2757 311 2801 loquimur
324 2781 334 2796 ,
362 2756 518 2800 tanquam
532 2756 649 2790 viscera
660 2755 766 2788 nostra
778 2751 818 2788 de
829 2753 966 2788 claustro
985 2755 1086 2796 pesto-

144 2807 189 2842 τίς
209 2806 381 2841 acerbitate
402 2806 476 2841 ferri
497 2808 635 2840 extrasta
649 2828 661 2845 ,
684 2804 799 2838 ardore
820 2804 952 2837 cauterii
980 2803 1083 2837 inura-

149 2868 222 2892 mus
235 2883 242 2889 .
271 2857 416 2904 Qod&
429 2857 522 2890 Deus
533 2855 611 2896 scit,
640 2856 674 2888 in
692 2854 782 2898 cujus
793 2853 942 2897 injuriam
964 2863 1085 2887 exerce-

145 2918 180 2942 re
190 2907 322 2942 ulterius
333 2918 400 2941 non
420 2905 574 2941 debemus
596 2905 731 2949 impiam
754 2905 928 2948 pietatem,
952 2902 983 2937 ei
1006 2904 1075 2937 Ma·

147 2967 251 2997 trem,
275 2957 431 2997 Patrem,
456 2957 608 2991 Sororem
633 2954 852 2998 praeferendo,
891 2953 942 2988 vel
968 2953 1085 2987 Domi'

148 3017 247 3039 num.
272 3005 354 3040 Non
364 3007 409 3040 est
421 3006 515 3040 dolor
526 3007 606 3040 sicut
620 3006 678 3038 iste
687 3004 783 3039 dolor
797 3029 808 3044 ,
833 3005 854 3037 si
867 3002 1005 3037 charitas
1017 3003 1082 3037 Dei

148 3054 318 3089 &utilitas
331 3055 482 3091 &honor
502 3056 593 3100 ejus,
612 3056 669 3099 qui
691 3065 819 3089 curatur
833 3078 844 3094 ‚
870 3064 931 3088 nos
957 3064 1049 3098 urget
1074 3077 1085 3095 ,

149 3116 186 3141 ut
197 3104 286 3140 hunc
299 3104 377 3139 forti
390 3105 499 3141 animo
507 3106 711 3140 sufferamus.
738 3104 856 3139 Valete
869 3128 877 3136 .

197 3153 498 3190 Saluta&sollicita
514 3157 624 3190 fratres
635 3155 782 3193 nostros,
806 3164 844 3189 ut
863 3153 960 3189 nobis
985 3153 1083 3197 impe-

150 3215 233 3239 trent
252 3205 410 3248 Spiritum
429 3204 553 3239 consilii
576 3206 609 3239 &
630 3203 851 3244 fortitudinis,
877 3215 1005 3238 orantes
1027 3214 1085 3247 pro

151 3256 302 3290 Domino
326 3255 437 3299 Rege,
463 3264 498 3287 ur
517 3254 546 3287 ei
569 3254 648 3288 adsit
667 3255 803 3298 Spiritus
824 3254 1020 3298 poenitentiae
1051 3253 1084 3287 δε

151 3303 279 3349 pietatis
291 3328 301 3343 ,
327 3312 486 3346 quatenus
499 3313 560 3345 pax
572 3303 638 3346 ejus
650 3304 794 3340 Ecclesiae
804 3305 867 3341 Dei
880 3305 912 3340 δε
923 3303 1016 3343 nobis
1040 3314 1086 3338 re-

147 3355 308 3390 formetur
322 3353 355 3386 in
368 3354 536 3387 Domino.

247 3501 355 3545 christ.
367 3504 447 3547 Lupi
458 3506 557 3547 opera
566 3505 645 3538 Tom.
660 3505 702 3539 Χ.

860 122 1792 201 CANTUARIENSIS.

1906 151 2001 200 147

1186 263 1594 302 EPISTOLA
1694 268 1995 308 CXXXVIII.

1128 366 1296 399 Alexandro
1309 331 1403 409 Papio
1415 366 1544 401 Thomas
1555 365 1772 409 Cantuarienfis
1785 369 1879 401 Archi·-
1892 338 2074 416 Episcopus:

1190 464 1298 499 ATis
1324 467 1480 511 superque
1501 466 1635 501 sustinui
1657 492 1667 508 ‚
1694 467 1789 502 Pater
1809 467 2024 505 amantissime
2050 493 2064 512 ,

1213 517 1444 551 correctionem
1458 517 1560 562 Regis
1575 517 1706 562 Angliae
1716 518 1907 561 expesians,
1935 528 1996 551 nec
2021 522 2068 553 ul-

1129 567 1195 599 lum
1208 566 1348 601 omnino
1361 567 1524 610 patientia:
1535 577 1613 601 meae
1633 568 1770 602 studium
1795 566 1929 602 obtinui
1944 591 1955 607 ,
1988 568 2071 610 quin

1108 627 1110 629 ¹
1130 615 1238 659 potius
1249 616 1477 651 detrimentum
1494 616 1529 650 ἃ
1548 618 1779 652 exterminium
1801 616 2012 652 authoritatis
2035 618 2072 663 ὃς

1131 664 1288 700 libertatis
1311 666 1460 700 Ecclefiae
1471 667 1559 708 Dei,
1589 666 1810 702 dumincaute
1823 666 1965 701 sustineo
1983 691 1994 708 ,
2018 677 2076 701 cu·

1132 715 1270 749 mulavi.
1297 716 1450 751 Conveni
1461 728 1536 751 eum
1549 716 1714 752 multoties
1726 729 1781 761 per
1805 716 1957 751 Nuncios
1982 716 2074 751 Reli-

1131 765 1450 811 giosos&idoneos‚
1476 768 1510 801 ἂ
1523 768 1562 801 ad
1574 766 1719 802 debitam
1741 766 1993 801 satisfactionem
2013 768 2075 801 fre·

1132 815 1283 861 quentii'is
1300 816 1457 850 invitavi.
1483 817 1619 852 Litteris
1630 817 1749 859 etiam,
1775 827 1910 860 quarum
1925 817 2073 851 transcri-

1134 877 1186 910 pta
1197 865 1291 900 vobis
1303 865 1372 904 misi
1386 891 1397 907 ,
1423 866 1582 903 Divinam
1591 868 1620 903 ei
1630 868 1830 903 severitatem
1843 868 1877 901 ὅ(
1895 866 2070 908 ultionem,

1129 916 1189 951 uisi
1218 915 1409 959 resipisceret
1427 941 1439 958 ‚
1465 916 1627 953 intentavi
1659 943 1666 951 .
1690 917 1760 962 Ipse
1783 917 1858 951 vero
1891 917 1996 962 magis
2026 927 2065 951 ac

1135 965 1237 1011 magis
1262 965 1393 1010 proficit
1414 965 1450 1000 in
1471 966 1611 1003 deterius
1633 993 1646 1008 ,
1681 967 1877 1003 conculcans
1910 966 1944 1000 &
1974 965 2078 1011 depri-

1134 1027 1225 1050 mens
1246 1016 1418 1062 Ecclesiam
1443 1017 1531 1058 Dei,
1557 1019 1611 1053 sed
1633 1020 1666 1052 &
1689 1018 1857 1062 personam
1884 1029 2012 1058 meam,
2041 1016 2076 1050 &

1135 1077 1191 1101 eos
1204 1067 1259 1110 qui
1273 1077 1400 1101 mecum
1411 1068 1544 1101 exulant
1558 1094 1569 1110 ‚
1594 1067 1676 1103 adeo
1687 1069 1878 1112 persequens
1892 1092 1903 1110 ,
1928 1066 2076 1102 utetiam

1136 1116 1291 1151 beneficia
1304 1118 1467 1152 servorum
1480 1119 1545 1152 Dei
1558 1144 1568 1160 ,
1596 1119 1654 1162 qui
1665 1119 1762 1153 nobis
1773 1118 1882 1153 Dei&
1895 1117 1986 1151 vestri
2000 1123 2078 1154 ca?

1139 1168 1168 1199 sa
1181 1167 1330 1201 victualia
1343 1169 1540 1210 provident,
1566 1170 1665 1204 minis
1684 1170 1716 1203 &
1736 1168 1913 1204 terroribus
1935 1167 2000 1201 suis
2023 1176 2079 1200 au-

1138 1217 1217 1250 ferre
1228 1227 1392 1250 conetur.
1418 1218 1640 1261 Scriplitenim
1649 1213 1778 1253 Abbati
1793 1215 1994 1252 Cistertiensi
2008 1238 2020 1254 ‚
2041 1223 2081 1248 ut

1137 1266 1214 1299 sicut
1229 1265 1386 1299 Abbatias
1398 1267 1524 1300 ordinis
1535 1291 1546 1306 ,
1571 1278 1642 1309 quae
1654 1268 1687 1300 in
1703 1267 1797 1313 ipsius
1807 1266 1964 1311 potestate
1985 1265 2081 1305 sunt,

1137 1314 1272 1359 diligit,
1299 1314 1344 1348 ita
1358 1316 1447 1348 nosa
1469 1312 1632 1349 beneficio
1655 1317 1690 1349 ἀ
1712 1311 1933 1348 familiaritate
1954 1314 2087 1349 ordinis

1139 1363 1393 1398 faciatalienos.
1421 1364 1513 1411 Qid
1527 1364 1661 1399 multis?
1689 1364 1741 1398 Eo
1752 1365 1852 1409 usque
1874 1364 1932 1398 sub
1959 1362 2086 1407 patien-

1139 1415 1184 1448 tia
1195 1413 1301 1448 nostra
1313 1424 1379 1448 tam
1402 1414 1499 1458 ipsius
1524 1416 1650 1459 Regis,
1669 1415 1766 1458 quam
1787 1414 1978 1448 officialium
2010 1414 2094 1457 ejus*

1142 1465 1277 1508 profecit
1290 1464 1460 1507 impietas,
1487 1475 1523 1499 ut
1540 1465 1561 1497 fi
1584 1464 1766 1499 multitudo
1786 1464 1929 1497 virorum
1945 1488 1955 1503 ,
1981 1474 2090 1505 quan·

1141 1514 1293 1548 tumlibet
1306 1514 1550 1558 Religiosorum
1565 1538 1575 1554 ,
1601 1524 1667 1552 rem
1681 1514 1776 1548 vobis
1787 1524 1822 1547 ut
1847 1514 1890 1546 est
1903 1537 1914 1553 ,
1941 1514 2087 1557 interpo-

1141 1564 1208 1597 sitis
1226 1563 1325 1596 etiam
1336 1563 1524 1605 juramentis
1535 1565 1700 1604 assereret,
1731 1563 1863 1596 mirorsi
1887 1562 1935 1597 vel
1957 1562 2001 1596 fic
2021 1574 2086 1597 eo-

1141 1624 1213 1647 rum
1226 1613 1392 1647 assertioni
1405 1613 1631 1647 credulitatem
1649 1614 1790 1657 aliquam
1803 1612 1904 1646 vestra
1925 1612 2086 1647 Sanctitas

1140 1661 1326 1697 adhiberet.
1353 1661 1435 1696 Haec
1463 1663 1565 1706 igitur
1586 1672 1662 1696 oum
1676 1663 1840 1695 anxietate
1863 1661 1970 1695 cordis
1982 1672 2087 1696 atten—

1140 1713 1220 1746 dens
1234 1736 1245 1752 ,
1270 1712 1304 1745 &
1316 1711 1495 1754 periculum
1509 1720 1576 1743 tam
1590 1710 1692 1753 Regis
1707 1719 1805 1751 quam
1820 1720 1928 1744 mcum
1941 1712 2091 1746 conside-

1140 1771 1212 1794 rans
1225 1782 1236 1798 ,
1263 1755 1539 1801 perniciosasillas
1551 1769 1617 1792 non
1633 1769 1699 1792 tam
1712 1759 1967 1793 consuetudines
1988 1761 2088 1805 quam

1140 1808 1336 1852 pravitates,
1357 1806 1474 1852 quibus
1497 1807 1741 1851 perturbatur&
1763 1809 1982 1844 confunditur
2016 1809 2089 1844 An-

1138 1858 1268 1903 glicana
1283 1856 1448 1898 Ecclesia,
1475 1857 1606 1900 publice
1617 1858 1863 1899 condemnavi,
1890 1869 1956 1893 tarn
1983 1860 2096 1894 obser-

1139 1918 1268 1943 vatores
1281 1906 1378 1950 quam
1392 1909 1557 1942 exastores
1569 1919 1680 1942 earum
1693 1907 1886 1952 generaliter
1898 1919 2091 1944 excommu-

1140 1957 1303 1992 nicationi
1328 1957 1521 2000 subjiciens.
1550 1959 1713 2000 Scriptum
1737 1957 1886 1990 etiam&
1907 1948 2098 1992 authorirau·

1141 2017 1207 2041 tem
1221 2006 1355 2049 scripti,
1382 2007 1448 2050 quo
1463 2008 1681 2049 perversitates
1695 2007 1758 2041 illae
1770 2008 1898 2040 fuerant
1910 2009 2100 2042 confirma*¹

1142 2067 1204 2097 tae,
1230 2056 1365 2090 cassavi:
1405 2056 1439 2090 ὅ(
1462 2057 1640 2100 Episcopos
1663 2056 1789 2100 nostros
1810 2056 1829 2089 ὲ
1861 2056 2046 2098 juramento
2071 2082 2087 2097 ,

1140 2116 1207 2150 quo
1218 2105 1258 2142 ad
1271 2104 1533 2140 observationem
1547 2118 1658 2140 earum
1670 2107 1832 2140 violenter
1853 2106 1992 2140 adstristi
2021 2108 2099 2142 fue*

1141 2164 1236 2197 rant,
1262 2156 1425 2191 relaxavi.
1453 2156 1497 2191 Et
1521 2156 1586 2191 haec
1605 2158 1701 2198 sunt,
1728 2167 1799 2200 quae
1820 2155 1855 2189 iu
1878 2157 1998 2201 scripto
2027 2157 2093 2194 illo

1142 2206 1323 2250 specialiter
1335 2206 1555 2242 condemnavi
1566 2234 1579 2248 .,

1165 2255 1269 2303 Qod
1281 2266 1348 2289 non
1362 2256 1459 2290 liceat
1471 2257 1633 2302 Episcopo
1643 2260 1928 2296 excommunicare
1939 2258 2094 2304 aliquem,

1141 2307 1198 2351 qui
1210 2312 1315 2340 teneat
1328 2305 1452 2349 aliquid
1463 2306 1504 2340 de
1517 2308 1610 2352 Rege
1622 2333 1632 2348 ,
1659 2308 1779 2354 absque
1792 2310 1924 2345 licentia
1937 2310 2033 2354 ipsius
2054 2335 2062 2343 .

1192 2354 1296 2405 Qod
1322 2367 1390 2389 non
1414 2356 1511 2391 liceat
1532 2357 1696 2403 Episcopo
1719 2361 2008 2396 excommunicare
2034 2359 2095 2394 ail-

1142 2417 1239 2448 quem
1251 2404 1292 2440 de
1302 2405 1442 2449 perjurio
1468 2406 1519 2441 vel
1533 2406 1597 2441 fide
1608 2408 1675 2442 laesa
1689 2433 1697 2441 .

1194 2454 1295 2503 Quod
1309 2455 1432 2490 Clerici
1449 2458 1498 2490 vel
1511 2457 1569 2500 viri
1587 2457 1747 2502 Religiosi
1759 2459 1929 2495 trahantur
1941 2458 1983 2494 ad
1995 2460 2098 2502 saecuff

1144 2505 1221 2540 laria
1243 2503 1366 2549 judicia
1378 2531 1386 2539 .

1194 2554 1297 2602 Qod
1310 2555 1403 2591 Laici
1414 2579 1426 2596 ,
1451 2556 1504 2589 seu
1516 2555 1590 2590 Rex
1603 2557 1657 2590 seu
1669 2556 1725 2590 alii
1741 2581 1752 2597 ,
1777 2560 1913 2592 tractent
1923 2560 2035 2594 causas
2046 2557 2089 2594 de

1145 2604 1294 2640 Ecclesiis
1307 2605 1356 2639 vel
1371 2604 1519 2639 Decimis
1539 2630 1546 2637 .

1191 2655 1294 2704 Qod
1306 2666 1374 2689 non
1399 2655 1579 2699 appelletur
1599 2667 1660 2699 pro
1668 2656 1763 2692 causa
1782 2657 1894 2701 aliqua
1919 2657 1960 2692 ad
1972 2656 2087 2695 Sedem

1146 2705 1371 2750 Apostolicam
1388 2730 1393 2736 .
1407 2736 1419 2743 ,

1194 2754 1297 2801 Qod
1307 2765 1373 2788 non
1394 2753 1490 2790 liceat
1513 2752 1818 2801 Archi-Episcopo
1848 2758 1898 2792 vel
1920 2757 2087 2803 Episcopo

1146 2806 1252 2839 venire
1265 2804 1305 2838 ad
1320 2804 1527 2840 vocationem
1537 2805 1682 2841 Domini
1696 2805 1791 2851 Papae
1813 2807 1931 2852 absque
1954 2808 2086 2846 licentia

1146 2855 1247 2901 Regis
1261 2878 1269 2885 .

1200 2902 1361 2938 Etaliaiu
1383 2902 1473 2939 hunc
1497 2906 1655 2945 modum.
1683 2907 1894 2945 Nominatim
1918 2909 2016 2944 etiam
2032 2921 2087 2944 ex-

1145 2954 1386 2988 communicavi
1400 2954 1559 2997 Joannem
1571 2957 1836 3000 derenesord,
1861 2959 1918 3004 qui
1940 2970 2088 2994 commu-

1146 3005 1267 3038 nicavit
1279 3003 1484 3040 schismatico
1495 3005 1528 3039 δε
1540 3010 1833 3044 excommunicato
1855 3008 1903 3043 illi
1927 3009 2088 3053 Regina}-

1144 3054 1187 3087 do
1202 3053 1415 3096 Coloniensi,
1441 3056 1564 3099 quique
1585 3067 1699 3091 contra
1722 3059 1913 3094 mandatum
1937 3059 2080 3094 Domini

1143 3104 1175 3137 ὃς
1190 3104 1328 3138 vestrum
1351 3105 1512 3148 usurpavit
1532 3106 1589 3140 sibi
1611 3107 1818 3142 Decanatum
1841 3108 2059 3143 Saresberiens
2063 3118 2079 3140 s

1148 3153 1313 3193 Ecclesiae,
1337 3154 1415 3188 &in
1428 3155 1528 3190 Curia
1542 3156 1764 3199 lmperatoris‚
1789 3165 1885 3204 quale
1908 3160 1974 3202 ipse
1995 3156 2071 3191 audi

1144 3203 1220 3245 stis,
1245 3204 1390 3246 praestitit
1411 3205 1651 3248 juramentum.
2045 3224 2050 3235 1

1192 3252 1346 3291 Similiter
1356 3255 1455 3288 etiam
1469 3255 1648 3291 Ricardum
1670 3256 1711 3292 de
1731 3257 1922 3296 Welcestre,
1948 3255 2004 3299 qui
2028 3255 2084 3290 ei·-

1144 3303 1219 3338 dem
1231 3302 1439 3338 schismatico
1450 3308 1709 3341 communicavit
1726 3333 1734 3341 .
1767 3309 1809 3342 Et
1821 3318 1882 3340 una
1896 3303 2085 3339 Ricardum*

1145 3354 1184 3391 de
1197 3353 1299 3394 Luci,
1323 3353 1357 3386 ἀ
1371 3353 1558 3395 Jocelinum
1567 3356 1607 3390 de
1620 3356 1797 3394 Baillolio,
1824 3356 1879 3398 qui
1893 3354 2006 3399 Regias
2030 3366 2084 3397 ty·-

1147 3402 1290 3438 rannidis
1312 3404 1474 3443 fautores,
1502 3405 1534 3438 &
1559 3405 1777 3440 haereticarum
1802 3404 1932 3440 illarum
1945 3404 2085 3449 pravita-

1147 3463 1216 3490 tum
1232 3452 1438 3496 fabricatores
1450 3453 1640 3501 exstiterunt
1655 3478 1664 3486 .

1658 3502 1695 3538 N
1744 3513 1769 3550 ἦ
1966 3501 2031 3537 Ra-
