2358 3776
498 116 537 162 S.
575 112 862 161 THOMAE
897 113 1289 167 CANTuAR.
1327 112 1461 158 LIB.
1510 117 1613 160 111.

88 202 385 244 tandemuuneios
396 202 463 247 ejus
477 203 631 238 confusos
643 201 821 240 remiserit,
845 200 878 235 &
897 199 932 233 in
954 207 1020 231 ter-

91 268 143 292 ras
160 255 229 299 ejus
246 253 429 288 cismarinas
459 264 632 298 aggravare
665 251 866 295 proposuerit
886 259 1021 283 manum

89 309 199 344 suam,
225 302 310 338 nihil
331 304 416 339 valet
437 305 623 347 praecipere,
650 302 740 346 quod
763 313 831 335 non
857 300 923 334 sine
936 297 1020 332 diffi-

85 354 351 394 cultate&mora
364 354 643 388 valeatobtinere.
672 351 762 387 Nam
784 351 936 385 Proceres
963 348 1021 382 Ec-

87 405 188 441 clefiae
200 404 308 439 favent
319 429 331 444 ‚
357 405 480 449 solique
492 404 634 444 Clerici,
655 413 753 447 quam
767 398 932 434 venenofis
947 410 1022 433 con·

89 455 164 491 siliis
175 454 434 494 seminaverunt,
462 454 580 488 furoris
601 451 810 496 pertinaciam
836 448 944 493 rigant
970 460 1023 483 ex-

87 504 351 544 hortationibus,
371 502 681 548 &instigationibus
701 503 816 538 fovent
830 499 864 535 δε
885 510 1020 542 promo·-

90 566 167 590 vent
179 579 186 587 .
212 555 364 603 Qorum
375 554 430 589 alii
445 553 519 590 vero
531 552 648 587 crebris
671 549 920 587 discurfionibus
935 561 1022 583 nunc

90 605 320 648 Apostolicam
336 604 454 639 Sedem
467 627 477 643 ‚
506 615 593 637 nunc
605 600 754 637 adversus
774 599 949 634 Ecclesiam
968 611 1023 642 pu·

89 654 190 690 blicas
199 655 298 691 Orbis
307 652 606 690 Latinisollicitant
620 651 795 686 potestates
818 673 825 682 .
855 649 956 697 Qod
970 661 1024 683 au-

90 714 159 740 tem
170 705 234 740 fine
244 704 539 746 dolore&stupore
563 712 630 735 non
656 702 816 739 dicimus,
842 698 1023 733 saeculipo-

89 754 218 790 testates
230 755 269 790 ad
280 755 363 789 tanti
383 753 499 798 flagitii
520 751 720 787 consortium
741 759 908 793 nequeunt
935 750 1023 783 incli-

88 815 167 839 nare
178 827 189 845 ,
215 803 313 837 sedin
327 803 466 837 Ecclesia
478 803 627 837 Romana
640 801 763 843 semper
776 800 952 834 inveniunt
965 799 1022 833 ali—

87 863 190 898 quos,
218 863 301 897 quos
314 853 455 889 scelerati
477 851 637 896 Propofiti
650 852 681 886 se
703 850 887 897 gloriantur
906 847 1024 884 habere

83 902 275 940 consortes.

263 1000 666 1039 EPISTOLA
734 1000 840 1038 LXII.

225 1102 395 1137 Alexandro
420 1104 516 1145 Papae
541 1099 678 1148 magister
695 1083 860 1137 vivianus
874 1125 884 1135 .

185 1250 356 1287 PERAM
383 1261 516 1285 omnem
526 1250 661 1284 adhibui
681 1251 717 1284 δε
735 1250 940 1295 diligentiam
953 1270 965 1287 ‚
989 1258 1026 1282 ut

208 1302 293 1337 inter
305 1301 432 1345 Regem
445 1300 631 1342 Anglorum
649 1300 684 1333 ὅ(
697 1301 741 1332 D.
755 1298 1025 1333 Cantuariensem

87 1363 151 1396 pax
164 1351 389 1386 reformaretur
401 1350 493 1391 juxta
507 1349 664 1387 formam,
691 1358 790 1391 quam
809 1348 957 1382 sanctitas
969 1358 1024 1381 ve-

86 1400 396 1444 strapraiscripserat.
424 1397 579 1432 Tandem
603 1398 680 1433 vero
704 1398 773 1441 post
796 1399 919 1433 multos
937 1397 1023 1431 labo-

87 1450 235 1486 xesadid
246 1452 381 1484 'ventum
401 1449 468 1487 est,
495 1458 533 1483 ut
553 1448 847 1483 D-Cantuarienfis
870 1449 902 1481 in
924 1446 1024 1480 collo·

88 1501 170 1547 quio
182 1501 312 1544 Regum
326 1523 337 1539 ,
365 1498 503 1532 Parisius
513 1495 628 1532 habito
638 1497 672 1531 in
684 1499 796 1532 octava
821 1498 913 1532 Beati
938 1497 1025 1531 Mar-

87 1549 171 1590 tini,
197 1549 390 1593 petitionem
411 1548 623 1592 subscriptam
644 1558 697 1590 per
720 1548 765 1581 D.
781 1546 1023 1590 Rothomagen·

87 1601 174 1639 sem,
198 1600 233 1635 δε
245 1599 444 1642 Episcopum
458 1599 645 1641 Sagiensem
657 1621 668 1637 ,
694 1599 813 1638 deme,
839 1597 926 1644 Regi
951 1597 1025 1632 An-

86 1650 242 1696 glorum,
267 1649 412 1692 presente
431 1647 708 1682 Christianisfimo
735 1648 830 1692 Rege
847 1672 858 1688 ‚
885 1647 1026 1692 porrige-

85 1709 160 1740 ret:
185 1702 379 1739 [incutimus
393 1699 413 1730 ἃ
434 1701 558 1731 Domino
569 1696 660 1738 nostro
681 1701 760 1740 Rege
777 1700 875 1738 juxta
889 1698 1025 1732 Manda-

85 1747 345 1791 mquconfilium
357 1751 477 1780 nomini
488 1749 583 1787 Papae
595 1770 606 1785 ‚
639 1754 673 1779 ut
682 1755 741 1787 pro.
758 1758 861 1779 amore
885 1751 942 1780 Del
954 1770 965 1785 ,
991 1748 1025 1781 Θ

85 1802 209 1834 Domni
219 1800 338 1838 Papae,
362 1794 513 1829 &bonore
521 1798 549 1828 5.
566 1794 720 1835 Ecclefiae,
745 1807 782 1829 ac
799 1794 899 1837 salute
915 1793 974 1837 sua
990 1796 1025 1829 6·

85 1847 238 1883 bandum
255 1843 375 1889 ficorum
389 1867 399 1883 ,
424 1848 548 1886 recipiar
569 1855 622 1877 nos
643 1848 679 1876 in
694 1849 832 1886 granam
846 1842 935 1887 suam
947 1867 957 1884 ,
988 1845 1023 1878 Θ

82 1898 222 1934 concedat
233 1895 317 1929 nobis
332 1894 527 1934 omnibus,
555 1898 606 1936 qui
630 1891 776 1937 nobiscum
797 1895 832 1929 (ἵ
857 1901 913 1936 pro
936 1893 1022 1928 nobis

84 1947 270 1984 ‹xlemntde
282 1948 403 1989 Regna,
424 1951 529 1986 pacem
546 1943 635 1988 suam
649 1967 661 1983 ‚
684 1945 720 1980 (15
740 1943 868 1984 plenam
887 1941 1024 1986 securita-

86 1993 343 2039 temdel‘e‘essulr
357 2018 368 2035 ,
391 1993 450 2034 line
461 1994 540 2027 malo
559 1998 676 2037 ingenia
698 2017 706 2023 .
731 1996 777 2026 Ee
801 1994 913 2027 reddat
938 1993 1022 2026 nobis

87 2043 244 2089 Bccfflm
255 2044 504 2085 Cantuariensem
514 2048 547 2078 m
558 2054 594 2077 ea
601 2043 792 2084 plenitudine
813 2043 848 2077 6·
861 2041 997 2075 libertate
1010 2067 1021 2084 ,

87 2102 190 2140 inqua
200 2107 267 2131 eam
278 2094 382 2129 meldim
395 2093 552 2128 habuimus
561 2117 572 2133 ,
595 2093 751 2136 postquem
759 2093 805 2125 ad
819 2093 924 2126 sedem
941 2093 1024 2127 illam

88 2146 268 2188 erasmus,
294 2144 508 2187 &possefflones
518 2154 617 2177 omnes
630 2167 641 2183 ,
667 2154 745 2186 quas
770 2141 929 2176 babuimus
943 2167 954 2180 ,
981 2142 1025 2176 ad

89 2196 251 2232 tenendum
265 2196 301 2230 &⁸
319 2193 507 2232 babendum,
534 2199 579 2226 ita
599 2193 710 2233 libere,
735 2194 770 2227 <a
781 2194 902 2234 quiete,
929 2194 963 2225 et
975 2191 1024 2225 bo·

89 2244 205 2288 notifica?
217 2268 231 2286 ,
251 2243 323 2286 licut
336 2240 459 2285 Ecclefia
470 2244 502 2279 Θ
514 2253 566 2278 nos
582 2254 632 2277 eas
645 2243 765 2277 libertas
790 2244 824 2277 Θ·
834 2240 1024 2285 bonorificen-

88 2297 150 2331 tiics
163 2299 313 2329 tenuimus
324 2294 359 2328 &
370 2291 530 2328 habuimus
539 2315 550 2331 ,
571 2292 726 2336 postquem
734 2298 863 2335 promoti
873 2291 978 2336 sumar
987 2299 1022 2324 in

87 2341 386 2388 Archi-Epifiopum.
412 2345 459 2377 Et
476 2340 609 2384 fimiltter
632 2342 754 2382 nostris.
783 2346 830 2376 Et
844 2353 941 2375 omnes
965 2344 1025 2375 Ec-

90 2393 209 2437 clefias,
235 2395 271 2429 θ
293 2392 478 2426 Praebendas
500 2391 861 2435 adarcbl-Episboparum
870 2396 1023 2434 pertinen·

89 2454 139 2480 us
151 2468 165 2485 ,
187 2455 255 2487 quae
266 2451 452 2476 vacaverunt
462 2441 618 2484 postquam
628 2446 779 2477 exivimus
800 2443 837 2476 de
860 2450 941 2476 terra
953 2466 964 2483 ‚
989 2450 1023 2476 ut

83 2494 236 2539 faclaemus
249 2493 287 2525 de
298 2496 339 2525 eis
346 2490 419 2532 ficut
431 2493 466 2525 da
477 2491 579 2532 nostris
590 2515 601 2531 ,
623 2500 711 2534 prout
733 2491 817 2526 nobis
832 2492 982 2534 placuerat
1007 2513 1019 2530 2

87 2542 218 2588 §multer
230 2540 335 2575 babere
346 2546 502 2581 permittat
514 2565 522 2573 .
548 2542 592 2575 Et
604 2540 717 2576 hocin
729 2542 917 2585 scripturam
938 2540 1024 2577 reda·

91 2595 180 2629 stum
198 2591 244 2627 est
267 2616 274 2625 .
312 2591 367 2626 De
389 2590 567 2625 mobilibus
587 2591 664 2626 vero
681 2591 797 2627 ablatis
813 2593 843 2627 se
862 2592 1023 2628 saetarum

91 2642 240 2690 promisit
252 2639 551 2684 Archi-Episcopus
562 2639 651 2684 iuxta
662 2641 838 2676 confilium
859 2641 999 2677 vestrum
1011 2666 1024 2683 ,

93 2691 262 2728 utanullo
275 2691 365 2734 super
376 2689 441 2725 hoc
452 2690 585 2726 deberet
598 2690 690 2735 argui
704 2714 713 2724 .
737 2689 812 2725 Rex
834 2700 945 2726 autem
965 2702 1024 2728 au·

92 2742 160 2778 dita
172 2740 329 2785 petitione
345 2741 461 2784 scripta
481 2739 494 2780 ',
518 2737 559 2776 de
578 2739 677 2784 plano
696 2750 764 2775 non
785 2738 985 2777 contradixit
1011 2765 1023 2783 ,

92 2792 146 2829 sed
159 2790 295 2828 mutatis
306 2791 408 2826 verbis
418 2789 584 2833 respondit
594 2789 684 2835 quod
703 2788 829 2827 Archi·
843 2790 1024 2834 Episcopus

91 2841 225 2878 haberet
237 2841 412 2877 Ecclesiam
428 2842 517 2876 suam
527 2841 561 2877 &
573 2838 776 2883 poffeffiones
789 2840 858 2874 suas
875 2840 910 2875 in
925 2852 1001 2884 pace
1013 2864 1024 2882 ,

91 2902 174 2937 quas
186 2890 366 2927 habuerunt
379 2916 389 2933 ,
412 2892 446 2927 ἀ
458 2892 535 2926 ficut
547 2889 731 2926 habuerunt
741 2890 949 2926 antecessores
961 2891 1024 2933 sui,

93 2943 128 2978 δι
139 2942 180 2975 sic
191 2941 376 2977 excluderet
388 2941 593 2984 possessiones
601 2940 756 2984 quasdam
764 2962 774 2979 ‚
799 2951 869 2984 quas
881 2940 922 2976 de
931 2951 1022 2976 novo

93 2989 276 3028 acciderant
287 2989 364 3024 huic
373 2990 656 3034 Archi-Episcopo
666 2990 784 3033 dejure
792 2990 937 3027 Ecclesia
948 2993 1023 3032 suae,

94 3043 131 3078 δε
151 3050 232 3085 quas
251 3038 408 3074 habuerat
427 3041 461 3077 dc
491 3050 637 3076 tenuerat
665 3040 833 3084 postquam
854 3042 956 3077 factus
974 3042 1019 3077 est

95 3089 441 3134 Archi-Episcopus.²
463 3091 495 3126 ὅ(
520 3089 720 3128 Ecclefias&
732 3091 924 3136 prebendas,
953 3103 1022 3136 quae

94 3149 288 3178 vacaverunt
299 3138 579 3183 postquamexivit
597 3140 640 3175 de
661 3150 762 3176 terra.
789 3141 832 3176 Et
856 3152 892 3177 ut
902 3141 1021 3178 callide

92 3191 242 3237 alligaret
262 3201 339 3225 eum
357 3188 398 3223 ad
421 3188 635 3226 observandas
664 3189 926 3227 consuetudines
951 3193 1022 3227 suas

92 3240 248 3287 pravas&
260 3239 445 3277 maledictas
455 3264 468 3281 ‚
491 3239 569 3274 sicut
579 3238 687 3283 postea
711 3240 792 3278 bene
810 3241 1019 3284 deprehendi·

94 3300 169 3328 mus
179 3314 192 3329 2
215 3290 292 3334 quia
305 3291 339 3325 in
349 3289 505 3326 omnibus
515 3287 579 3325 sere
590 3289 691 3326 verbis
709 3292 770 3326 suis
783 3291 928 3327 Ecclefiae
953 3292 1016 3327 Dei

94 3338 329 3387 sophisticus&
339 3341 516 3382 captiosus.
546 3339 588 3374 Et
600 3339 737 3384 preterea⁴
755 3342 877 3379 nullius
889 3352 981 3386 prece
1007 3365 1018 3381 ,

92 3401 170 3427 eum
189 3398 295 3426 tamen
317 3400 484 3434 rogaretur
506 3389 523 3423 a
546 3389 675 3430 multis,
700 3390 811 3428 induci
832 3392 961 3438 potuit,
981 3400 1016 3427 ut

93 3442 254 3489 prefatum
264 3439 534 3477 Cantuariensem
553 3441 588 3477 in
601 3440 712 3477 osculo
723 3442 811 3486 pacis
829 3442 982 3487 reciperet
1010 3466 1017 3475 .

1855 137 1950 184 275

1084 200 1190 234 Institi
1200 199 1284 243 apud
1299 198 1608 234 Christianiffimum
1622 200 1746 245 Regem
1760 228 1770 244 ,
1795 215 1832 239 ut
1852 204 1918 240 hoc
1943 215 2015 240 tan·

1084 251 1192 284 tillum
1214 251 1340 284 suarum
1363 260 1492 292 precum
1517 248 1671 285 instantia
1691 260 1914 297 extorqueret.
1950 256 2014 291 sed

1084 301 1139 334 ille
1150 301 1203 334 alii
1218 300 1324 345 Regi,
1350 298 1429 334 dum
1453 300 1487 334 in
1510 309 1592 333 terra
1602 299 1657 334 sua
1679 309 1770 340 erar,
1796 304 1926 340 nolebat
1950 307 2014 342 effe

1086 351 1237 385 molestus
1257 352 1292 384 in
1313 350 1448 392 aliquo.
1481 349 1635 384 Domino
1656 358 1768 383 tamen
1790 350 2011 390 Cantuarienli

1084 401 1187 440 dixit,
1216 401 1358 436 &etiam
1379 398 1461 433 mihi
1487 410 1599 434 coram
1620 399 1755 437 multis,
1780 400 1835 443 qui
1859 405 2014 443 presentes

1084 451 1215 485 aderant
1230 475 1240 490 ,
1266 450 1355 494 quod
1368 462 1428 485 nec
1439 461 1497 493 pro
1509 460 1598 484 tanta
1613 450 1796 494 quantitate
1807 450 1896 491 auri,
1917 461 2018 493 quan-

1085 502 1212 544 tusipse
1222 513 1311 541 erat,
1338 501 1435 535 vellet
1448 499 1498 534 vel
1523 498 1654 534 auderet
1675 500 1865 540 consulere,
1892 500 1948 533 nisi
1961 511 2019 542 pa-

1085 551 1132 586 cis
1142 552 1255 587 osculo
1269 551 1479 594 precedente,
1505 549 1595 592 quod
1615 560 1731 584 terram
1751 549 1818 592 ejus
1838 548 2021 594 ingredere·

1086 612 1161 635 tur:
1184 604 1259 645 quia
1271 602 1432 636 subtrasio
1441 601 1555 635 osculo
1574 600 1714 644 gratiam
1738 611 1806 634 non
1829 598 1985 634 reddebat
2019 623 2027 632 .

1087 652 1151 686 His
1174 651 1275 697 ergo,
1301 652 1358 695 qui
1383 651 1537 692 aderant,
1562 661 1604 685 ex
1625 651 1718 684 causa
1739 649 1901 693 probabili
1917 651 2023 684 visum

1086 702 1153 742 est,
1178 702 1268 746 quod
1294 701 1427 737 verbum
1441 701 1528 744 pacis
1538 699 1691 735 traaabat
1713 700 1748 734 in
1770 699 1873 740 dolo,
1900 699 1957 743 qui
1970 710 2024 742 pu-

1088 750 1209 786 blicum
1230 752 1264 786 &
1284 751 1410 786 celebre
1432 750 1585 796 gentibus
1608 750 1694 795 pacis
1716 750 1842 793 signum
1854 748 2025 784 admittere

1088 802 1270 837 recusabat.
1296 801 1370 835 Nec
1392 801 1514 845 aliquid
1538 811 1593 846 per
1611 802 1683 835 suos
1704 799 1858 834 Domino
1882 800 2028 835 Cantua-

1089 852 1182 889 riensi
1192 851 1383 895 respondere
1394 852 1517 886 cutavit
1533 875 1540 884 .
1566 850 1629 885 Sed
1651 850 1737 895 quasi
1749 849 1956 884 occasionem
1977 849 2026 884 di·

1091 901 1383 946 scedendicaptans
1394 901 1535 936 receffit.
1564 900 1751 944 Visumque
1762 899 1830 941 est,
1854 901 2027 942 quodtan-

1089 962 1162 986 tum
1174 953 1322 987 simulare
1333 951 1463 986 volebat
1470 951 1609 997 gratiam
1619 976 1631 993 ‚
1658 962 1728 985 non
1741 949 1909 984 restituere
1921 975 1929 982 .
1956 949 2029 984 Pla-

1090 1012 1162 1037 ceat
1183 1003 1292 1045 itaque
1313 1002 1473 1037 sanctitati
1492 1001 1617 1043 vestrae,
1643 1000 1667 1035 fi
1690 1000 1770 1045 quid
1794 999 1947 1035 adversus
1962 998 2029 1034 haec

1090 1051 1256 1088 audieritis
1277 1077 1287 1094 ,
1314 1051 1442 1086 differre
1462 1052 1600 1092 omnia,
1635 1052 1805 1096 quousque
1825 1051 1904 1085 servi
1936 1050 2030 1084 vestri

1090 1103 1228 1143 faciem,
1253 1102 1611 1147 quicunrstisinterfui,
1639 1101 1776 1136 videatis
1795 1124 1806 1141 ,
1829 1100 1866 1135 ὃς
1888 1099 2031 1134 audiatis

1090 1163 1132 1186 ex
1143 1163 1200 1187 ore
1213 1164 1288 1187 meo
1299 1177 1310 1193 ,
1336 1151 1476 1196 qualiter
1488 1153 1627 1187 Ecclesia
1639 1151 1849 1187 conculcetur
1859 1175 1870 1191 ‚
1882 1151 1917 1186 δε
1927 1150 2031 1195 quam

1090 1202 1204 1245 inique
1215 1203 1382 1245 proscripti
1395 1203 1457 1236 fint
1477 1203 1688 1237 innocentes.
1716 1201 1940 1244 Omnipotens
1961 1199 2036 1233 Do-

1089 1250 1199 1285 minus
1219 1251 1483 1286 incolumitatem
1507 1252 1643 1285 vestram
1665 1250 1705 1285 ad
1719 1250 1861 1294 gloriam
1885 1249 2032 1284 nominis

1090 1300 1136 1333 sui
1149 1324 1160 1341 ,
1185 1300 1284 1342 &pia
1297 1300 1405 1334 nostra
1426 1300 1677 1340 nostrorumque
1701 1307 1802 1337 vota,
1829 1300 1864 1331 in
1886 1308 2033 1340 tempora.

1089 1349 1191 1396 longa
1202 1347 1390 1390 custodiat,
1416 1348 1651 1383 sanctissime&
1664 1347 1897 1383 Amantiffime
1918 1346 2035 1382 Pater.

1240 1446 1658 1484 EPISTOLA
1765 1446 1888 1482 Lxm.

1096 1579 1099 1581 r
1146 1548 1307 1586 Henrico.
1326 1547 1417 1592 Regi
1445 1545 1577 1592 Angliae
1603 1544 1755 1591 magister
1781 1544 1965 1581 vivianus.

1085 1649 1259 1689 serenissimo
1275 1652 1400 1680 Domlno
1409 1650 1532 1680 Henrico
1544 1669 1556 1686 ‚
1583 1649 1749 1690 Dergrana
1763 1647 1920 1690 anglorum
1932 1650 2023 1691 Regi,
2087 1680 2095 1683 ,

1133 1698 1266 1742 magister
1278 1702 1429 1731 Vivianus
1442 1720 1452 1735 ‚
1475 1698 1504 1728 s.
1516 1699 1551 1728 R.
1565 1694 1699 1734 Ecclefie
1726 1695 1897 1729 advocatus
1909 1719 1920 1736 ,
1942 1695 2024 1740 salu-

1134 1756 1195 1783 tem
1205 1770 1215 1787 ‚
1242 1749 1275 1782 ὁ·
1282 1743 1515 1790 salubrtconfilto
1521 1741 1710 1788 adquiescere
1726 1767 1733 1776 .

1181 1843 1411 1881 VANTUM
1438 1854 1495 1888 pro
1515 1843 1643 1879 honore
1654 1842 1759 1879 vestro
1771 1843 1986 1879 laboraverim
2017 1869 2031 1886 ‚

1206 1906 1360 1938 quantam
1372 1895 1579 1940 diligentiam
1598 1893 1806 1929 adhibuerim
1818 1918 1827 1934 ‚
1854 1894 1939 1928 utad
1952 1895 2029 1939 glo-

1193 1956 1274 1980 riam
1287 1945 1398 1980 Dei&
1413 1945 1549 1979 vestram
1563 1968 1573 1984 ‚
1602 1954 1716 1988 pacem
1727 1954 1804 1978 cum
1820 1944 1962 1978 Ecclesia
1975 1946 2026 1979 fa-

1084 1996 1219 2035 ceretis,
1246 1995 1339 2029 novit
1361 1995 1472 2035 Deus,
1497 1994 1530 2030 ὅτ.
1549 1994 1719 2037 prudentia
1745 1995 1845 2029 vestra
1871 1995 2027 2039 ignorare

1086 2056 1154 2080 non
1176 2044 1293 2080 debet.
1321 2044 1412 2079 Nam
1436 2054 1566 2079 tantum
1595 2055 1653 2088 pro
1666 2043 1758 2079 vobis
1776 2043 1877 2079 institi
1894 2068 1903 2083 ,
1930 2044 2025 2088 quod

1085 2095 1265 2129 multorum
1288 2094 1323 2130 &
1344 2105 1539 2139 magnorum
1553 2095 1642 2129 amisi
1664 2094 1826 2140 gratiam,
1853 2094 1887 2129 ἀ
1916 2094 2030 2131 fabula

1085 2146 1182 2180 factus
1202 2146 1272 2179 sum
1283 2143 1512 2180 detrastorum.
1542 2144 1647 2181 Unde
1671 2144 1795 2186 miror,
1820 2144 1911 2188 quod
1935 2155 1987 2178 me
2016 2168 2029 2187 ,

1084 2205 1181 2239 quem
1194 2194 1227 2228 in
1241 2194 1340 2229 vestra
1351 2195 1493 2229 utilitate
1504 2195 1538 2231 &
1553 2193 1680 2230 honore
1695 2194 1847 2230 noluistis
1872 2194 1985 2229 audire
2016 2218 2031 2235 ,

1082 2244 1168 2288 quali
1180 2243 1317 2287 pecunia
1327 2254 1516 2286 corruptum
1539 2245 1670 2279 reddere
1684 2245 1832 2280 voluistis
1845 2245 2003 2279 infamem
2014 2269 2024 2278 .

1083 2294 1146 2330 Sed
1164 2294 1240 2336 quia
1258 2303 1317 2327 vos
1337 2291 1501 2338 obsequiis
1526 2295 1612 2336 coepi
1636 2295 1763 2334 colere,
1792 2295 1826 2328 δι
1843 2294 1883 2329 ab
1896 2293 2028 2330 Amicis

1084 2356 1151 2378 non
1163 2342 1258 2379 facile
1269 2342 1417 2378 recedere
1437 2343 1612 2384 consuevi,
1641 2354 1754 2386 precor
1778 2343 1812 2378 &
1827 2343 1935 2379 modis
1956 2355 2027 2380 om-

1084 2393 1179 2428 nibus
1191 2393 1329 2427 consulo
1341 2415 1352 2432 ,
1377 2403 1413 2427 ut
1427 2392 1563 2428 redeatis
1573 2393 1613 2427 ad
1626 2404 1702 2432 cor,
1731 2395 1765 2428 δε
1789 2394 1985 2435 petitionem
2012 2418 2026 2434 ,

1084 2455 1182 2488 quam
1195 2443 1289 2478 vobis
1300 2444 1450 2486 scriptam
1463 2442 1546 2477 milit
1559 2443 1604 2476 D.
1616 2441 1860 2476 cantuariensis
1871 2465 1882 2481 .
1909 2440 2023 2476 charta

1085 2493 1185 2528 vestra
1196 2493 1397 2528 confirmetis
1408 2518 1418 2535 ,
1446 2491 1509 2526 hoc
1527 2491 1652 2533 adjecto
1668 2514 1679 2530 ,
1704 2488 1792 2535 quod
1806 2500 1879 2524 eum
1892 2491 2029 2535 recipie-

1084 2545 1125 2579 tis
1139 2545 1173 2579 in
1188 2544 1302 2579 osculo
1313 2543 1399 2587 pacis
1411 2567 1421 2582 ,
1448 2542 1543 2585 eique
1558 2540 1695 2574 mittatis
1713 2563 1723 2579 ,
1751 2540 1784 2575 δε
1806 2541 1964 2575 revocetis
1977 2541 2026 2585 ip-

1086 2595 1179 2635 sum,
1203 2595 1376 2638 antequam
1387 2602 1466 2626 terra
1481 2589 1580 2624 vestra
1602 2589 1789 2632 subjiciatur
1812 2588 1985 2626 interdicto
2017 2615 2034 2632 ,

1083 2644 1177 2679 &illi
1187 2645 1344 2680 feriantur
1364 2640 1590 2680 anathemate,
1619 2649 1759 2683 quorum
1780 2640 1917 2674 nomina
1942 2640 1975 2673 in
1989 2639 2028 2673 li-

1085 2693 1176 2730 bello
1195 2692 1418 2729 damnationis
1436 2701 1551 2725 eorum
1574 2701 1735 2732 concepta
1758 2688 1832 2723 sunt
1848 2714 1856 2722 .
1885 2688 1975 2725 Nam
1989 2690 2025 2725 δε

1085 2744 1214 2788 plurimi
1226 2745 1301 2779 sunt
1313 2766 1324 2782 ,
1345 2741 1380 2778 8(
1392 2740 1487 2777 vobis
1499 2739 1721 2785 pernecessarii
1735 2763 1745 2779 ,
1772 2739 1806 2774 δε
1820 2749 1945 2781 tempus
1958 2740 2023 2774 bre-

1084 2804 1121 2828 ve
1130 2793 1174 2829 est
1187 2819 1195 2827 .
1223 2794 1335 2841 Qare
1345 2802 1457 2827 autem
1470 2801 1529 2826 vos
1543 2800 1655 2835 rogare
1667 2789 1834 2824 no'luerint
1848 2788 1983 2832 quidam
2007 2814 2020 2832 ,

1082 2843 1234 2879 discretio
1246 2843 1345 2877 vestra
1357 2841 1454 2877 facile
1466 2840 1640 2885 perpendet
1653 2864 1664 2880 ,
1691 2840 1713 2874 st
1726 2850 1817 2874 veros
1839 2840 2020 2882 pensaverit

1085 2894 1239 2935 Amicos,
1266 2894 1299 2928 &
1322 2891 1421 2927 fidem
1442 2891 1616 2926 hominurn
1631 2914 1639 2923 .
1665 2888 1811 2933 preterea
1833 2890 1873 2924 de
1889 2889 2024 2925 mobili-

1083 2943 1162 2984 bus,
1189 2955 1258 2987 quae
1270 2942 1467 2982 abstulistis,
1492 2951 1530 2977 ea
1552 2938 1777 2978 moderatione
1798 2939 2019 2983 respondeatis

1083 2991 1386 3037 Archi-Episcopo,
1414 3000 1448 3026 ut
1460 2990 1634 3027 liberalitas
1654 2989 1756 3024 vestra
1777 3000 1887 3024 coram
1909 2988 2018 3023 homi-

1082 3042 1178 3078 nibus
1189 3043 1327 3087 amplius
1338 3041 1496 3078 elucescat
1506 3066 1516 3081 ,
1543 3042 1575 3077 ὅ(
1585 3039 1787 3075 conscientia
1806 3040 1888 3074 tanti
1902 3038 2017 3073 crimi-

1083 3093 1131 3128 nis
1142 3103 1263 3129 reatum
1275 3091 1379 3127 diluat
1389 3102 1466 3127 ante
1480 3093 1590 3126 Deum
1601 3115 1612 3130 ‚
1637 3090 1771 3125 &idem
1790 3087 2014 3131 Archi-Epis-

1080 3154 1180 3186 copus
1201 3144 1236 3179 &
1259 3144 1322 3185 sui,
1349 3141 1457 3187 quoad
1478 3140 1640 3180 vixerint,
1668 3138 1763 3176 vobis
1790 3141 1824 3176 ὃ(
1846 3137 2015 3183 herebibus

1082 3193 1189 3228 vestris
1202 3193 1362 3229 fideliores
1381 3194 1415 3229 δε
1435 3191 1619 3226 devotiores
1629 3189 1769 3225 debeant
1788 3197 1972 3233 permanere
2005 3211 2013 3218 .

1081 3242 1113 3277 si
1125 3254 1232 3279 autem
1244 3254 1298 3278 me
1308 3242 1429 3277 vel'hac
1441 3241 1511 3288 vice
1522 3239 1693 3276 nolueritis
1705 3239 1815 3274 audire
1829 3262 1839 3277 ,
1867 3238 1930 3271 sera
1946 3235 2008 3270 erit

1081 3293 1288 3336 poenitentia.
1315 3293 1388 3327 Nec
1398 3291 1514 3325 dicatis
1526 3289 1659 3325 ulterius
1677 3290 1769 3325 vobis
1792 3285 1879 3332 quod
1900 3284 2011 3321 immi-

1081 3350 1158 3385 net,
1185 3355 1252 3380 non
1265 3343 1356 3378 fuisse
1366 3340 1548 3386 predictum
1562 3365 1570 3373 .

1883 3482 1971 3521 1391-
