2358 3776
263 128 304 175 S
375 114 751 172 TiioblAE
818 114 1756 168 szNTWwAIQIEhJSI&

27 215 133 253 mium
143 211 254 253 dedit,
278 211 404 246 utinam
428 220 496 242 non
514 208 549 241 in
564 207 686 241 laefione
698 202 843 239 nominis
855 201 924 241 sui,
950 210 987 235 ut

0 296 14 302 t
28 268 71 306 ad
94 268 124 304 se¹
140 274 268 307 partem
292 261 381 296 Cleri
404 266 625 295 converteret,
650 265 692 287 ne
711 253 916 296 praevalerent
936 250 985 284 ad-

30 315 138 351 versus
147 324 220 347 eum
233 337 244 353 ,
270 310 349 344 dum
363 309 546 350 fimulquasi
553 306 695 340 conferta
707 306 778 337 acie
792 302 909 337 starent
919 324 930 340 ‚
959 300 991 334 ὃ(

31 362 275 400 communicato
296 360 448 404 suffragio
471 357 528 392 fibi
549 352 771 388 subvenirent.
798 351 902 396 Igitur
930 351 991 383 ela-

34 415 184 450 boratum
196 413 241 446 est
253 436 265 452 ,
279 421 327 451 >ut
338 409 534 448 unanimitas
547 401 694 437 Ecclcfiae
718 402 913 437 scinderetur
927 422 937 438 ‚
961 400 993 433 &

32 465 73 499 in
83 472 188 508 partes
197 461 302 507 Regis
317 458 468 504 Episcopi
490 463 773 493 converterentur,
793 448 952 495 quatenus
963 450 995 482 δι

36 513 330 556 ΛῐςὴίἙΡίῑςορυς
341 515 577 547 converteretur
589 528 601 544 ,
627 512 682 537 aut
700 501 723 534 si
743 501 827 535 solus
850 501 943 534 staret
954 499 992 532 fa-

38 562 101 598 cile
110 572 328 597 contereretur
343 582 354 592 .
377 555 547 590 Conversis
559 555 655 598 igitur
668 551 857 595 Episcopis,
880 549 997 594 quibus

36 613 228 656 abantiquo
250 609 348 653 Regis
356 605 436 640 odio
448 604 655 648 dispendium
675 602 894 640 membrorum
908 600 942 634 ἀ
955 600 997 632 sa-

34 662 119 704 ⁴lutis,
142 662 307 696 imminere
328 656 498 689 videbatur
513 679 525 695 ,
550 652 692 689 conversi
723 651 839 686 sunt&
852 651 906 684 alii
921 649 996 693 ,qui

39 713 178 752 douium
201 712 284 744 suam
309 707 398 750 super
420 716 549 739 arenam
570 704 738 747 posuerant
760 725 771 741 ‚
796 701 829 735 δε
853 699 1000 735 fluminis

42 758 252 808 impingentis
262 757 418 801 impetum
431 766 498 791 non
513 753 711 789 sustinebant
724 776 731 783 .
761 797 763 799 Ι

298 857 337 891 H
352 856 380 890 E
392 854 423 889 R
435 855 451 888 1
463 854 492 887 Β
506 855 533 889 E
546 854 577 887 R
595 853 631 887 T
648 852 687 888 U
700 851 722 885 S
735 875 743 883 .

93 907 161 941 ET
174 916 282 951 praeter
294 905 556 941 Archi-Praesulis
578 902 626 937 sui
647 899 881 937 conscientiam
890 921 901 938 ‚
928 908 1004 933 cum

45 962 112 1001 quo
123 957 228 1001 prius,
256 957 307 990 sed
323 956 364 991 ad
376 955 489 989 horam
511 955 662 988 steterant
675 976 686 993 ,
713 951 816 995 Regis
843 949 1004 984 voluntati

36 1008 79 1053 ,se
92 1008 251 1052 parituros
270 1005 522 1050 promittebant.
548 1002 697 1045 Reliquis
711 1001 838 1044 itaque,
852 997 1005 1042 tanquam

44 1057 137 1102 palea
147 1058 167 1097 a
178 1067 282 1102 grano
291 1080 303 1096 ‚
328 1055 511 1090 eventilatis
527 1054 562 1088 &
572 1051 708 1088 excussis
719 1076 729 1092 ,
752 1051 842 1085 solus
860 1049 1007 1082 remansit

40 1106 345 1150 Archi-Episcopus
355 1130 367 1147 ,
393 1105 503 1149 paucis
513 1114 588 1138 cum
599 1115 638 1137 eo
661 1101 829 1144 Episcopis
842 1110 1006 1133 remanen-

47 1156 151 1191 tibus.
179 1157 222 1191 Et
231 1156 266 1190 hi
279 1167 391 1190 tamen
401 1155 523 1190 occulti
535 1163 663 1197 propter
675 1162 798 1186 metum
809 1174 818 1182 .

331 1230 714 1298 quNNEs

41 1288 46 1293 -
97 1294 197 1344 REX
222 1302 298 1338 vero
322 1303 503 1339 conabatur
527 1300 841 1345 Archi-Episcopum
855 1295 1012 1341 promiffis
1049 1270 1051 1273 Ι

44 1353 265 1390 &blanditiis
286 1354 326 1387 ad
352 1355 445 1388 suum
459 1352 615 1387 inclinare
626 1351 836 1385 consensum.
863 1348 925 1382 Sed
951 1346 1012 1379 Vir

44 1403 128 1443 Der
139 1402 291 1442 fundatus
311 1406 345 1437 in
370 1413 456 1447 petra
477 1403 510 1437 &
532 1401 686 1438 solidatus
715 1423 727 1441 ,
763 1410 823 1434 nec
846 1396 1014 1432 blanditiis

41 1453 195 1500 ‚emolliri
210 1454 337 1498 potuit,
366 1465 426 1488 nec
436 1452 534 1498 minis
543 1450 674 1491 terreri,
698 1461 734 1485 ut
751 1448 870 1484 acultu
884 1447 1015 1491 Justitiae

52 1503 195 1541 deviaret
206 1527 216 1537 .
719 1531 725 1538 ,,
732 1531 743 1540 ,,

278 1549 795 1587 HERIBERTUS.

102 1602 316 1639 lNTERlM
343 1602 420 1636 vero
432 1601 572 1636 multi&
595 1601 707 1646 magni
721 1600 867 1642 videntes
891 1597 933 1632 fic
949 1620 960 1636 ‚
986 1595 1018 1628 ὅ(

54 1654 293 1693 condolentes,
318 1652 434 1685 crebro
457 1653 538 1684 inter
558 1650 685 1693 Regem
707 1651 741 1681 δι
754 1645 1018 1687 Archi-Episco-

53 1715 136 1748 pum
149 1697 370 1737 commeantes
389 1722 401 1739 ,
426 1699 537 1732 multis
560 1698 667 1732 modis
680 1694 966 1730 Archi-Praesulem
980 1690 1020 1724 ad

11 1751 14 1754 ’
58 1753 165 1798 Regis
184 1751 322 1795 gratiam
344 1749 567 1788 >«exhortantur
590 1768 598 1775 .
636 1745 739 1776 Nunc
755 1741 1018 1774 ‘familiaritatem

58 1799 227 1846 pristinam
243 1820 255 1839 ‚
293 1806 381 1832 nunc
402 1793 569 1837 impensos
589 1791 750 1830 honores,
787 1799 877 1824 nunc
900 1786 1021 1821 collata

53 1848 215 1890 beneficia
234 1868 255 1885 ‚.
270 1841 348 1887 hinc
368 1842 527 1886 quantum
549 1841 783 1885 pacisbouum
795 1863 807 1880 ,
844 1837 922 1871 inde
947 1835 1023 1870 vero

54 1908 218 1945 quantum
237 1893 439 1936 dissensionis
459 1891 603 1932 malum,
641 1898 861 1936 proponentes
882 1913 889 1920 .
928 1886 1018 1929 Adji·

57 1951 183 1984 cientes
192 1947 227 1982 &
236 1939 356 1988 quanta
367 1944 451 1978 foret
461 1943 643 1985 insipientia
669 1965 681 1982 ‚
706 1940 802 1976 unius
813 1937 937 1972 verbuli
947 1948 1027 1982 con-

56 1996 190 2043 tentiosi
209 1996 376 2032 occafione
396 1993 560 2029 bonorum
587 2001 753 2026 tantorum
777 1987 1025 2034 ingratitudinis

57 2047 223 2084 incurrere
233 2054 344 2081 notam
353 2070 366 2086 ‚
391 2055 458 2079 tam
470 2044 641 2087 diligentis
653 2042 687 2075 δι
696 2051 763 2075 tam
775 2038 884 2072 dilesti
898 2048 1025 2072 tantam

62 2099 194 2144 perdere
204 2097 340 2142 gratiam
351 2119 362 2136 ,
377 2095 412 2138 ὃς
423 2103 474 2129 tot
483 2094 519 2127 ἃ.
529 2102 697 2127 tantorum
712 2090 872 2131 malorum
885 2086 1026 2121 radicem

51 2146 407 2196 Iouexe‘dissenfionem
420 2169 428 2177 .
455 2144 535 2178 Hoc
547 2144 636 2177 enim
649 2142 754 2176 solum
766 2138 919 2187 agebatur
930 2148 1022 2175 tunc,

64 2190 248 2244 ut‘verbum
270 2195 373 2237 illud,
398 2192 548 2233 scilicet,
572 2194 664 2226 Salvo
681 2191 825 2238 Ordine„
848 2187 936 2232 quod
956 2186 1027 2220 Re—

56 2239 352 2295 ⁷gffmpffeuderat‚
378 2244 649 2286 autsupprimeret
669 2237 949 2287 Arcvbi-Praesulin
966 2235 1029 2269 Re-

66 2292 194 2344 giarum
216 2293 491 2330 consuetudinum
512 2291 740 2336 obligatione,
766 2299 862 2332 quam
887 2286 942 2320 fibi
961 2286 1027 2319 fieri

65 2345 199 2392 petebat
210 2346 283 2380 Rex
293 2369 305 2383 ‚
319 2354 386 2390 ¹aut
397 2352 536 2376 mutaret
547 2366 555 2373 .
584 2342 625 2376 Et
639 2351 698 2383 prae
714 2339 833 2372 caeteris
857 2335 1027 2375 suadebat,

59 2397 187 2443 ,quibus
196 2403 319 2438 poterat
332 2391 460 2430 modis,
484 2392 518 2425 δε
530 2387 715 2433 impellebar
740 2387 1025 2421 Archi—l'raesulem

66 2446 110 2481 ad
120 2443 208 2479 verbi
221 2442 315 2486 hujus
325 2441 541 2477 mutationem
553 2440 698 2474 Hilarius
722 2437 926 2473 Cicestrensis
947 2461 959 2477 ,
983 2436 1031 2469 vir

65 2494 155 2531 certe
165 2494 303 2529 multum
316 2492 452 2537 pectoris
462 2489 584 2526 habens
598 2515 609 2532 ‚
635 2490 667 2524 δι
679 2489 825 2524 sermone
845 2497 960 2531 petens
971 2510 978 2518 .

291 2586 807 2625 WILHELMU&

121 2644 210 2680 SED
234 2641 418 2686 &quadam
431 2640 483 2675 die
495 2640 610 2674 Praesul
630 2637 886 2675 Herefordienfis
902 2635 1031 2671 Rober-

72 2696 125 2730 tus
137 2719 148 2735 ,
174 2690 340 2728 &Comes
351 2691 565 2731 Vendonnae,
593 2689 767 2732 abbasque
789 2689 830 2722 de
849 2687 1032 2729 Eleemosy-

64 2756 117 2789 ·na
139 2745 230 2787 super
250 2743 403 2787 praedictis
424 2736 717 2775 consuetudinibus
736 2749 809 2772 cum
824 2738 966 2771 primate
977 2738 1031 2770 ser-

74 2805 209 2830 monem
220 2793 341 2828 diutius
352 2791 493 2825 habueru
500 2800 534 2824 nt
546 2816 553 2822 .
580 2789 745 2824 Afferebat
757 2798 865 2822 autem
877 2786 989 2820 Abbas
1003 2787 1034 2819 se

69 2845 96 2877 a
116 2844 271 2878 Romano
295 2841 459 2876 Pontifice
479 2841 634 2874 ditestum
646 2862 656 2878 ‚
681 2840 738 2882 qui
762 2839 863 2882 Regis
884 2846 959 2869 eum
981 2846 1031 2868 vo·

76 2893 255 2928 luntatibus
265 2891 485 2936 obtemperare
497 2889 714 2934 persuaderet,
724 2889 835 2922 dicens
847 2886 1033 2921 Dominum

69 2943 204 2992 =Regem
214 2942 426 2987 jurejurando
437 2942 551 2974 cavisse
563 2964 574 2980 ,
586 2941 662 2983 quia
673 2937 756 2972 nihil
771 2941 802 2971 in
816 2936 1034 2981 praejudicium

79 2993 228 3027 Ecclesia:
237 2993 410 3037 postularet
423 3015 434 3032 ,
460 2991 513 3024 sed
527 2988 680 3024 honorari
691 2999 799 3022 coram
811 2985 1034 3031 Optimatibus

79 3043 144 3077 suis
163 3044 331 3076 dumtaxat
356 3051 521 3084 exoptaret
543 3064 555 3080 ,
572 3040 606 3074 ὅ(
623 3050 678 3083 per
688 3037 752 3073 hoc
765 3036 1034 3082 postulationibus

81 3091 150 3134 ejus
163 3092 215 3126 vel
226 3091 429 3126 umbratilem
446 3092 480 3125 dc
491 3091 759 3134 qualemcumque
772 3087 964 3122 consensum
976 3086 1036 3119 sus·

81 3143 177 3176 ficere
187 3141 228 3175 ad
239 3142 499 3175 reformationem
512 3141 612 3183 pacis.
635 3141 666 3174 Si
680 3138 760 3183 quid
771 3139 811 3171 fic
822 3138 1035 3180 praesumetur‚

58 3234 61 3238 s
83 3190 270 3225 Dominum
292 3189 412 3232 Papam
432 3189 486 3223 fibi
497 3189 593 3224 malle
604 3189 756 3233 imputari
768 3212 779 3228 ,
806 3189 912 3233 quam¹
926 3195 1037 3230 pacem

84 3253 154 3275 non
166 3240 346 3274 reformari.
375 3238 455 3272 No'n
466 3240 624 3274 credimus
633 3238 865 3283 ambigendum
883 3238 970 3271 viros
983 3235 1037 3269 bo·

85 3301 147 3327 nos
158 3290 283 3324 bonum
295 3287 516 3323 Ecclesiasticae
527 3290 612 3332 pacis
631 3290 752 3332 optasse
766 3312 777 3328 ,
804 3287 912 3322 minus
929 3296 1036 3321 tamen

87 3342 170 3374 tanti
180 3339 290 3373 Patres
300 3338 510 3374 attendebant
522 3361 534 3378 ‚
551 3339 626 3382 quia
639 3337 842 3372 immodestia
853 3336 1038 3381 postulatio·

87 3390 139 3424 nis
149 3391 223 3427 Rex
233 3388 420 3427 excederet,
444 3389 476 3422 ὅ(
489 3391 522 3421 in
534 3387 643 3423 locum
654 3387 909 3433 praesumptionis
929 3386 1039 3432 germi-

89 3449 131 3474 na
144 3438 359 3484 promiffionis
371 3438 619 3482 degenerarent.

187 3488 294 3529 christ.
308 3491 387 3530 Lupi
397 3490 494 3531 Opera
503 3490 582 3523 Tam.
594 3488 636 3519 X.

1882 136 1940 181 U

1343 252 1359 295 J
1386 253 1420 287 O
1446 250 1478 285 A
1507 251 1541 285 N
1568 252 1604 285 N
1631 251 1659 284 E
1683 253 1722 286 S.
1798 266 1800 268 ·
1856 271 1870 283 2
2001 275 2006 283 .

1103 301 1438 337 NITEBANTUR
1465 309 1574 337 tamen
1596 301 1726 344 plurimi
1747 303 1945 344 supplantare
1955 304 2020 339 Vi·-

1055 363 1124 437 ῐωζ
1134 353 1223 393 Dei,
1258 353 1311 387 sed
1337 352 1444 395 hostes
1455 353 1631 386 familiares
1651 352 2015 397 perniciofiffimepcr‘u‘n

1055 414 1094 448 ge
1118 412 1190 436 ant.
1284 419 1292 421 ··
1314 418 1330 427 -ν

1275 451 1800 487 HER-issERTUS.

1106 500 1346 536 SUADENT
1366 503 1467 546 igitur
1492 499 1548 542 hi,
1587 500 1719 535 suadent
1740 501 1814 542 illi,
1851 500 1905 535 sed
1928 501 2022 544 super

1058 551 1191 592 omnia,
1218 564 1314 596 quam
1338 550 1570 586 Archi-Praesul
1589 551 1630 584 ad
1644 551 1771 596 Regem
1787 549 1949 589 habebat,
1975 561 2027 583 ur-

1059 613 1114 648 get
1136 602 1292 636 charitas.
1324 602 1433 637 Unde.
1449 602 1484 636 δε
1500 601 1663 643 'persuasus
1685 601 1819 635 tandem
1843 602 1935 644 super
1954 610 2024 634 om·

1060 652 1113 686 nia
1125 662 1261 695 urgente
1271 651 1429 686 charitate
1439 676 1450 691 ,
1462 650 1558 694 apud
1571 650 1827 686 oxenesordiam
1841 651 1882 685 ad
1898 650 2025 695 Regem

1061 702 1186 735 accessit
1211 726 1222 741 ‚
1246 701 1280 735 δε
1304 701 1456 742 verbum,
1471 702 1570 745 quod
1595 702 1680 745 Regi
1703 700 1857 735 scandalo
1882 710 1971 740 erat,
1996 699 2029 732 se

1064 762 1262 788 mutaturum
1286 751 1428 794 promisit
1453 776 1460 784 .
1484 751 1594 786 Unde
1616 751 1689 784 Rex
1710 749 1774 793 jam
1797 749 2029 794 aliquantisper

1064 802 1189 837 sedatus
1201 802 1342 834 multum
1351 802 1382 835 se
1389 800 1564 836 exhibebat
1576 802 1768 835 sereniorem
1794 799 2033 834 Archi-‘Praesu-

1065 852 1112 892 li,
1138 850 1277 899 necdum
1300 861 1407 886 tamen
1430 861 1466 885 ut
1488 852 1639 885 solitum.
1668 851 1811 885 Dicebat
1832 861 1941 884 autem
1959 849 2033 882 Rex

1065 901 1303 947 obligationem
1325 900 1366 935 de
1389 900 1501 946 Regiis
1519 898 2032 942 consuetudinibusobservandis

1069 951 1151 985 velle
1162 951 1218 985 fibi
1231 951 1299 986 fieri
1313 951 1347 984 in
1361 952 1465 984 forma
1488 951 1565 986 hac:
1593 952 1629 985 ln
1655 949 1938 994 Episcoporum&
1955 947 2037 983 Pro·

1068 1011 1179 1036 cerum
1190 1001 1520 1046 Regniconspenur&
1533 1001 1698 1035 audientia
1710 1001 1840 1045 publica
1854 1001 1861 1033 '.
2019 1001 2022 1009 ’

1265 1101 1298 1135 C
1349 1099 1381 1134 A
1430 1099 1458 1133 Ρ
1511 1100 1551 1135 U
1603 1100 1640 1134 T
1723 1101 1756 1136 X
1767 1101 1800 1134 X
1813 1102 1837 1135 1.

1146 1205 1191 1235 De
1206 1207 1354 1235 vocatione
1368 1183 1463 1233 Archi·
1469 1199 1611 1243 Episcopi
1626 1202 1712 1242 apud
1722 1201 1945 1233 clarendonam
1958 1223 1966 1230 .

1303 1282 1801 1357 MILHRLMUS.

1177 1402 1239 1437 EX
1266 1401 1366 1446 igitur
1389 1399 1499 1446 Regni
1523 1399 1555 1433 &
1578 1398 1776 1438 Sacerdotii,
1802 1409 1837 1435 ut
1852 1397 2045 1437 videbatur,

1201 1458 1312 1496 pacem
1344 1452 1487 1491 zelatus,
1514 1449 1566 1483 sed
1591 1450 1653 1483 sibi.
1671 1450 1702 1484 δε
1727 1447 1974 1484 Archi-praesuli
1989 1449 2049 1481 suo

1077 1503 1186 1538 minus
1203 1502 1394 1546 providens,
1422 1501 1504 1545 apud
1527 1499 1736 1538 Clarendune
1759 1499 1912 1544 Regnum
1924 1508 2049 1532 convo·

1078 1564 1129 1588 cat
1141 1554 1328 1587 universum
1339 1576 1347 1583 .
1374 1551 1455 1597 Qo
1466 1561 1542 1584 cum
1555 1550 1705 1583 Praesules
1715 1549 1747 1583 ὅς
1760 1550 1916 1582 proceres
1926 1551 2051 1580 ’σουπ-

1082 1603 1199 1636 nisstnt
1212 1625 1223 1640 ,
1248 1601 1357 1643 exegit
1378 1600 1456 1632 Rex
1476 1598 1675 1636 instantius,
1697 1608 1732 1630 ut
1747 1597 1902 1639 promiffii:
1918 1597 1976 1629 sibi
1990 1596 2051 1629 soi-

1083 1661 1231 1686 verentur
1241 1675 1248 1682 .
1278 1647 1402 1683 Verum
1415 1643 1812 1687 Archi-Episcopuslicen
1823 1646 1911 1689 Regi
1924 1644 2055 1678 assenti-

1082 1713 1114 1733 re
1127 1698 1311 1740 promififfet
1323 1718 1333 1734 ,
1360 1695 1532 1736 suspeetam
1544 1704 1651 1727 tamen
1666 1691 1902 1738 habens-Regis
1919 1694 2055 1736 promis·

1082 1748 1205 1780 sionem
1214 1766 1225 1784 ,
1251 1744 1283 1777 δε
1294 1742 1371 1785 quia
1384 1743 1567 1783 frequenter
1579 1742 1812 1785 Principes.ad
1827 1743 1981 1778 indebita
1992 1755 2056 1779 ma-

1083 1792 1331 1830 nusextendunt
1341 1817 1351 1833 ‚
1371 1793 1508 1836 modum
1520 1792 1707 1836 ignorantes
1717 1818 1728 1833 ,
1739 1793 2056 1839 elegit-potiusapud

1084 1845 1231 1889 Regem,
1256 1843 1354 1887 quam
1377 1842 1412 1876 in
1434 1842 1510 1887 lege
1532 1842 1596 1876 Dei
1624 1842 1819 1886 periclitari,
1855 1845 1891 1878 in
1915 1856 2057 1888 eumque

1087 1898 1263 1938 serpentem
1286 1903 1476 1932 conterere,
1503 1892 1687 1936 priusquam
1712 1895 1853 1936 pravitas
1863 1894 1899 1928 in
1927 1895 2057 1938 ,populo

1085 1944 1355 1988 Deipullularet-.
1383 1943 1496 1987 ltaque
1517 1944 1666 1986 quamvis
1679 1944 1814 1976 exilium
1835 1944 1884 1977 vel
1897 1955 2058 1980 carcerem

1081 2004 1265 2034 metueret,
1290 1995 1408 2028 Deum
1423 2002 1531 2026 tamen
1554 1993 1654 2034 pluris
1676 1993 1836 2027 estimans
1859 2005 1899 2027 ex
1924 1994 2058 2029 adverso

1087 2045 1230 2079 ascendit
1243 2068 1251 2075 .
1277 2043 1335 2077 Ille
1354 2044 1515 2082 minatur,
1544 2042 1599 2075 ille
1617 2043 1819 2087 refragatur,
1843 2043 1901 2076 ille
1921 2043 2059 2083 delirae,

1087 2095 1145 2129 iste
1157 2094 1254 2127 tacita
1266 2103 1359 2136 prece
1372 2092 1505 2135 suspirat
1516 2116 1523 2124 .
1552 2090 1676 2126 Interea
1689 2092 1838 2135 Episcopi
1852 2092 2058 2129 Alesberieti-

1089 2144 1169 2179 sis&
1180 2142 1390 2178 Norviceufis
1402 2165 1413 2180 ‚
1436 2150 1519 2183 quos
1532 2140 1573 2174 ab
1595 2141 1736 2188 antiquo
1744 2143 1826 2177 odio
1838 2153 1934 2185 poena
1950 2155 2059 2178 mane-

1090 2195 1145 2230 bat
1157 2218 1168 2235 ‚
1177 2194 1331 2228 timentes
1338 2192 1396 2225 sibi
1408 2202 1449 2229 cx
1461 2191 1612 2234 impacati
1625 2192 1780 2235 temporis
1791 2195 1961 2228 occasione
1969 2218 1979 2234 ‚
1992 2205 2059 2229 ver·

1091 2245 1140 2279 bis
1172 2240 1463 2286 lachrymabilibus
1498 2240 1817 2286 Archi-Episcopum
1839 2244 2023 2279 exorabant
2041 2269 2058 2285 0

1091 2294 1180 2339 quod
1192 2293 1241 2327 sui
1264 2293 1462 2327 misereretur
1484 2290 1600 2332 Cleri,
1624 2290 1712 2335 quod
1733 2293 1837 2327 animi
1851 2295 2058 2337 pertinaciam

1093 2344 1248 2379 relaxaret
1260 2365 1271 2382 ‚
1299 2354 1340 2376 ne
1349 2343 1414 2385 ipse
1424 2352 1580 2376 carcerem
1595 2366 1604 2381 ‚
1616 2342 1731 2376 Clerus
1744 2345 1991 2384 exterminium,
2005 2346 2059 2389 ipfi

1092 2395 1207 2439 capitis
1219 2393 1469 2428 damnationem
1491 2393 1705 2427 incurrerent.
1733 2394 1795 2429 Sed
1809 2393 1958 2428 Comites
1969 2394 2035 2428 duo
2049 2420 2060 2435 ,

1095 2443 1303 2489 potentissimi
1316 2443 1350 2477 in
1364 2442 1486 2487 Regno
1499 2467 1511 2484 ,
1521 2442 1625 2487 ipsum
1635 2444 1769 2487 aggrefii
1782 2441 1934 2478 dicebant
1947 2469 1957 2484 ‚
1968 2444 2058 2487 quod

1095 2494 1150 2528 nisi
1161 2494 1217 2529 ille
1229 2493 1392 2528 voluntati
1405 2492 1510 2538 Regis
1521 2493 1734 2538 acquiesceret
1745 2518 1755 2534 ‚
1780 2504 1823 2526 ex
1838 2493 1939 2539 Regis
1955 2493 2063 2537 juffio-

1096 2556 1135 2579 ne
1147 2545 1202 2589 ipfi
1213 2544 1253 2579 ad
1266 2544 1462 2579 violentiam
1474 2544 1718 2587 cogendierant
1729 2568 1740 2584 ,
1766 2554 1833 2587 quae
1853 2543 1939 2588 Regi
1955 2568 1967 2584 ‚
1993 2543 2063 2578 sibi-

1094 2606 1157 2640 que
1168 2603 1351 2638 perpetuam
1364 2603 1512 2639 erogaret
1521 2592 1690 2627 infamiam
1702 2617 1710 2624 .
1738 2592 1801 2626 Vir
1823 2594 1924 2638 igitur
1935 2593 2062 2627 invistae

1093 2645 1304 2684 constantie,
1331 2645 1364 2678 ὅ(
1375 2645 1409 2678 in
1423 2653 1510 2687 petra
1523 2642 1646 2676 Christi
1661 2642 1816 2677 fundatus
1827 2667 1839 2683 ‚
1865 2654 1925 2677 nec
1936 2642 2062 2677 blandi·

1095 2695 1148 2729 tiis
1167 2695 1356 2734 emollitus,
1383 2704 1443 2726 nec
1463 2691 1637 2728 terroribus
1656 2693 1830 2726 concussus
1850 2716 1862 2733 ‚
1887 2693 2017 2729 tandem
2038 2693 2060 2727 a

1095 2746 1219 2789 gremio
1240 2745 1382 2777 veritatis
1407 2768 1417 2783 ,
1443 2743 1478 2776 ὅ(
1498 2742 1566 2776 sinu
1590 2742 1701 2776 matris
1719 2742 1890 2784 avellitur,
1915 2744 2008 2786 cujus
2025 2743 2064 2776 li-

1095 2794 1208 2830 bertati
1228 2792 1423 2828 adhaerebat.
1453 2791 1496 2826 Et
1520 2802 1560 2825 ne
1581 2792 1727 2827 victorin
1748 2793 1805 2826 lite
1817 2804 1872 2836 per
1882 2793 2062 2838 superbiam

1095 2846 1283 2879 tumesceret
1303 2842 1337 2876 in
1362 2850 1469 2876 mente
1483 2866 1493 2883 ‚
1520 2841 1596 2875 inde
1617 2841 1771 2880 decidens
1795 2843 1883 2876 unde
1906 2843 2061 2886 proficere

1096 2894 1224 2929 deberet
1234 2912 1252 2934 ‚>
1270 2892 1504 2935 derelinquitur
1514 2891 1553 2925 ad
1568 2890 1681 2928 horam
1692 2892 1748 2926 fibi
1763 2916 1772 2931 ,
1796 2903 1831 2926 ut
1844 2893 1939 2927 cadat
1949 2907 1963 2935 ;
1991 2894 2061 2936 post

1096 2944 1202 2977 casum
1217 2943 1380 2987 resurgat,
1407 2940 1524 2976 cadens
1548 2941 1724 2976 humanam
1742 2942 1949 2988 fragilitatem
1963 2955 2064 2988 agno-

1097 2995 1157 3027 scat
1169 3018 1180 3033 ,
1206 2994 1371 3037 resurgens
1382 2991 1464 3026 circa
1478 2993 1510 3027 se
1527 2991 1684 3026 Divinam
1716 2991 1957 3028 miserationem
1971 2993 2064 3027 intel-

1097 3044 1175 3088 ligat
1197 3067 1205 3075 .
1231 3043 1283 3077 Sic
1306 3042 1431 3086 nequis
1452 3040 1492 3076 de
1516 3042 1634 3075 virtute
1654 3043 1705 3076 sua
1725 3043 1872 3077 confidat
1885 3068 1895 3084 ‚
1908 3044 2062 3087 Princeps

1100 3092 1331 3137 Apostolorum
1352 3091 1488 3132 Petrus,
1513 3092 1547 3125 ὅ(
1571 3090 1683 3126 David
1705 3093 1831 3127 sanstus
1842 3094 2030 3128 ceciderunt
2055 3118 2063 3123 .

1099 3143 1177 3177 Non
1192 3153 1300 3177 tamen
1313 3141 1450 3177 cadendi
1464 3144 1675 3185 proponimus
1685 3143 1869 3185 exemplum
1881 3169 1892 3184 ‚
1919 3145 1971 3177 sed
1982 3144 2004 3175 fi
2016 3153 2066 3176 ce-

1098 3193 1210 3227 ciderit
1231 3193 1303 3236 quis
1318 3217 1329 3231 ‚
1355 3191 1554 3236 resurgendi·
1585 3191 1715 3226 Cecidit
1736 3193 1891 3236 siquidem
1915 3191 2027 3226 Petrus
2052 3216 2064 3232 ,

1102 3243 1150 3276 sed
1165 3243 1353 3286 respiciente
1368 3243 1400 3275 in
1415 3252 1489 3275 eum
1504 3242 1676 3283 Domino,
1704 3241 1783 3275 flens
1804 3241 1992 3276 amarissime
2003 3241 2066 3274 for·

1100 3294 1163 3327 tioi-
1175 3293 1343 3326 resurrexit
1358 3315 1364 3322 .
1392 3290 1520 3325 Cecidit
1537 3292 1644 3326 David
1661 3316 1671 3332 ‚
1696 3292 1748 3326 sed
1760 3291 1913 3335 propheta
1934 3301 2009 3324 eum
2021 3301 2067 3325 re-

1104 3342 1280 3386 darguente
1291 3366 1302 3382 ,
1317 3341 1422 3382 lapsus
1433 3342 1532 3385 culpae
1542 3339 1730 3386 poenitendo
1740 3341 1860 3374 delevit
1871 3364 1881 3380 ‚
1892 3341 1924 3374 ὃ(
1935 3351 2064 3383 poenam

1102 3394 1216 3426 evasit.
1243 3392 1295 3426 Sic
1317 3390 1434 3424 Beatus
1456 3390 1610 3426 Thomas
1632 3390 1802 3425 tentationi
1825 3390 2016 3432 relinquitur
2026 3391 2066 3424 ad

1104 3441 1237 3484 horam,
1273 3451 1308 3475 ut
1328 3439 1537 3484 postmodum
1558 3439 1743 3484 fragilitatis
1765 3439 1898 3484 propriae
1925 3451 2075 3474 memor,

1630 3488 1658 3521 B
1955 3490 2016 3524 for·
