2358 3776
314 133 359 180 S.
431 126 813 177 THOMAE
881 122 1821 176 CANTUARIENSIS.

304 207 843 250 CAPUTIV.

212 318 257 349 De
273 313 320 348 bis
331 326 398 358 quae
410 319 442 347 in
451 313 574 358 ingreffu
584 318 617 345 in
625 320 737 344 serram
755 307 844 350 sada
861 305 935 350 sunt
949 332 956 340 .

210 414 317 449 NNO
328 414 427 459 igitur
438 413 480 448 ab
490 409 714 446 Incaruatione
724 407 866 443 Domini
884 406 1056 441 millesimo

237 466 410 499 centesimo
424 460 651 506 septuagesimo
664 484 675 499 ,
700 459 794 493 exilii
815 457 891 491 vero
903 458 949 491 sui
964 457 1055 500 septi-

114 525 174 548 mo
186 539 196 555 ,
225 509 506 548 secundotertiove
516 510 569 544 die
581 509 615 542 in
627 509 769 543 Domini
791 507 933 542 adventu
944 532 955 548 ,
981 507 1053 551 glo-

116 566 222 599 riosus
230 564 294 598 Dei
305 564 424 598 amicus
436 584 447 600 ,
470 560 503 593 δε
516 568 736 604 propugnator
749 558 896 592 Ecclesiae
906 557 1055 591 constan-

118 614 257 648 tiffimus
268 638 279 654 ,
305 611 451 646 Thomas
471 610 711 644 Cantuariensis
733 607 1034 651 Archi-Episcopus
1047 632 1057 647 ,

116 666 211 698 noste
223 673 294 697 cum
308 660 368 695 suis
379 668 465 694 mare
478 660 608 694 intravit
621 684 631 699 ,
656 660 689 693 δε
699 657 740 692 ad
751 669 865 692 votum
879 669 953 691 aura
968 658 1052 700 pros·

118 725 194 758 pera
204 721 330 756 propter
340 709 524 744 insidiarum
536 734 547 749 ‚
575 721 644 754 quae
655 709 713 743 sibi
728 733 739 748 ‚
763 720 798 742 ut
810 707 956 742 audierat
969 732 979 748 ,
991 707 1058 751 jam

118 762 310 808 parabantur
322 784 333 801 ,
360 760 576 803 suspicionem
598 783 608 800 ,
639 771 705 793 non
728 759 761 792 in
775 759 842 792 finu
858 759 953 792 maris
964 781 975 798 ,
1002 757 1058 801 qii'i

120 820 257 846 vocatur
268 808 447 845 Sandunim
462 834 472 850 ,
495 809 640 853 prospere
650 808 803 852 applicuit
815 834 822 840 .
844 809 881 842 In
896 807 971 842 navi
986 804 1060 841 vero

121 858 351 895 Archi-Praesul
361 885 373 901 ,
393 860 514 893 vexillo
526 859 641 894 Crucis
652 883 662 898 ,
682 857 771 903 quod
793 857 1060 901 Archi-Episcopi

120 909 380 951 Ganruariensss,
391 909 546 953 tanquam
557 909 657 943 totius
666 908 795 954 Angliae
806 909 958 952 primates
970 932 981 948 ‚
1005 919 1058 940 co-

118 970 188 995 ram
200 960 232 994 se
243 960 364 1003 semper
374 959 514 1003 bajulare
523 960 898 999 consueverunt‚eresto,
906 969 960 1001 per
972 956 1061 1001 quod

117 1009 213 1045 navis
229 1010 297 1053 ejus
304 1010 344 1044 ab
354 1010 426 1045 aliis
438 1010 576 1044 discerni
591 1019 716 1053 poterat
726 1034 736 1050 ‚
763 1007 838 1042 cum
850 1009 889 1043 ad
903 1008 994 1042 littus
1005 1019 1062 1050 ap·-

118 1060 351 1106 propinquaret
363 1074 373 1093 :
395 1059 517 1094 videres
529 1059 656 1093 turbam
669 1069 841 1102 pauperum
855 1084 865 1099 ,
887 1070 957 1101 quae
969 1068 1063 1091 vene-

122 1122 172 1146 rat
183 1111 219 1144 in
230 1107 399 1144 occursum
410 1135 421 1151 ,
459 1108 518 1144 hos
530 1111 707 1142 succinctos
719 1134 729 1149 ,
766 1119 802 1142 ut
813 1109 1020 1152 praevenirent
1031 1107 1064 1140 &

124 1170 250 1204 patrem
268 1161 360 1194 suum
380 1159 596 1204 applicantem
620 1161 802 1202 acciperent
814 1159 848 1192 ὅ(
863 1158 1063 1192 ὸεηεάἰᾶἰο-

125 1221 203 1244 nem
217 1210 424 1253 praeriperent3
445 1210 533 1246 alios
546 1211 622 1242 vero
645 1211 675 1242 se
690 1208 780 1242 humi
792 1209 1025 1251 prosternentes
1053 1230 1063 1246 ,

122 1259 284 1301 ejulantes
294 1282 305 1298 ‚
318 1256 377 1292 hos
386 1259 563 1301 plorantes,
581 1257 652 1291 illos
666 1269 726 1302 prae
736 1258 858 1303 gaudio
873 1281 883 1298 ,
903 1259 936 1291 ὅ(
947 1267 1063 1291 omues

56 1305 63 1323 ³
121 1307 375 1343 conclamantes:
387 1309 564 1342 Benedil't'us
580 1314 631 1350 qui
645 1314 729 1341 venit
742 1315 773 1340 in
786 1313 899 1341 nomine
910 1310 1033 1339 Domini
1051 1330 1061 1346 ‚

123 1359 220 1392 Pater
231 1357 440 1400 Orphanorum
452 1383 463 1398 ,
484 1359 631 1403 &judex
643 1359 824 1392 riduaram!
845 1357 969 1392 Verum
983 1356 1063 1390 mili-

122 1416 174 1444 tes
183 1432 195 1449 ‚
205 1409 307 1451 quiin
319 1407 385 1454 alio
397 1408 466 1441 finu
479 1410 574 1441 maris
583 1418 657 1441 eum
670 1407 904 1451 applicatarum
920 1407 988 1441 fore
1001 1407 1062 1450 spe-

120 1468 285 1499 raverant,
296 1457 463 1492 audientes
473 1468 546 1493 eum
557 1457 623 1501 jam
634 1458 832 1502 applicuisse,
842 1458 920 1491 illuc
933 1456 1064 1501 propere

122 1508 346 1543 accelerabant
359 1532 366 1539 .
380 1509 420 1542 Et
436 1509 488 1541 vix
503 1506 641 1541 salutato
654 1506 1065 1548 Archi-Praesule,animose

122 1557 379 1598 sciscitabantur,
391 1569 487 1599 quare
499 1559 531 1590 in
545 1559 649 1602 primo
663 1558 802 1595 adventu
819 1560 875 1591 suo
889 1558 1064 1596 interram,

123 1607 182 1650 qui
193 1608 436 1652 tranquillitatis
445 1607 574 1642 deberet
586 1608 691 1641 effe&
703 1609 789 1650 pacis
801 1632 811 1647 ,
836 1619 915 1640 mox
932 1631 943 1647 ,
968 1608 1066 1640 etiam

123 1657 268 1694 necdum
278 1657 446 1701 ingressus,
460 1657 636 1698 Episcopos
649 1656 748 1699 Regis
759 1655 1066 1689 excommunicasset

125 1704 394 1749 &suspendisseu
413 1704 939 1747 &adjicientescomminabantnr
960 1716 1039 1737 mox
1058 1726 1069 1741 ‚

125 1757 204 1791 cum
216 1755 280 1789 hoc
291 1754 375 1796 Regi
388 1755 604 1785 innotesceret
613 1774 625 1790 ‚
640 1753 742 1794 Regis
752 1753 892 1794 futuram
912 1751 1068 1783 turbatio-

123 1813 204 1838 nem
214 1813 284 1836 non
298 1800 480 1834 modicam:
495 1799 600 1834 Unde
608 1798 672 1841 jam
681 1799 834 1843 Regnum
844 1798 1007 1833 turbatum
1020 1800 1069 1832 es-

123 1853 173 1888 set
185 1852 218 1887 dc
229 1849 453 1886 sacerdotium.
475 1848 707 1883 Archi-Praesul
734 1848 807 1882 vero
831 1848 997 1883 mansuete
1009 1847 1069 1882 res·-

126 1901 247 1949 pondit
258 1900 383 1945 Regem
395 1911 462 1934 non
475 1898 711 1933 offendendum
721 1898 766 1934 ob
782 1899 827 1938 id,
838 1909 896 1932 nec
910 1900 941 1933 se
952 1910 993 1933 ex
1006 1898 1070 1933 hoc

125 1951 306 1995 quidquam
320 1953 367 1983 vel
380 1947 494 1984 contra
510 1950 636 1994 Regem
652 1949 704 1982 vel
719 1949 872 1994 Regnum
886 1949 1005 1989 fecisse,
1018 1950 1070 1982 sed

127 2002 248 2046 absque
260 2000 362 2045 Regis
372 2000 404 2034 δε
415 1999 525 2045 Regni
537 2000 654 2041 injuria
664 1998 704 2032 de
719 1999 811 2042 ipsius
823 1999 927 2044 Regis
942 1999 1071 2043 permis-

99 2047 217 2088 'Yione
228 2052 271 2085 fic
281 2052 397 2085 fanum
409 2075 419 2091 ,
448 2061 484 2084 ut
500 2051 546 2084 ita
559 2049 672 2090 injuria
684 2073 693 2088 ,
722 2060 819 2092 quam
843 2048 946 2082 fibi&
965 2047 1071 2082 Eccle-

127 2099 180 2136 {iae
191 2102 252 2136 suae
264 2102 298 2136 in
312 2099 537 2136 Coronatione
549 2099 626 2133 Filii
639 2099 739 2144 Regis
751 2098 901 2141 Episcopi
914 2098 1068 2138 fecerant,

124 2151 280 2196 inpunita
291 2162 359 2184 non
370 2160 548 2184 remaneret
559 2171 569 2188 ,
581 2160 622 2182 ne
633 2158 722 2182 tanta
734 2148 899 2190 usurpatio
912 2148 951 2181 de
960 2157 1072 2181 caetero

122 2201 310 2237 traheretur
317 2199 358 2236 ad
369 2197 635 2244 consequentiam
646 2223 654 2231 .
681 2198 768 2232 Cum
780 2197 880 2244 igitur
888 2197 1010 2231 milites
1017 2208 1072 2231 au-

128 2252 240 2286 dirent
251 2251 379 2295 Regem
390 2249 431 2284 de
442 2248 527 2283 facto
541 2249 662 2282 laudari
683 2247 852 2282 authorem
863 2272 874 2288 ,
897 2246 1074 2282 modestius

131 2303 208 2335 sunt
220 2296 321 2334 locuti
333 2323 343 2339 ,
363 2299 396 2331 id
412 2309 522 2333 tamen
535 2298 690 2332 instanter
704 2298 913 2342 postulantes,
925 2307 960 2330 ut
975 2296 1071 2340 Epis-

122 2360 231 2394 ,copos
238 2348 538 2383 excommunicatos
546 2347 593 2380 vel
607 2348 640 2379 su
646 2347 1071 2395 (pensosabsolveret.Qod

130 2397 368 2434 Archi-Praesul
379 2396 419 2431 ad
430 2396 602 2430 consilium
615 2396 755 2436 distulit,
770 2396 875 2431 donec
888 2397 923 2430 in
934 2398 1074 2430 crastino

121 2446 341 2488 Cantuariam
349 2446 483 2482 veniren
496 2446 539 2482 Et
551 2447 595 2480 ita
606 2447 797 2481 recesserunt
812 2457 893 2482 tunc
907 2447 1047 2481 milites,

358 2546 389 2580 C
440 2543 471 2579 A
524 2545 551 2580 P
602 2546 641 2581 U
693 2546 730 2580 T
826 2545 870 2581 V.

125 2650 271 2696 Qualffer
281 2644 546 2688 Archi-Episcopus
554 2642 775 2686 Canruarlensr’s
788 2648 807 2680 ἂ
820 2646 930 2688 Populo
940 2654 1027 2682 terrae
1038 2649 1081 2682 &-

416 2696 578 2730 Fratribus
588 2703 724 2738 exceptus
734 2695 773 2736 est
782 2722 789 2729 .

226 2785 573 2833 Rem-PRAESUL
590 2795 667 2829 vere>
679 2796 713 2830 in
727 2795 867 2830 crastino
879 2795 896 2829 a
908 2796 977 2830 smu
991 2796 1051 2831 1110
1063 2821 1075 2838 ,

132 2897 304 2939 milliaria,
333 2897 546 2932 Cantuariam
561 2896 765 2939 proficiscens
779 2920 790 2936 ‚
825 2896 842 2929 a
854 2897 977 2940 populo
990 2908 1075 2932 terrae

132 2960 289 2994 tanquam
300 2947 405 2981 hostia
417 2947 548 2981 coelitus
559 2946 648 2980 missa
659 2970 669 2987 ,
682 2956 837 2991 tanquam
851 2947 915 2990 ipse
928 2947 993 2981 Dei
1006 2947 1074 2982 An-

132 2999 237 3047 geluS,
248 3009 315 3033 tam
326 3008 489 3042 gratanter
501 2996 598 3040 quam
612 3006 746 3030 ovanter
756 3006 909 3040 exceptus
921 2998 1072 3045 est Qa-

134 3059 277 3092 cumque
299 3049 387 3082 enim
411 3047 587 3086 transibat,
613 3046 713 3080 turbae
723 3057 897 3090 pauperum
911 3071 921 3086 ,
949 3048 1071 3091 parvuli

132 3099 168 3134 ἀ
181 3097 292 3141 magni
304 3119 315 3136 ‚
334 3097 421 3131 senes
443 3095 712 3139 cumjunioribus
732 3097 942 3141 glomeratim
963 3109 1074 3131 occur·

134 3148 245 3185 rebant
260 3169 271 3186 ,
297 3145 352 3179 alii
364 3146 599 3188 prosternentes
608 3147 682 3179 sein
696 3147 766 3185 via,
788 3145 844 3179 alii
862 3145 939 3181 vero
949 3158 1073 3181 exuen-

135 3208 185 3233 tes
197 3196 386 3230 vestimenta
399 3195 451 3228 sua
464 3219 475 3235 ,
499 3197 532 3230 δε
546 3195 781 3239 prosternentes
793 3206 847 3240 per
857 3197 944 3231 viam
956 3221 966 3236 ,
991 3196 1072 3231 illud

130 3250 315 3291 frequenter
327 3245 479 3279 iterantes
489 3245 521 3278 &
531 3246 759 3280 conclamante
769 3257 795 3279 s:
821 3247 1003 3280 Benedilius
1023 3253 1072 3289 qui

135 3304 224 3340 venit
238 3301 271 3328 ln
284 3305 396 3329 nomme
409 3297 543 3326 Domini.
570 3294 755 3330 Sacerdotes
768 3295 864 3330 etiam
879 3294 1070 3331 Parochiani

138 3359 215 3384 cum
230 3343 444 3378 Parochianis
458 3343 520 3377 suis
530 3345 677 3378 ordinata
696 3346 893 3389 proceffione
902 3358 978 3380 cum
994 3346 1073 3380 Cru-

136 3397 230 3434 cibus
241 3393 417 3428 transeunti
438 3392 571 3428 obviam
592 3394 761 3436 exierunt,
781 3395 814 3429 δε
834 3406 954 3440 patrem
978 3397 1069 3430 suum

131 3457 211 3486 gum
220 3441 341 3490 gaudio
355 3442 527 3478 salutantes
538 3467 548 3483 ,
575 3441 834 3481 benedictionem
853 3445 1073 3492 postularunt.

231 3492 337 3534 Christ.
353 3496 430 3537 Lupi
441 3496 541 3537 Opera
553 3497 632 3527 Tam.
646 3497 690 3527 X.

251 2861 317 2893 quo
329 2846 488 2891 applicuit
499 2871 508 2886 ‚
519 2846 659 2879 distante
669 2848 686 2880 a
698 2845 875 2880 Cantuaria
885 2847 1009 2881 circiter
1022 2831 1091 3090 sex!

1114 204 1252 241 Diceres
1263 204 1408 249 profecto
1428 204 1472 246 ‚si
1486 204 1627 245 videres,
1646 209 1833 246 Dominum
1855 211 1999 247 secunde>
2018 212 2060 248 ad

1115 255 1290 300 paffionem
1303 256 1577 299 appropinquare,
1601 256 1839 294 &imminente
1860 262 2002 306 paffione
2023 267 2059 296 in

1117 305 1221 350 pueris
1232 304 1423 339 lactentibus
1434 306 1467 339 ὃ(
1480 305 1672 348 pauperibus
1687 307 1838 342 Domino
1851 323 2058 357 praeparatum

1116 356 1311 396 occursum,
1331 356 1365 390 δε
1391 356 1500 389 venire
1531 355 1647 390 iterum
1671 357 1913 394 moriturumin
1926 362 2060 397 Christo

1118 405 1259 439 Domini
1280 417 1337 449 pro
1352 405 1536 450 Anglicana
1548 405 1688 440 Ecclesia
1703 406 1906 448 Cantuariae‚
1917 414 1970 452 qui
1981 414 2062 447 Hie-

1118 455 1290 497 rosolymis
1310 467 1368 499 pro
1393 456 1494 490 totius
1512 455 1626 490 mundi
1648 457 1748 491 salute
1772 457 1806 491 in
1830 458 1861 491 se
1882 458 1952 501 ipso
1964 462 2061 497 semel

1117 514 1265 539 mortuus
1275 505 1339 539 est.
1368 505 1455 540 cum
1469 503 1566 545 vero,
1588 507 1644 540 etsi
1659 508 1709 541 via
1729 507 1832 541 brevis
1853 507 1928 543 esset
1944 533 1955 549 ,
1979 510 2062 546 inter

1117 565 1168 590 tot
1178 554 1286 590 turbas
1296 556 1541 591 occurrentes&
1553 556 1772 600 opprimentes
1786 558 1841 591 vix
1862 569 1899 592 ea
1913 558 1965 593 die
1979 558 2067 597 Can—

1118 605 1254 639 tuariam
1268 606 1390 641 veniret
1401 630 1412 647 ‚
1432 606 1466 640 in
1477 604 1586 639 sonitu
1597 616 1827 651 campanarum
1839 632 1850 648 ,
1871 610 1905 642 in
1918 609 2065 654 organis,

1121 656 1153 689 in
1167 656 1315 698 Hymnis
1335 656 1369 690 ἀ
1389 655 1526 690 canticis
1537 656 1778 699 spiritualibus,
1804 659 1822 691 a
1848 657 1971 693 Christi
1990 670 2065 703 pau·

1123 705 1249 748 peribus
1258 706 1352 740 Filiis
1364 707 1426 741 suis
1437 732 1447 748 ,
1460 708 1547 741 sacro
1559 706 1712 741 videlicet
1724 707 1902 742 Conventu
1917 710 1975 743 suo
1985 734 1995 749 ‚
2009 709 2065 749 de<

1121 754 1187 790 bita
1198 754 1286 789 Patri
1297 756 1474 791 devotione
1483 756 1517 790 ὅτ
1535 758 1712 791 reverentia
1723 758 1886 802 susceptus
1897 760 1942 794 est
1955 783 1963 791 .

1323 812 1379 842 W
1405 807 1419 839 1
1446 808 1476 842 L
1505 807 1539 840 H
1567 806 1596 839 E
1621 806 1650 841 L
1678 807 1719 840 M
1747 807 1787 842 U
1815 807 1838 841 S
1863 833 1870 840 .

1173 855 1240 890 ET
1262 855 1418 901 ingressus
1438 856 1677 891 Monasterium
1689 865 1764 892 toto
1782 869 1920 901 corpore
1931 859 2068 902 prostra-

1124 916 1174 940 tus
1186 907 1324 940 formam
1336 904 1534 941 humilitatis
1544 906 1709 941 exhibuit.
1729 907 1862 942 Deinde
1873 909 1983 942 fratres
1995 919 2066 943 om-

1127 967 1182 990 nes
1192 981 1202 996 ,
1212 958 1229 990 a
1241 957 1383 991 minimo
1395 957 1494 1000 usque
1506 957 1546 991 ad
1562 958 1741 992 maximum
1752 983 1762 998 ,
1790 969 1866 992 cum
1880 958 2062 1003 lachrymis

1127 1008 1158 1039 in
1171 1006 1284 1040 osculo
1305 1008 1391 1050 pacis
1412 1008 1550 1051 suscepit
1563 1031 1571 1039 .
1600 1008 1690 1042 Nam
1711 1009 1787 1052 quia
1801 1009 1959 1053 quosdam
1972 1010 2069 1044 exeis

1126 1057 1421 1092 excommunicatis
1432 1057 1687 1092 communicasse
1703 1057 1868 1099 audierat,
1893 1060 1970 1094 cum
1985 1070 2071 1102 pere-

1126 1107 1182 1150 gre
1203 1108 1277 1140 esset
1291 1131 1302 1147 ,
1329 1119 1383 1151 per
1405 1108 1593 1152 magistrum
1618 1108 1781 1151 Ioannem
1800 1108 2072 1144 Saresberiensem

1126 1158 1160 1190 ἀ
1183 1158 1353 1191 coexulem
1387 1160 1497 1193 mense
1519 1170 1587 1191 uno
1610 1170 1672 1202 prae
1704 1160 1736 1192 se
1764 1157 1954 1201 praemissum
1981 1158 2074 1192 fratri

1128 1205 1270 1241 Thomae
1282 1208 1460 1241 venerabili
1483 1209 1553 1242 viro
1575 1208 1766 1250 potestatem
1798 1206 1942 1242 solvendi
1966 1207 2075 1249 injun-

1127 1266 1233 1295 xerat,
1262 1268 1297 1291 ut
1322 1256 1410 1299 quod
1431 1256 1642 1302 contagionis
1666 1257 1698 1290 in
1721 1268 1822 1301 grege
1855 1258 2004 1291 Fratrum
2028 1268 2070 1290 ex

1129 1305 1233 1340 scabie
1247 1307 1523 1341 schismaticorum
1541 1308 1742 1341 contractum
1763 1307 1886 1348 fuerat,
1914 1308 2072 1340 antidoto

1129 1357 1406 1391 reconciliationis
1417 1357 1556 1391 eraderet
1569 1381 1576 1388 .
1801 1376 1803 1379 -

1312 1407 1349 1441 H
1376 1406 1405 1440 E
1433 1407 1464 1441 R
1490 1406 1506 1441 I
1534 1408 1560 1440 B
1590 1407 1618 1440 E
1646 1407 1676 1441 R
1702 1407 1740 1440 T
1768 1406 1807 1441 U
1837 1408 1882 1441 S.

1178 1457 1404 1492 OMNIBUS
1429 1459 1538 1500 itaque
1560 1469 1596 1491 ea
1620 1458 1674 1490 die
1697 1458 1729 1490 in
1758 1456 1895 1490 Ecclesia
1910 1457 2077 1490 celebriter

1131 1507 1281 1551 peractis,
1311 1508 1343 1540 in
1358 1506 1520 1542 Palatium
1536 1508 1565 1542 se
1577 1510 1718 1552 recepit,
1741 1516 1845 1542 totam
1866 1507 1954 1541 diem
1968 1507 2073 1540 laetam

1132 1558 1254 1592 ducens
1266 1557 1299 1591 &
1312 1557 1509 1591 solemnem.

1409 1654 1684 1690 CAPUT
1735 1657 1806 1691 Vl.

1242 1753 1288 1784 De
1299 1750 1451 1785 Militibus
1462 1751 1496 1784 (5
1516 1751 1637 1785 clericis
1652 1752 1864 1796 Ept'scoporum
1874 1757 1961 1796 missit

1435 1803 1481 1835 ad
1500 1801 1761 1846 Archi-Praesulem
1771 1829 1780 1838 .

1179 1900 1213 1935 N
1221 1901 1360 1935 crastino
1374 1903 1489 1946 praefati
1503 1903 1623 1937 milites
1633 1904 1724 1938 suum
1740 1906 1832 1948 super
1842 1903 1987 1941 hesterna
1997 1919 2082 1951 quae-

1202 1950 1308 1985 stione
1319 1963 1495 1996 quaerentes
1504 1955 1690 1996 responsum
1712 1955 1820 1989 reversi
1844 1955 1917 1988 sunt
1929 1980 1937 1987 .
1967 1957 2083 1991 Vene-

1203 2012 1279 2036 runt
1301 2002 1334 2036 &
1355 2014 1431 2036 cum
1452 2004 1497 2036 eis
1510 2003 1818 2045 praenominatorum
1841 2005 1938 2039 trium
1951 2007 2084 2049 Episco-

1137 2062 1252 2093 porum
1268 2051 1385 2085 Clerici
1396 2053 1457 2092 ,ad
1472 2052 1788 2097 Archi-Episcopum
1810 2054 1892 2087 miffi
1906 2079 1916 2094 ,
1945 2058 2083 2091 nomine

1138 2100 1372 2143 Episcoporum
1388 2102 1628 2137 absolutionem
1650 2103 1868 2146 postulantes.
1897 2103 2084 2149 Respondit.

1138 2148 1238 2183 Archi
1256 2150 1433 2194 Episcopus
1450 2153 1484 2186 ἀ
1505 2152 1581 2186 illos
1599 2164 1659 2187 tres
1681 2154 1715 2188 &
1738 2155 1820 2188 alios
1831 2154 2008 2199 Episcopos
2029 2167 2083 2190 au-

1136 2198 1291 2234 thoritate
1315 2201 1456 2235 Domini
1480 2202 1571 2246 Papae
1580 2204 1738 2246 quosdam
1763 2202 2058 2241 anathematizatos
2069 2232 2082 2249 ‚

1136 2250 1292 2293 quosdam
1306 2250 1383 2283 vero
1399 2252 1586 2295 suspensos,
1607 2264 1667 2288 nec
1686 2254 1780 2298 ipsius
1805 2256 1867 2290 ess'e
1883 2255 1901 2289 a
1931 2265 2026 2291 tanto
2037 2256 2084 2300 ju-

1134 2300 1207 2334 dice
1220 2300 1341 2344 ligatos
1351 2326 1361 2342 ,
1389 2302 1447 2335 nist
1460 2302 1543 2336 forte
1554 2314 1609 2346 per
1625 2304 1730 2348 ipsum
1745 2307 1830 2348 posse
1843 2305 1975 2341 solvere.
1989 2306 2078 2342 Cum

1135 2350 1211 2385 vero
1222 2350 1345 2385 Clerici
1361 2352 1396 2386 ἀ
1407 2352 1527 2387 milites
1538 2354 1758 2398 urgentiffime
1770 2356 1925 2390 instarent
1939 2381 1950 2397 ,
1976 2359 2086 2391 consi·

1136 2400 1181 2433 lio
1201 2398 1381 2444 praehabito
1398 2403 1530 2438 tandem
1554 2405 1721 2448 respondit
1744 2405 1846 2439 Archi
1863 2407 2040 2450 Episcopus
2068 2432 2081 2447 ‚

1135 2449 1222 2494 quod
1235 2450 1275 2484 de
1286 2451 1427 2486 Domini
1448 2452 1542 2497 Papae
1569 2455 1744 2489 clementia
1759 2457 1834 2489 fisus
1857 2467 1912 2498 pro
1922 2456 2013 2491 bono
2027 2470 2082 2501 pa-

1134 2501 1181 2535 cis
1191 2501 1224 2534 in
1238 2499 1303 2535 hoc
1315 2502 1455 2537 articulo
1465 2504 1627 2548 usurparet
1637 2516 1705 2548 quae
1714 2505 1852 2539 Domini
1868 2505 1961 2550 Papae
1972 2519 2076 2549 erant,

1135 2550 1267 2594 praestita
1276 2561 1385 2587 tamen
1398 2553 1550 2588 cautione
1563 2556 1735 2595 canonica,
1751 2555 1840 2599 quod
1854 2556 1945 2600 super
1959 2557 2078 2601 quibus

1133 2603 1516 2638 excommunicatierant
1531 2606 1584 2638 vel
1597 2605 1755 2647 suspensi,
1785 2605 1929 2638 Ecclefiae
1949 2606 2078 2649 judicio

1134 2662 1280 2695 parerent
1303 2665 1311 2684 z
1338 2654 1485 2696 alioquin
1508 2654 1538 2687 se
1548 2655 1705 2691 fasturutn
1718 2654 1782 2688 hoc
1795 2655 1982 2690 nullatenus
1998 2670 2078 2701 prae-

1133 2702 1196 2736 eise
1216 2701 1396 2743 respondit.
1427 2703 1470 2736 Et
1492 2701 1526 2735 hi
1547 2703 1685 2746 quidem·
1701 2705 1734 2738 δι
1747 2704 1795 2738 illi
1819 2705 1988 2741 audientes
2012 2707 2079 2742 haec

1136 2751 1343 2796 indignanter
1356 2753 1570 2794 recesserunt,
1587 2754 1621 2787 in
1634 2755 1754 2789 recessu
1768 2756 1871 2790 multa
1884 2757 1917 2790 in
1934 2757 2078 2800 superbia

1134 2802 1214 2837 &in
1225 2801 1562 2845 abusioneloquentes
1575 2828 1582 2835 .
1611 2804 1698 2838 Inter
1711 2816 1793 2848 quos
1812 2806 2009 2850 Ranulphus
2022 2808 2077 2841 ille

1133 2851 1174 2886 de
1187 2853 1272 2885 Broc
1284 2852 1431 2896 linguam
1445 2853 1533 2887 suam
1547 2854 1581 2886 in
1590 2853 1798 2898 blasphemiis
1807 2855 1969 2891 exaltabat
1983 2882 1990 2889 .
2015 2855 2078 2892 Sed

1134 2901 1198 2937 Vir
1211 2901 1352 2935 Domini
1365 2902 1546 2937 admodum
1559 2905 1684 2947 patiens
1696 2906 1795 2939 fastus
1808 2906 1852 2940 est
1879 2907 1959 2941 sicut
1975 2906 2077 2941 homo

1136 2963 1203 2987 non
1216 2952 1370 2993 audiens,
1397 2964 1457 2987 nec
1479 2953 1603 2988 habens
1626 2956 1660 2989 in
1670 2966 1728 2989 ore
1740 2957 1797 2990 suo
1809 2956 2053 3001 redargutiones
2067 2980 2075 2989 .

1135 3002 1256 3036 Clerici
1271 3001 1345 3036 vero
1356 3013 1550 3039 revertentes
1559 3005 1716 3039 Dominis
1739 3006 1820 3048 suis,
1829 3017 1897 3049 quae
1909 3006 1950 3041 ab
1961 3007 2076 3040 Archi·

1137 3052 1299 3095 Episcopo
1310 3062 1499 3096 acceperant
1511 3078 1520 3094 ,
1544 3056 1720 3090 retulerunt
1733 3067 1740 3087 ε
1753 3057 1785 3089 &
1800 3080 1811 3096 ,
1831 3067 1866 3090 ut
1881 3057 2051 3092 dicebatur
2063 3080 2077 3097 ,

1134 3101 1203 3136 duo
1218 3101 1394 3146 Episcopi,
1409 3103 1647 3139 Londoniensis
1659 3105 1854 3140 videlicet&
1863 3105 2078 3141 Saresberien·

1134 3152 1171 3185 fis
1182 3175 1193 3191 ,
1218 3153 1361 3186 exastam
1382 3151 1423 3186 ab
1446 3153 1729 3198 Archi-Episcopo
1750 3157 1937 3192 cautionem
1961 3156 2075 3200 praesti—

1132 3202 1241 3236 tiffent
1253 3227 1264 3244 ‚
1284 3202 1343 3237 nisi
1355 3203 1466 3237 tertius
1477 3204 1534 3237 ille
1549 3204 1757 3240 Eboracensis
1767 3205 1938 3241 obstitisset
1951 3230 1958 3237 .
1987 3204 2074 3240 Vere

1131 3253 1220 3286 enim
1242 3253 1398 3297 scriptum
1420 3253 1465 3287 est
1489 3265 1497 3285 z
1528 3255 1612 3298 ‚Quia
1633 3254 1735 3301 lingua
1755 3262 1845 3290 terna
1872 3256 1978 3290 multos
1992 3266 2074 3303 'com-

1131 3312 1246 3336 movet.

1950 3503 2035 3540 CA-
