2358 3776
224 110 318 164 ’5.
386 111 775 162 THOMAE
844 110 1778 166 CANTUARIENSI&

65 201 353 249 mmaevosipsos
362 199 517 237 decedere
538 211 609 235 non
631 197 768 241 debeat,
794 197 906 245 sedut
919 197 1007 233 idem

1855 134 1873 166 1
1886 134 1950 173 09

1067 199 1278 243 proveetum,
1303 209 1365 233 nec
1383 197 1457 242 jam·
1472 210 1530 234 vos
1540 200 1719 238 scabellum
1743 204 1856 249 pedis,
1890 205 1942 240 vel
1965 204 2011 240 la-

71 257 205 298 fimum
227 254 263 289 in
287 251 381 287 vobis
402 250 634 291 dilectionem,
658 248 798 285 &fidem
811 247 945 284 vestram
955 260 1009 292 per
1065 249 1253 292 terisketiam
1265 250 1454 284 conservare
1473 252 1654 286 consessum
1666 275 1677 291 ,
1704 255 1758 287 sed
1776 257 1871 300 ipfius
1888 256 2014 291 Diade.

68 311 134 347 hoe
141 306 246 342 ualeat
253 301 411 348 experiri,
435 302 471 338 δε
482 301 524 338 ad
533 297 682 341 Ecclefiae
699 299 808 334 vestrae
828 298 1008 341 libertates,

67 359 180 403 &iura
190 352 397 391 multimodis
406 351 592 398 amplianda
607 358 753 384 teneatur
769 349 863 383 omni
885 359 1009 393 tempo-

67 420 103 444 re
111 404 289 444 ferventius
295 403 452 449 adspirare
463 425 482 438 ..
495 402 571 437 Nos
580 409 712 443 quoque
733 398 946 444 Religionem
960 410 1008 434 ve·

67 459 166 496 stram
177 456 351 492 debeamus
362 455 453 497 super
461 450 527 486 boe
539 449 672 494 dignius
690 450 726 483 in
747 448 902 484 Domino
920 460 1009 484 com-

69 508 247 548 mendare,
281 506 315 540 &
335 503 515 549 praescriptae
541 499 687 534 Ecclesiae
707 499 814 533 vestrae
832 498 1010 544 dignitates

72 560 143 593 fixas
154 583 165 599 ‚
190 567 265 592 cum
275 565 334 590 vos
345 553 422 588 inde
433 549 593 587 sollicitos
603 548 780 584 viderimus
790 573 802 591 ,
828 551 1010 595 propensio·

69 609 98 643 ti
108 607 216 644 studio
224 606 411 645 conservate
422 626 432 634 .

191 730 623 791 *Eris-rota
667 749 863 785 Lxxxiv.

120 856 239 891 Thomae
266 850 478 892 cantuariensi*
511 849 759 894 Archi-Episcopo
785 851 961 884 Ludovicus

406 906 475 936 Rex
502 904 659 937 Franciae.

111 996 280 1043 'AMDm
309 984 467 1040 sariditati
485 994 599 1039 ,vestrae
628 980 834 1044 obtulimus,
871 1010 908 1035 ut
930 999 1013 1043 apud

70 1007 118 1119 I
133 1068 195 1094 nos
218 1056 419 1090 mansionem
436 1051 602 1086 faceretis.
629 1051 668 1087 ld
694 1053 798 1096 ipsum
823 1063 911 1086 nunc
922 1050 1015 1084 vobis

70 1108 239 1148 offerimus
263 1118 303 1139 ex
325 1103 442 1149 grandi
466 1102 597 1136 animo.
625 1102 669 1136 Et
691 1101 758 1142 hoe
768 1103 910 1146 recipere
921 1100 1025 1135 nobisv
1043 1110 1045 1114 ’

70 1159 149 1193 esset
159 1155 369 1200 adgaudium
382 1162 539 1197 magnum
553 1174 569 1183 ι.
589 1153 620 1186 A
636 1152 732 1195 nobis
743 1154 927 1196 frequenter
946 1162 1016 1183 non

71 1203 386 1249 hahetisNuncios,
410 1203 486 1246 quia
496 1203 606 1235 sumus
617 1200 725 1235 adhuc
751 1203 787 1235 in
808 1199 1015 1243 exspectatio-

71 1267 133 1293 ne:
159 1254 360 1294 &aliasres,
387 1250 517 1286 &alios
526 1261 670 1285 rumores
693 1252 847 1285 vellemus
870 1249 990 1284 audisie
1004 1272 1016 1288 ,

71 1303 187 1348 quibus
210 1314 267 1338 vos
289 1302 451 1346 laetificare
470 1299 568 1334 nobis
590 1300 667 1334 essct
686 1301 904 1345 gratissimum
918 1323 925 1330 .
953 1296 1015 1334 Sed

68 1354 219 1397 nendum
237 1363 286 1388 res
311 1352 358 1388 est
390 1350 570 1386 secundum
601 1349 796 1386 desiderium
827 1350 1047 1404 nostrumlffi

71 1404 210 1447 Valete.

219 1499 623 1538 131>1sToLA
684 1472 861 1536 Lx'xxv.

91 1602 239 1640 Thomae
251 1603 476 1638 Cantuarienli
489 1600 593 1635 Archi
605 1616 616 1625 -
626 1598 790 1642 Episcopo
802 1597 990 1643 Ernulphus

316 1651 541 1689 Lexiovienfis
561 1649 740 1692 Episcopus
752 1673 759 1680 .

69 1732 237 1790 'Venerabili
261 1752 295 1784 (π
320 1750 424 1791 dile&
450 1753 598 1787 Damno,
625 1749 660 1780 (a
685 1749 776 1779 Patri
789 1772 792 1777 ,
796 1745 852 1787 suo
878 1746 1025 1789 qumaey
1047 1761 1049 1765 ¹

112 1805 200 1838 ape!
219 1802 326 1842 gratia
352 1795 565 1835 cantuariensi
588 1794 830 1836 Archi-Episcopo
857 1818 868 1833 ,
892 1797 938 1828 ad

185 1846 412 1892 prosperitatem
431 1848 465 1880 ζ’]
487 1844 617 1888 salutem
641 1846 755 1885 Spiritu
777 1843 885 1886 consilii

312 1899 346 1932 (5
364 1896 563 1939 fortitudinis
587 1901 766 1938 pervenire.

181 1995 361 2039 A-GNAM
398 1994 482 2037 mihi
518 1996 666 2030 laetitiam
701 1993 875 2038 dignitatis
905 1994 1012 2028 vestrae

95 2065 108 2091 ς-
139 2087 142 2090 ,
172 2085 176 2088 ,
199 2048 326 2083 *litterae¹
342 2046 570 2082 contulerunt.
593 2045 761 2080 Omnibus
782 2043 939 2088 siquidem
965 2055 1013 2088 ter

65 2098 326 2134 iteratalestione
347 2097 514 2142 perspestis
538 2095 625 2132 nihil
650 2098 822 2130 inventum
833 2095 877 2128 est
892 2119 902 2134 ,
922 2094 1012 2139 quod

64 2160 135 2184 non
152 2158 208 2183 aut
218 2148 439 2183 humilitatem
451 2149 598 2191 saperet,
622 2157 679 2181 aut
702 2145 807 2179 zelum
829 2144 957 2187 justitiae
967 2155 1012 2178 re-

68 2199 213 2234 doleret.
241 2198 371 2233 Placuit
392 2197 476 2232 mihi
498 2198 586 2232 zelus
608 2197 731 2237 vester,
759 2195 835 2238 quia
848 2195 951 2238 ipsum
962 2206 1011 2228 ro-

65 2249 158 2293 busta
168 2248 425 2282 commendabat
435 2247 628 2288 humilitas,
655 2255 834 2289 mutuoque
856 2245 913 2279 fibi
927 2245 1010 2279 invi-

66 2297 142 2334 cem
153 2299 267 2333 favore
289 2297 378 2332 zelus
398 2298 432 2331 ὅ(
455 2296 626 2336 humilitas
659 2295 896 2331 concurrebant
911 2317 918 2325 ·
956 2294 1009 2329 Sic

65 2350 296 2393 enimoportet
306 2358 342 2381 ut
353 2346 525 2381 humilitas
546 2346 683 2380 fervoris
702 2345 863 2385 *incendia
887 2356 1008 2387 tempe-

66 2408 115 2433 ret
125 2422 136 2439 ‚
162 2398 197 2431 δε
207 2395 402 2432 humilitatis
416 2395 606 2430 modestiam
619 2396 706 2429 zelus
717 2395 838 2428 excitet
849 2396 882 2430 ὃς
898 2406 1008 2429 accen-

63 2448 141 2487 dat,
161 2458 208 2484 'ne
219 2456 275 2481 aut
299 2447 335 2480 in
360 2446 662 2489 pusillanimitatem
684 2446 857 2479 descendat
881 2444 1008 2479 humili-

69 2507 138 2538 tas,
158 2507 213 2531 ant
226 2498 261 2530 in
273 2498 414 2531 furorem
426 2496 512 2531 zelus
521 2497 677 2530 incitatus
687 2496 840 2530 excedat.
867 2495 932 2529 His
945 2495 1009 2539 igi-

65 2557 116 2582 tur
126 2546 342 2580 seseinvicem
353 2557 468 2581 mutua
478 2546 636 2581 charitate
655 2545 835 2589 complexis
859 2544 1007 2580 intellexi

66 2598 193 2631 tertiam
204 2595 330 2631 duabus
341 2596 498 2634 acceffiffe
517 2596 735 2629 constantiam
748 2609 759 2629 .·
786 2596 868 2642 Qa:
883 2596 1007 2629 ,faustis

69 2646 173 2681 initiis
200 2647 288 2681 laetos
321 2647 430 2681 exitus
450 2671 461 2686 ,
498 2645 650 2680 &felices
675 2645 751 2679 forti
780 2646 939 2688 patientiae
966 2657 1012 2679 re-.

66 2697 228 2740 promittit
239 2707 388 2731 eventus.
417 2696 495 2731 Haec
510 2694 663 2739 siquidem
685 2696 718 2728 in
733 2694 825 2729 vobis
839 2708 898 2729 nec
909 2696 1003 2728 dam-

66 2757 109 2781 na
119 2757 180 2782 nec
191 2746 315 2781 labores
326 2747 465 2781 attendit
477 2771 488 2787 ,
508 2747 559 2780 sed
570 2745 665 2780 omni
677 2745 784 2778 studio
793 2746 919 2778 fincerae
929 2756 1007 2779 con-

65 2796 204 2831 scientia:
231 2796 454 2836 testimonium
483 2807 627 2838 quaerens
656 2819 666 2835 ,
704 2796 842 2830 fortuna:
863 2795 1006 2833 simul&

66 2848 204 2889 personae
215 2848 423 2892 naufragium
435 2847 574 2881 minoris
585 2845 721 2880 aestimat
733 2869 744 2886 ,
771 2846 868 2889 quam
879 2843 1007 2888 justitiae

66 2895 119 2931 vel
128 2896 256 2932 virtutis
270 2922 278 2930 .

116 2943 366 2982 Arbitrabantur
377 2948 480 2992 aliqui
493 2973 504 2989 ‚
532 2957 672 2991 quorum
693 2945 818 2980 malitia
835 2947 1005 2981 consuevit

67 2995 109 3029 de
129 2995 236 3030 aliena
256 2999 457 3034 conscientia
479 2998 628 3032 divinare
650 2996 739 3041 quod
764 2997 866 3031 nescit
887 3021 898 3037 ,
923 3008 1005 3040 opus

69 3045 208 3080 vestrum
219 3045 260 3079 de
271 3046 435 3089 superbia,
463 3048 584 3082 nonde
606 3048 735 3082 virtutis
756 3046 927 3090 procedere
947 3059 1005 3081 ve-

67 3094 178 3129 ritate:
208 3094 367 3129 Affectare
379 3108 436 3131 vos
457 3098 609 3142 pristinos
629 3097 835 3132 Cancellariae
852 3098 1003 3132 moresin

67 3144 270 3190 hacquoque
297 3146 460 3191 dignitate
473 3149 612 3188 servare,
640 3156 676 3181 ut
701 3148 809 3181 nullus
820 3148 1003 3191 potentatui

65 3194 191 3235 vestro,
207 3191 323 3230 nullus
344 3196 461 3230 audeat
483 3199 618 3232 resistere
640 3198 803 3232 voluntati
823 3224 829 3230 .
872 3198 1004 3232 Glorio-

67 3245 137 3278 sum
151 3242 242 3278 vobis
252 3247 340 3287 fore,
367 3246 388 3279 si
400 3246 626 3290 procedentem
636 3246 718 3283 olim
735 3249 776 3283 de
800 3248 928 3283 lubrico
949 3259 1003 3281 vo-

65 3293 200 3328 luntatis
222 3295 333 3330 alienae
360 3298 542 3339 potentiam
567 3298 669 3331 vestro
707 3300 839 3342 possetis
871 3297 1000 3332 nomini

68 3344 237 3379 vendicare
255 3369 268 3385 ‚
304 3356 380 3380 cum
399 3346 513 3381 redibis
537 3346 762 3382 Ecclefiasticae
784 3349 939 3394 dignitati
960 3358 1001 3381 re·

63 3396 202 3437 verentia
222 3394 377 3431 debeatur
390 3421 400 3437 ,
437 3397 533 3441 quam
559 3397 670 3431 officio
688 3399 827 3432 saeculari
847 3423 855 3432 .
893 3397 1002 3432 Subli-

65 3444 186 3481 matum
208 3446 298 3480 enim
325 3457 384 3480 vos
404 3471 415 3487 ‚
447 3445 482 3481 &
505 3446 546 3481 ad
571 3445 686 3483 altiora
717 3448 830 3485 divina
853 3449 1000 3484 bonitate

124 3526 126 3530 ,
163 3495 561 3541 cbrist.1.uptoperarom.
576 3499 617 3529 Χ.

1066 299 1147 334 mati
1157 298 1477 342 capitisimminere,
1502 301 1593 345 quod
1604 300 1728 336 scilicet
1750 304 1833 339 adeo
1855 306 1897 342 de
1908 306 2012 342 vestra

1070 348 1267 384 authoritate
1288 350 1428 394 pendeat
1442 375 1454 392 ,
1478 361 1514 385 ut
1537 352 1630 396 ipsius
1653 351 1694 386 ad
1710 362 1771 385 nos
1795 353 2014 399 principaliter

1069 399 1238 445 affignatio
1274 424 1285 441 ‚
1322 401 1357 435 ὅ(
1393 402 1620 445 affignationis
1657 402 1864 446 consignatio
1900 405 2015 445 debeat

1070 450 1230 494 pertinere
1248 474 1256 482 .
1294 449 1421 485 Idcirco
1442 452 1518 485 sane
1538 464 1595 487 vos
1615 451 1701 487 inter
1721 452 1816 486 initia
1839 450 2029 496 Regalibus?

1068 498 1226 544 obstitisse
1246 499 1439 544 Mandads,
1463 512 1500 536 ut
1519 502 1554 536 in
1577 503 1647 545 ipso
1667 502 1847 537 crederetur
1865 504 2015 536 universl-

1070 560 1118 589 tas
1139 561 1348 595 expugnata,
1373 562 1453 587 cum
1476 551 1565 586 nulla
1586 551 1822 597 relinqueretur
1842 552 1915 586 aliis
1936 550 2017 586 fidu-

1069 600 1126 635 'cia
1150 600 1313 635 refistendi
1347 626 1359 642 ,
1387 601 1444 636 ubi
1471 601 1579 646 Regia
1607 614 1678 636 uonv
1714 604 1839 646 possent
1877 603 2019 646 Imperia.

1072 650 1238 695 praevalere
1256 674 1263 682 .
1291 650 1470 685 Addebant
1493 664 1551 686 vos
1572 653 1658 686 inter
1678 650 1820 687 Amicos
1840 651 2020 695 aliquando

1071 698 1209 742 dixisse,
1235 711 1302 734 non
1314 701 1476 736 fovendos
1501 703 1536 736 in
1559 702 1712 745 Principe
1735 702 1940 743 inconsultos
1960 702 2022 735 ela-

1022 780 1024 783 .
1071 750 1298 795 taejvuventuris
1314 752 1466 793 affectus,
1492 752 1547 786 sed
1571 752 1678 787 statim
1703 752 1838 792 viriliter
1861 752 2023 795 intempe-

1072 802 1184 837 rantiae
1194 800 1403 835 resistendum
1413 825 1423 840 ,
1451 813 1493 836 ne
1504 802 1717 837 dissimulatio
1727 814 1812 836 creet
1825 802 1994 836 audaciam
2008 826 2020 842 ,

1074 849 1125 884 vel
1149 851 1359 885 insolentiam
1382 852 1591 898 indulgentia
1614 864 1717 897 prona
1730 853 1923 887 confirmet.
1951 853 2022 886 No-

1073 911 1125 934 tos
1146 900 1239 935 vobis
1260 901 1321 934 effe
1341 913 1457 936 omnes
1483 903 1620 948 Regalis
1641 904 1744 938 animi
1771 912 1902 942 motuS,
1939 901 2021 945 quid

1074 950 1213 985 levitatis
1232 949 1351 985 habeat
1363 976 1373 991 ‚
1399 953 1478 996 quid
1491 953 1619 987 virtutis
1640 952 1759 988 audeat
1778 964 1935 988 attentare
1948 977 1958 992 ‚
1972 953 2017 995 ip-

1075 1002 1210 1045 sumque
1223 1001 1399 1044 prudentiae
1425 1014 1486 1036 tuae
1506 1005 1790 1049 magnificentiam
1804 1004 2024 1038 nihilominus

1074 1053 1262 1095 agnovisse,
1289 1063 1386 1095 quam
1399 1054 1497 1087 toties
1512 1055 1546 1088 in
1557 1054 1861 1098 opportunitatibus
1885 1054 1999 1086 utilem
2012 1076 2023 1092 ‚

1073 1101 1150 1136 &in
1162 1102 1411 1137 difficultatibus
1437 1115 1590 1147 expertus
1613 1105 1648 1138 sit
1671 1106 1857 1139 efficacem.
1886 1103 1968 1136 Non
1979 1113 2024 1136 re-

1073 1151 1280 1193 pudiandum
1294 1151 1335 1186 ab
1345 1165 1387 1187 eo,
1397 1152 1524 1188 blandis
1547 1154 1755 1192 adulatorum
1781 1154 1921 1188 fallaciis
1942 1162 2026 1186 con-

1075 1201 1180 1234 filium
1204 1202 1342 1236 salutare
1362 1227 1373 1242 ,
1420 1213 1487 1246 quo
1521 1205 1726 1238 consueverit
1758 1204 1874 1237 fulcire
1906 1213 2024 1235 nutan-

1075 1251 1146 1290 tia,
1171 1252 1381 1293 complanare
1404 1253 1593 1295 scrupulos,
1631 1253 1797 1286 obstantia
1819 1253 1990 1286 dimovere
2017 1275 2026 1282 .

1076 1301 1162 1347 Qae·
1192 1300 1286 1335 verba
1315 1311 1392 1335 cum
1411 1300 1452 1335 ad
1492 1301 1596 1346 Regis
1620 1303 1774 1336 notitiam
1805 1301 2027 1346 malignitatis

1076 1350 1200 1384 invidia
1236 1350 1426 1392 detuliflet,
1452 1352 1630 1386 afferebant
1658 1351 1913 1395 irrevocabiliter
1947 1351 2032 1384 indi-

1076 1410 1215 1447 gnatum
1226 1400 1368 1442 dixisse,
1394 1402 1484 1450 quod
1497 1403 1577 1436 totis
1589 1403 1747 1441 utendum
1768 1402 1843 1437 effet
1867 1401 1990 1435 viribus
2018 1424 2029 1440 ,

1078 1451 1159 1485 totis
1178 1451 1300 1485 artibus
1332 1450 1552 1486 obfistendum
1567 1477 1578 1494 ‚
1612 1453 1771 1496 quoniam
1803 1452 1834 1486 ei
1857 1453 1898 1485 de
1920 1451 2029 1495 digni-

1077 1502 1338 1537 tatecontentio
1360 1502 1553 1544 parabatur.
1592 1502 1827 1545 Impoffibilem
1859 1502 1928 1535 fore
1952 1512 2030 1534 con-

1077 1550 1244 1590 cordiam,
1271 1551 1430 1593 quoniam
1445 1559 1550 1595 neque
1565 1562 1623 1585 vos
1642 1552 1802 1586 destinata
1824 1550 1990 1585 dimittere
2018 1575 2028 1591 ‚

1079 1611 1138 1633 nec
1151 1601 1216 1642 ipse
1229 1601 1410 1644 quidquam
1426 1600 1521 1635 vellet
1534 1601 1689 1646 dignitati
1711 1601 1825 1646 Regiae
1833 1601 1993 1645 derogare
2018 1626 2025 1632 .

1078 1650 1183 1694 Igitur
1194 1649 1234 1684 de
1246 1650 1372 1684 incerto
1382 1650 1577 1693 opinionis,
1601 1650 1636 1683 &
1656 1650 1876 1693 malignitatis
1902 1650 2028 1684 invidia

1077 1699 1275 1741 procedente
1297 1698 1446 1740 judicio,
1474 1698 1567 1732 varia:
1587 1697 1840 1742 dissidentesque
1863 1701 2030 1734 sementim

1076 1746 1281 1780 ferebantur.
1424 1772 1426 1774 .

1125 1794 1230 1829 Porro
1247 1795 1313 1839 jam
1336 1797 1483 1839 processu
1515 1798 1673 1841 temporis
1697 1799 1810 1833 omnis
1831 1799 1877 1834 est
1902 1799 2030 1834 sublata

1074 1845 1226 1880 dubietas
1249 1870 1261 1886 ,
1287 1847 1508 1890 propositique
1548 1848 1639 1881 vestri
1679 1849 1832 1882 sanctitas
1866 1849 2032 1883 evidenti-

1075 1895 1135 1930 bus
1153 1897 1353 1940 argumentis
1366 1896 1512 1930 innotuit
1526 1922 1536 1937 ,
1549 1896 1632 1932 adeo
1645 1906 1680 1931 ut
1705 1897 1784 1931 boni
1797 1898 1883 1932 certe
1893 1911 2026 1942 compa-

1074 1947 1199 1980 tiantur
1211 1947 1244 1980 ὅ(
1257 1947 1421 1990 gaudeant
1433 1971 1443 1985 ‚
1455 1948 1489 1981 &
1501 1948 1612 1982 debita
1623 1949 1759 1991 coeperit
1772 1950 1897 1991 operire
1908 1950 2026 1982 confu-

1045 2041 1048 2045 .
1073 1996 1121 2029 fio
1144 1997 1384 2040 malignantes.
1412 1996 1546 2030 Certum
1570 1998 1614 2031 est
1640 1996 1726 2038 hoc,
1752 1999 1788 2031 ὅτ,
1811 2000 1884 2032 luce
1907 2000 2027 2034 clarius

1074 2046 1159 2088 apud
1183 2057 1298 2079 omnes
1316 2046 1426 2080 existit
1441 2071 1451 2086 ‚
1478 2047 1616 2081 minoris
1643 2049 1801 2091 reputasse
1826 2058 1881 2082 vos
1893 2048 2026 2083 divitias

1073 2094 1234 2139 quaslibet
1251 2120 1262 2136 ‚
1289 2096 1323 2130 ἃ
1337 2107 1493 2140 perceptae
1515 2097 1683 2142 fastigium
1703 2096 1874 2142 dignitatis
1887 2124 1898 2139 ,
1924 2099 2024 2142 quam

1071 2145 1229 2188 justitiam
1240 2158 1310 2189 quse
1326 2158 1367 2180 ex
1382 2147 1457 2181 Deo
1479 2147 1546 2188 est,
1572 2149 1607 2182 δε
1628 2147 1771 2192 gloriam
1795 2148 2025 2184 Ecclefiasticae

1074 2195 1251 2229 libertatis.
1279 2197 1312 2230 Si
1326 2197 1416 2230 enim
1429 2198 1532 2236 favori
1546 2198 1676 2238 Divino
1693 2199 1839 2233 favorem
1867 2201 2029 2243 praeferre-

1073 2246 1115 2279 tis
1127 2245 1328 2286 humanum,
1355 2246 1389 2278 ὃς
1410 2247 1451 2280 ad
1473 2247 1681 2282 inducendos
1707 2250 1851 2291 profanae
1864 2251 2025 2285 novitatis

1072 2295 1189 2330 abusus
1202 2295 1302 2329 vestra
1325 2296 1524 2330 consentiret
1545 2296 1749 2339 authoritas,
1777 2300 1932 2342 poteratis
1954 2312 2023 2334 non

1074 2345 1178 2380 solum
1200 2357 1275 2380 cum
1297 2346 1422 2380 summa
1444 2348 1684 2389 tranquillitate
1704 2348 1844 2392 degere,
1884 2349 1936 2384 sed
1964 2351 2020 2393 ipsi

1071 2397 1172 2430 etiam
1196 2395 1324 2440 magis,
1352 2397 1449 2439 quam
1470 2398 1552 2431 olim
1574 2422 1585 2438 ,
1621 2398 1766 2440 Principi
1787 2411 1986 2442 conregnare
2013 2425 2022 2431 .

1073 2444 1175 2492 Qiod
1186 2457 1294 2479 autern
1315 2448 1415 2482 vestra
1438 2448 1630 2481 familiarius
1653 2447 1814 2482 interesset
1828 2472 1839 2488 ,
1865 2459 2015 2491 tempera-

1072 2506 1158 2529 retur
1169 2495 1324 2535 arbitrio,
1352 2498 1386 2531 δε
1408 2498 1558 2541 exposito
1584 2497 1744 2541 sanguine
1765 2508 1948 2539 ceterorum
1961 2499 2018 2533 do-

1072 2546 1221 2580 mesticus
1232 2546 1331 2580 status
1344 2546 1443 2579 vester
1463 2557 1504 2579 ex
1525 2547 1620 2580 omni
1643 2556 1731 2588 parte
1753 2547 2017 2583 servareturillae-

1072 2597 1139 2630 sus.
1179 2596 1305 2630 Verum
1343 2596 1489 2629 sanstitas
1516 2596 1618 2629 vestra
1642 2595 1791 2630 debitum
1815 2598 2018 2641 Episcopalis

1071 2647 1172 2681 officii
1196 2647 1435 2689 recognoscens
1455 2644 1569 2678 maluit
1594 2645 1723 2679 interim
1744 2647 1937 2690 sequestrare
1959 2660 2017 2693 po-

1071 2697 1208 2730 tentiam
1222 2721 1231 2736 ,
1257 2696 1425 2732 facultates
1446 2706 1629 2737 exponere,
1657 2695 1820 2738 ipsamque
1841 2699 2014 2743 personam

1071 2746 1270 2789 quibuslibet
1291 2744 1418 2787 injuriis
1440 2745 1573 2785 offerre.
1603 2745 1839 2790 Evangelicum
1852 2748 2012 2790 siquidem

1070 2796 1151 2831 illud
1163 2796 1251 2830 fideli
1272 2795 1430 2829 memoria
1449 2795 1615 2836 retinetis,
1643 2797 1761 2833 summi
1785 2797 1938 2832 Dostoris
1955 2799 2014 2833 do-

1070 2847 1170 2881 &rina
1193 2846 1382 2890 proditum,
1406 2845 1614 2880 &firmatum
1635 2847 1790 2890 exemplo
1808 2872 1820 2888 ,
1849 2849 1937 2891 quod
1952 2859 2012 2892 pro

1069 2896 1185 2932 ovibus
1196 2894 1387 2931 &fratribus
1397 2895 1516 2930 nostris
1526 2895 1701 2931 debeamus
1715 2897 1840 2932 animas
1852 2909 1972 2941 ponere
1998 2923 2011 2940 ,

1068 2957 1135 2980 non
1163 2947 1204 2980 de
1241 2947 1380 2990 ipsorum
1416 2945 1623 2986 detrimentis
1659 2946 1881 2983 detestabilem
1925 2950 2009 2983 lucri

1069 2998 1237 3031 materiam
1257 3007 1443 3040 comparare
1463 3021 1470 3028 .
1511 2997 1644 3030 Poterat
1666 3007 1776 3031 autem
1797 3010 1882 3033 onus
1904 2998 2009 3033 distri-

1068 3045 1203 3081 butione
1215 3047 1332 3087 levari,
1358 3047 1488 3080 ficausa
1500 3047 1670 3080 communi
1686 3049 1819 3082 tra-stata
1831 3049 1969 3083 consilio
1994 3072 2007 3089 ,

1066 3098 1236 3131 communi
1247 3097 1400 3142 suffragio
1412 3097 1563 3130 niteretur
1578 3121 1585 3129 .
1617 3096 1792 3133 Firmatam
1804 3098 1923 3142 quippe
1930 3109 2007 3133 con-

1066 3146 1177 3182 cordia
1214 3148 1342 3191 spiritus
1377 3147 1540 3181 unitatem
1586 3157 1699 3180 verum
1736 3147 1781 3181 est
1820 3147 2006 3183 vexationi-

1067 3197 1124 3231 bus
1148 3198 1237 3242 posse
1259 3198 1395 3233 concuti
1414 3219 1426 3236 ‚
1461 3196 1551 3230 nulla
1573 3206 1681 3232 tamen
1702 3196 1910 3241 improbitate
1928 3208 2011 3230 con·

1067 3247 1159 3282 velli.
1186 3249 1292 3293 Igitur
1314 3247 1533 3281 invalescente
1558 3247 1703 3287 malitia,
1733 3248 1789 3290 qui
1811 3248 1850 3280 ad
1875 3257 2002 3289 tempus

1065 3297 1284 3339 crediderant,
1320 3296 1514 3330 tentationis
1535 3307 1679 3340 tempore
1699 3297 1904 3332 recesserunt:
1933 3297 2003 3329 Du-

1064 3349 1172 3391 cisque
1190 3348 1236 3381 sui
1261 3358 1328 3380 non
1352 3346 1479 3379 tantum
1502 3347 1576 3380 faeti
1602 3349 1675 3379 sunt
1700 3346 1875 3383 desertores
1898 3369 1910 3385 ‚
1946 3344 2001 3380 sed

1065 3398 1099 3431 in
1119 3398 1218 3433 castra
1241 3396 1384 3431 hostium
1407 3397 1493 3434 fasto
1518 3394 1701 3438 transfugio
1737 3395 1962 3430 concesserunt
1992 3420 2000 3427 .

1064 3448 1096 3482 Si
1134 3446 1211 3483 vero
1258 3445 1372 3490 coeptis
1419 3447 1653 3490 perseverantes
1695 3443 1873 3481 insisterent
1908 3470 1919 3486 ,
1968 3445 2002 3478 δε

1529 3494 1560 3528 K
1859 3505 1950 3539 quos-
