2358 3776
274 121 826 207 ''ssTHQM'AE
897 149 1843 207 c-ANT‘UARIENSIS.

2001 173 2034 222 7

120 244 127 253 .
182 241 243 288 jd„
260 216 447 286 ‘jngoeamnr
471 262 480 272 .
506 240 580 274 Nec
603 234 692 277 enini
714 236 857 277 fideliter
870 237 1064 285 cujusquam
1128 237 1255 272 litionis
1276 236 1396 273 ducem
1415 236 1584 282 expetebat
1599 264 1607 272 .
1645 238 1771 298 Vqsum
1803 245 1895 282 finita
1911 245 2097 283 collatione

99 307 118 335 v
173 290 390 338 describitur,
415 291 515 334 liquo
536 289 677 334 vivitur*
698 287 751 321 vel
768 287 907 331 qualiter
931 288 999 331 ipse
1023 287 1067 320 vi-

99 343 185 389 351.st
195 332 419 392 ,Ῐοωίεῃεῃικ
446 338 610 384 Siquidem
621 335 738 374 diebus
757 337 891 382 ungulis
910 335 984 389 ¹post
1010 338 1068 380 Sy-

100 393 213 439 pautim
235 392 467 435 decantatam,
487 398 586 436 W
604 384 672 421 cito
689 387 761 431 post
785 387 998 433 gallicinium
1009 387 1067 421 sub

100 442 262 491 profupda
278 441 378 485 ,noae
409 441 580 483 dqeantare
620 438 854 483 consueverat,
879 447 959 476 mox
981 436 1065 471 elam

40 490 43 493 '
101 494 137 530 in
148 489 298 538 qqqclgvi
309 486 720 536 aliqugjntroducebantur
738 487 866 523 Fratres
877 486 1043 527 ,tredecim
1056 511 1066 528 ‚

102 543 297 588 quibusipse
307 540 413 587 posui&
424 536 625 577 vestimentis
634 538 725 578 suis,
749 537 783 573 ἀ
804 538 1066 582 sepmehgrms,

101 583 378 638 discumbentibus
397 612 409 630 ‚
434 586 639 633 ministrabat
657 612 670 629 ,
694 587 814 632 finguli
861 598 1001 631 quatuor
1021 599 1067 621 ar·

101 655 241 690 gemeus
250 631 406 691 wicus.
432 636 609 681 ,Etboeita
621 637 835 678 mandatum,
862 637 980 673 furtive
999 647 1065 672 tna—

103 695 176 740 gis,
201 701 294 747 qm
316 689 369 731 fur
392 688 498 729 unus,
521 699 579 733 per
607 688 752 733 lingulas
772 689 882 725 noctes
902 688 1066 723 faciebat.-

102 745 243 787 veriujs,
269 750 330 782 nec
341 736 528 779 immerito,
551 738 701 778 ,nefisub
722 738 795 773 luce
815 739 958 780 faceret,
983 737 1065 772 illud

101 805 145 830 ex
155 781 219 831 visu
231 789 414 831 hminum,
428 787 584 829 virtutum
607 788 692 828 virus
706 788 816 828 inanis,
835 787 1064 833 inficeretglo-

102 845 170 887 rip,
194 852 283 886 quo,
310 849 347 874 ut
357 839 447 882 lhpra
458 838 651 883 tetigimus,
675 839 762 882 ipse,
787 838 866 878 dum
893 837 1003 875 adhue
1022 837 1067 881 ju-

99 891 214 937 ngatis,
237 890 324 934 quali
344 887 569 929 incurabiliter
591 887 763 923 videbatur
779 886 932 927 infestus.
962 885 1068 923 Unde

97 940 209 987 &queo
219 938 392 984 secretiuS,
416 937 458 974 εό
468 936 570 979 fiebat„
591 938 794 975 defecatius.
820 937 887 976 Vel
900 937 998 978 ideo,
1025 945 1067 972 ne

96 991 251 1035 aliorsum
263 1015 276 1034 ‚
301 999 339 1026 ut
358 989 549 1033 plerumque
564 987 803 1034 contingebat,
828 1000 904 1024 eum
928 987 1066 1026 traheret

97 1052 275 1088 oequpauo
294 1066 301 1074 .
328 1038 434 1089 Qod
454 1038 532 1082 cum
552 1038 769 1084 contingebat
790 1063 806 1080 ,
828 1048 909 1074 tunc
933 1038 1068 1084 quidem

175 1103 283 1133 ¹unum
301 1091 467 1129 Fratrem,
493 1087 576 1133 adq
599 1099 651 1122 ern
671 1086 854 1133 pertinebat
874 1089 916 1128 de
934 1088 1069 1134 egenis,

98 1106 282 1188 &reipsum
294 1139 550 1184 adimplebatur.
612 1139 643 1173 el
662 1138 742 1174 ideo
761 1138 847 1176 certe
867 1138 925 1175 sub
947 1139 1043 1174 noste
1055 1162 1067 1178 ,

97 1193 189 1239 quod
210 1191 413 1236 nequaquam
434 1191 518 1225 foret
528 1188 587 1227 sub
599 1189 672 1223 luce
695 1197 763 1225 tam
777 1189 898 1226 devota
918 1189 1067 1223 vacatio.

97 1245 144 1282 Et
159 1241 234 1279 vere
256 1251 337 1277 tunc
358 1240 478 1275 devota
498 1240 649 1280 vacatio,
673 1239 706 1274 ἀ
721 1237 940 1278 devotissima.
969 1238 1006 1272 In
1023 1250 1065 1272 eo

94 1290 203 1336 noctis
222 1301 340 1332 vacans
359 1289 495 1330 devotio
507 1314 514 1322 .
541 1289 699 1325 Cerneres
719 1290 841 1334 quippe
866 1288 1064 1325 Pontificem

97 1344 135 1379 in
145 1341 312 1387 profundae
322 1339 426 1380 noetis
436 1339 588 1380 silentio,
615 1339 701 1385 quali
725 1340 833 1374 lucem
855 1339 890 1374 in
904 1338 1045 1375 tenebris
1058 1362 1069 1377 ,

97 1392 299 1438 singulorum
311 1389 446 1435 pedibus
456 1387 647 1429 advolutum
661 1413 674 1430 ,
696 1388 859 1435 &fingulis
882 1389 1069 1425 orationem

97 1431 230 1488 petere,
254 1442 288 1481 δι
311 1439 434 1485 plorare
453 1450 509 1483 per
533 1439 678 1489 singulos
699 1464 706 1472 .
734 1439 778 1474 Et
801 1439 890 1479 velut
914 1450 1068 1485 aquarum

96 1493 204 1533 exitus
227 1490 402 1536 lachrymae
422 1489 668 1530 deducebantur
689 1501 745 1534 per
765 1490 905 1530 oculos,
930 1487 1013 1529 adeo
1034 1496 1070 1522 ut

98 1542 276 1587 lachrymis.
287 1542 358 1586 plus
367 1540 464 1585 quam
475 1550 558 1585 aqua
569 1540 770 1585 singulorum
784 1541 881 1584 pedes
902 1539 1002 1578 lavari
1018 1539 1069 1573 vi-

97 1593 274 1632 derentutt.
305 1589 492 1630 Secundum
511 1589 591 1624 *vero
612 1588 710 1625 fiebat
731 1591 923 1628 convivium
946 1614 960 1631 ,
994 1600 1064 1626 non

97 1643 210 1688 jamin
220 1643 318 1677 furno
327 1641 430 1677 noctis
440 1641 586 1678 fastum,
611 1639 665 1672 sed
675 1639 822 1673 diluculo
837 1663 844 1670 .
873 1639 958 1676 Ecce
980 1638 1070 1693 enim

101 1688 372 1737 egredientibus&
392 1687 517 1732 coelesli
539 1686 697 1721 convivio
716 1686 782 1720 illis
799 1687 979 1740 tredecies,
1002 1697 1068 1727 qur-

100 1739 329 1778 buspmiftx
339 1736 527 1778 praecinctus
552 1733 786 1767 ministraverat
800 1755 812 1772 ‚
836 1733 1067 1776 ingrediuntur

95 1789 155 1825 ,lii
174 1785 351 1827 duodecim
372 1807 384 1823 ‚
408 1781 531 1828 quibus
547 1780 830 1816 discumbentibus
852 1783 963 1819 Frater
985 1781 1040 1815 ille
1057 1803 1068 1820 ‚

95 1837 206 1885 qniad
217 1836 292 1875 usus
305 1843 481 1878 pauperum
490 1830 643 1876 portabat
661 1830 789 1869 loculos
802 1854 812 1870 ‚
837 1831 908 1866 vice
930 1831 1066 1865 Pontifi-

96 1889 175 1930 εἰς,
201 1885 372 1925 humiliter
395 1883 429 1922 ἀ
449 1881 568 1922 devote
589 1881 790 1926 singulorum
810 1881 906 1925 pedes
929 1881 1040 1915 lavans
1055 1906 1066 1922 ,

95 1935 300 1976 ministrabat
322 1948 330 1968 :
366 1934 446 1971 Sine
467 1932 628 1977 argenteis
650 1931 784 1975 quidem
808 1955 819 1972 ,
845 1932 897 1969 sed
922 1932 955 1966 in
982 1930 1065 1966 cibis

94 1987 248 2027 abunde.⁸
270 1984 425 2025 Tettium
437 1982 514 2017 veto
537 1983 571 2017 in
585 1982 731 2027 processu
743 1981 826 2017 lucis
837 1983 922 2019 circa
949 1979 1064 2017 horam

96 2028 163 2078 diei
176 2037 307 2074 tertiam
316 2032 641 2074 fiebatconvivium,
664 2043 798 2067 centum
811 2043 851 2066 ex
874 2032 913 2066 iis
936 2032 1001 2087 qui⁸
1017 2032 1066 2066 di·

95 2084 459 2126 cunturpraebeudmn
487 2082 679 2128 pauperibus
699 2080 906 2117 introductis.
936 2080 1064 2127 Qibus

94 2141 165 2175 duo
175 2139 323 2177 Fratres,
346 2135 480 2179 adquos
490 2134 530 2168 de
542 2133 655 2178 egenis
673 2131 876 2176 pertinebat,
902 2131 1062 2166 ministra·

95 2190 174 2228 bant
183 2214 192 2223 .
220 2189 265 2225 Et
275 2186 408 2231 quidem
420 2185 537 2228 triplex
550 2184 656 2218 mensa
670 2183 842 2216 Pontificis
854 2194 907 2226 per
917 2181 1062 2226 singulos

94 2240 164 2274 dies
177 2238 235 2276 bas
244 2236 394 2282 quotidie
406 2245 464 2269 tres
478 2235 602 2270 mensas
614 2232 783 2276 ponentis,
807 2232 895 2275 quali
910 2232 1061 2275 quotidie

94 2300 160 2325 tres
171 2288 286 2324 Mitras
296 2284 507 2321 celebrantis.
534 2283 723 2316 Primamin
745 2284 859 2322 noste,
886 2282 1060 2317 secundam

94 2339 130 2375 iu
149 2348 288 2381 aurora,
312 2334 440 2372 tertiam
467 2331 527 2370 sub
546 2332 620 2366 luce
639 2332 734 2375 plena
758 2356 765 2364 .
794 2332 918 2366 Revera
944 2332 976 2365 in
997 2330 1061 2365 hoc

95 2385 252 2432 mystice,
277 2384 431 2421 unctione
441 2381 622 2427 Magistra,
648 2381 806 2422 edoctus,
833 2382 925 2417 utita
949 2382 1059 2416 videli-

94 2447 147 2473 cet
166 2436 270 2472 tribus
291 2434 405 2469 mensis
430 2431 503 2473 his,
529 2431 687 2474 tanquam
713 2431 815 2466 tribus
828 2433 955 2474 Missis,
982 2432 1057 2466 Deo

94 2488 193 2540 gratis
205 2484 339 2524 hostiis,
366 2494 451 2520 nova
464 2482 644 2521 Salvatoris
657 2483 810 2517 nativitas
826 2483 915 2517 suam
933 2483 966 2516 in
991 2483 1059 2525 ipso

92 2537 276 2582 novitatem
296 2560 308 2577 ,
343 2532 498 2575 tanquam
531 2532 738 2567 nativitatem
771 2532 936 2567 roboraret
959 2546 966 2566 ε
1004 2532 1059 2567 Ut

93 2598 189 2629 quem
201 2585 260 2626 sub
271 2584 394 2630 peccati
404 2584 485 2629 jugo
495 2582 618 2620 vetusta
631 2584 766 2617 servitus
778 2593 922 2617 tenuerat
933 2607 944 2623 ,
972 2594 1058 2616 nova

95 2635 216 2671 Christi
228 2636 379 2671 nativitas
390 2634 537 2668 liberaret
550 2658 561 2674 ,
588 2634 622 2667 ὅ(
636 2633 681 2670 ita
695 2644 799 2667 novus
810 2630 913 2668 homo
934 2643 1057 2667 novum

94 2686 265 2723 hominem
279 2684 445 2720 Christum
468 2683 632 2718 indueret,

140 2736 323 2782 lgiturpost
336 2734 496 2779 Synaxim
521 2733 747 2774 decantatam,
775 2733 978 2778 Evangelico
1000 2732 1059 2766 illo

92 2787 271 2827 convivio,
297 2786 330 2820 in
343 2797 432 2829 quo,
458 2794 495 2819 ut
516 2783 679 2824 diximus,
706 2783 839 2826 ipsemet
861 2784 1058 2819 ministrave-

93 2846 139 2875 rat
153 2861 164 2877 ,
190 2837 321 2877 soluto,
346 2834 449 2872 brevis
461 2834 568 2868 somni
578 2833 625 2867 ob
638 2834 742 2868 sensus
755 2832 947 2876 reparandos
968 2835 1060 2874 sopo-

96 2896 131 2919 re
148 2886 335 2934 praegustato
355 2911 366 2927 ,
404 2885 523 2921 caeteris
545 2882 653 2919 adhuc
674 2883 914 2919 dormientibus
936 2908 945 2923 ,
972 2884 1059 2921 solus

93 2936 161 2978 ipse
178 2939 218 2973 ad
240 2938 341 2973 sacros
362 2936 505 2970 Codices
533 2933 739 2970 manicabat.
769 2935 810 2968 Et
834 2934 873 2968 ad
886 2934 1058 2976 aperienda

93 2986 200 3020 secum
212 2989 299 3023 sacrat
309 2987 478 3029 Scriptura&
491 2984 642 3027 mysteria
654 2996 723 3019 uno
733 2983 903 3018 dumtaxat
920 2985 1059 3021 suorum,

92 3036 343 3080 aliquantisper,
368 3048 404 3070 ut
426 3035 482 3071 fibi
505 3036 607 3069 visum
628 3034 672 3069 est
687 3059 698 3075 ‚
726 3037 759 3068 in
783 3034 832 3068 his
854 3034 1032 3068 exercitato
1048 3057 1058 3073 ,

93 3087 200 3120 accito
224 3111 234 3126 ,
261 3086 412 3129 tanquam
433 3085 547 3129 apertis
583 3083 670 3122 Coeli
691 3085 855 3119 cataractis
879 3109 889 3124 ,
929 3085 1057 3118 summo

95 3134 190 3169 mane
217 3136 251 3170 in
277 3135 466 3171 alimoniam
490 3135 616 3178 spiritus
650 3135 777 3169 Manna
801 3133 948 3169 Coelestis
984 3134 1057 3168 refe-

94 3184 212 3222 ffionis
232 3185 410 3230 colligebat
430 3209 437 3218 .
473 3185 542 3223 Hic
563 3193 630 3220 etat
661 3183 837 3228 discipulus
858 3209 869 3225 ‚
895 3185 950 3228 qui
973 3184 1056 3218 testi·

95 3235 245 3269 monium
270 3235 416 3279 perhibet
437 3234 476 3270 de
498 3234 548 3269 his
568 3258 580 3275 ,
605 3236 638 3269 δε
661 3236 744 3269 vidit
770 3236 803 3269 ὅ(
828 3235 946 3278 scripsit
966 3233 1031 3268 baec
1047 3258 1058 3274 ,

93 3284 218 3319 scilicet
237 3285 393 3330 Magister
413 3284 602 3318 Heribertus
625 3285 664 3318 de
689 3285 850 3320 Bosehem
867 3310 874 3317 .
903 3285 963 3318 Per
984 3285 1058 3317 scri-

94 3345 260 3378 pturarum
278 3336 396 3379 quippe
420 3345 470 3368 tot
492 3335 649 3376 profunda
675 3335 709 3369 δε
731 3346 832 3378 opaca
855 3360 866 3375 ,
893 3335 970 3368 ficut
992 3334 1057 3377 ipse

93 3384 329 3425 confitebatur,
356 3385 376 3418 sl
395 3384 512 3428 absque
533 3383 615 3417 duce
636 3384 798 3419 incederet
813 3410 824 3425 ,
851 3386 973 3428 semper
995 3395 1058 3418 me·

94 3435 206 3470 tuebar
234 3446 373 3471 errorem
395 3460 402 3467 .
436 3433 546 3470 Unde
583 3434 669 3468 &in
698 3435 802 3477 planis
832 3435 1058 3478 intelligentiae

90 3485 151 3523 {ux
174 3486 283 3522 testem
304 3511 314 3528 ,
351 3485 384 3520 δι
403 3487 435 3522 in
458 3483 601 3522 obst-atis
634 3485 753 3533 semper
788 3496 840 3520 me
867 3486 929 3525 suae
950 3485 1051 3534 inqui-

1071 3118 1077 3272 1

1129 298 1209 322 mox
1236 286 1470 324 excludebatur
1492 313 1503 329 ‚
1539 290 1596 332 qui
1628 301 1753 325 accitus
1780 293 1881 329 fuerat
1906 321 1917 337 ,
1946 297 1987 332 ·&
2010 298 2098 333 solus

1130 337 1287 382 Pontifex
1309 338 1345 374 in
1366 339 1518 383 conclavi
1542 340 1600 373 suo
1619 341 1809 376 remanebat
1832 344 1973 382 inclusus
1992 372 2003 390 ,
2026 358 2098 384 tan-

1127 389 1225 431 quam
1249 387 1284 422 in
1314 388 1431 431 sponsi
1469 389 1586 424 cellam
1609 390 1768 426 vinariam
1792 392 1994 431 introductus
2019 422 2030 438 ,
2056 398 2099 434 ad

1128 447 1226 478 quem
1250 437 1333 472 nulli
1349 439 1437 473 nulla
1455 450 1501 474 ex
1509 440 1603 475 caussa
1615 465 1626 482 ,
1646 442 1753 476 ,etiam
1778 443 1878 486 usque
1897 446 1937 478 ad
1951 446 2015 480 diei
2039 458 2100 482 ter·

1128 488 1231 528 tiam,
1258 488 1344 523 ullus
1364 499 1431 523 erat
1453 491 1592 526 acoeffus
1610 513 1618 522 .
1646 490 1736 526 Ecce
1754 489 1908 528 Thomas
1930 518 1941 535 ,
1968 495 2025 538 qui
2043 498 2099 532 etsi

1128 547 1263 572 manum
1285 538 1351 582 jam
1371 539 1411 574 ad
1432 540 1531 574 fortia
1546 541 1675 574 ,miserit
1693 566 1705 581 ,
1730 542 1765 576 ·&
1785 544 1863 577 ficut
1889 544 2101 587 praelatione,

1127 586 1172 622 ita
1197 587 1232 621 ὁ(
1255 588 1394 629 quadam
1413 600 1550 634 operum
1573 589 1748 626 altitudine
1769 595 1925 628 virtutum
1948 596 2103 629 conscen-

1127 636 1212 672 derit
1234 637 1394 680 speculam
1420 663 1432 680 ,
1458 648 1569 675 tamen
1606 641 1640 674 in
1675 642 1905 686 scripturarum
1929 645 2004 686 via,
2021 656 2100 680 tam

1127 685 1318 728 humiliter,
1345 699 1412 723 tam
1432 690 1619 734 fimpffliter
1633 693 1848 736 'gradiebatur
1868 718 1879 735 ,
1898 704 1943 729 ut
1961 695 1994 728 in
2018 694 2080 730 hac
2092 719 2104 736 ,

1129 747 1189 772 nec
1213 737 1421 773 Eruditorem
1445 744 1667 784 praecurreret,
1692 754 1754 777 nec
1774 745 1973 786 ptaesumeret
1987 744 2030 779 de
2050 746 2099 779 se.

1130 786 1237 824 Unde
1264 787 1320 822 hic
1344 812 1356 829 ,
1382 791 1440 833 qui
1474 790 1562 826 inter.
1579 803 1696 835 vepres
1732 793 1767 826 δε
1797 794 1926 837 spinosa
1955 795 2061 830 saeculi
2082 796 2102 830 ὲ

1129 838 1234 883 longo
1269 848 1417 883 tempore
1446 840 1512 883 jam
1534 841 1744 879 inveteratam
1767 845 1946 880 ruditatem
1974 856 2102 880 contra·

1127 898 1239 929 xerat,
1258 888 1342 924 adeo
1354 889 1399 924 est
1416 889 1451 924 in
1472 890 1565 925 brevi
1578 893 1722 927 eruditus
1742 893 1763 927 a
1786 894 1862 928 Deo
1883 894 2017 930 Coelesti
2041 896 2102 929 illo

1129 938 1256 976 Manna
1276 963 1288 979 ,
1323 940 1412 983 quod
1436 940 1470 974 in
1501 953 1602 976 marre
1626 948 1680 986 per
1702 944 1847 988 singulos
1866 943 1936 980 dies
1964 945 2104 991 collige-

1130 987 1184 1026 bat
1201 1013 1212 1029 ,
1239 989 1391 1031 refectus,
1417 1001 1454 1024 ut
1481 992 1599 1026 &aliis
1616 992 1679 1035 jam
1692 996 1867 1036 emdiaret,
1895 995 1985 1040 quod
1998 997 2104 1041 gusta·

1131 1038 1200 1078 vit,
1225 1039 1260 1075 &
1281 1041 1372 1083 super
1393 1052 1529 1077 omnem
1551 1053 1667 1086 aquam
1692 1055 1780 1079 nunc
1804 1045 1837 1079 in
1861 1046 1986 1087 Clero‚
2013 1057 2103 1080 nunc

1130 1089 1163 1127 in
1177 1087 1306 1132 Populo
1320 1091 1428 1125 semen
1441 1091 1544 1126 Verbi
1557 1093 1620 1126 Dei
1639 1094 1814 1129 ‘seminaret
1826 1121 1833 1128 .
1861 1095 1980 1130 Tanto
2000 1098 2106 1131 etiarn

1130 1138 1366 1182 Scripturatutn
1398 1152 1510 1176 amore
1542 1142 1704 1178 ferebatur
1721 1170 1732 1186 ,
1768 1155 1804 1179 ut
1827 1146 1989 1189 saepiffime
2014 1147 2105 1179 inter

1131 1189 1287 1226 viandum
1300 1190 1433 1225 deflexo
1454 1191 1489 1224 in
1513 1203 1637 1235 partem
1660 1205 1769 1237 equo,
1795 1196 1903 1229 acono
1923 1197 2017 1239 supra
2038 1206 2106 1228 me·

1130 1250 1258 1274 morato
1290 1240 1464 1283 Discipulo
1492 1265 1502 1281 ‚
1528 1242 1562 1275 in
1594 1243 1646 1277 via
1668 1239 1762 1278 sacrae
1782 1244 1964 1279 eruditioni
1997 1245 2105 1279 inten-

1128 1287 1241 1329 deret,
1267 1287 1338 1324 hoc.
1352 1291 1463 1334 saepius
1486 1291 1605 1326 iterans
1626 1306 1637 1325 .·
1664 1293 1698 1327 O
1717 1319 1728 1334 ,
1757 1295 1865 1338 inquit
1879 1319 1889 1334 ,
1915 1295 1937 1328 fi
1956 1295 2105 1329 mihida-

1130 1349 1215 1376 retur
1233 1363 1247 1380 ,
1285 1351 1321 1374 ut
1341 1340 1446 1375 saeculi
1469 1343 1554 1376 cutis
1589 1343 1621 1376 ὅτ
1652 1345 1750 1378 caufis
1773 1346 1906 1379 semotis
1929 1370 1940 1385 ,
1974 1346 2008 1379 in
2030 1346 2105 1379 otio

1129 1389 1164 1426 δε
1195 1389 1305 1433 quiete
1339 1390 1566 1434 hujuscemodi
1603 1395 1723 1436 poffem
1755 1394 1955 1429 intendere!
1991 1395 2104 1440 Qam

1130 1439 1322 1477 frustuosam
1356 1465 1367 1481 ,
1403 1441 1535 1476 favente
1568 1442 1720 1478 Domino
1744 1469 1754 1483 ,
1791 1443 1842 1479 his
1880 1445 2102 1488 impenderem

1129 1500 1260 1534 operam
1278 1494 1285 1525 !
1314 1491 1358 1526 Et
1378 1492 1478 1536 quam
1499 1492 1640 1528 studiose
1663 1494 1780 1537 perditi
1805 1496 1962 1539 temporis
1982 1506 2105 1538 repara·

1130 1550 1196 1577 rem
1216 1539 1371 1582 jasturam
1394 1545 1400 1575 !
1440 1542 1593 1576 Scedulas
1618 1544 1651 1575 in
1674 1546 1812 1578 manicis
1833 1546 1896 1578 suis
1915 1546 1998 1578 laxis
2012 1556 2107 1579 com·

1132 1590 1250 1632 plicare
1281 1592 1495 1623 consueverat
1515 1591 1745 1626 aedificationis
1777 1593 1907 1636 aliquid
1930 1606 1997 1628 non
2021 1596 2105 1637 sper-

1131 1638 1277 1673 nendum
1315 1639 1524 1673 continentes
1558 1662 1569 1677 ‚
1616 1651 1651 1673 ut
1688 1642 1734 1674 ita
1777 1642 1936 1686 Legendo
1983 1645 2105 1686 semper

1131 1687 1313 1727 promptius
1332 1696 1429 1727 penes
1448 1686 1480 1718 se
1505 1686 1636 1720 haberet
1658 1688 1747 1731 quod
1771 1689 1895 1724 diceret
1918 1716 1925 1723 .
1953 1691 2038 1726 illud
2061 1704 2109 1727 et-

1129 1734 1195 1767 iam
1218 1745 1286 1772 non
1308 1734 1483 1768 tacendum
1504 1759 1515 1775 ‚
1549 1735 1604 1770 sed
1628 1738 1716 1779 quasi
1739 1740 1966 1775 extollendum
1991 1754 2108 1785 praeco-

1129 1783 1188 1818 nio
1210 1806 1222 1823 ,
1257 1781 1348 1826 quod
1371 1785 1494 1828 semper
1515 1786 1622 1820 secum
1646 1786 1794 1824 babuerit
1835 1791 1959 1826 multos
1984 1792 2018 1826 &
2041 1805 2107 1827 ma·

1127 1843 1212 1877 gnos
1237 1834 1348 1873 viros,
1373 1835 1466 1868 omni
1487 1846 1618 1870 morum
1653 1837 1688 1874 ἀ
1713 1840 1783 1872 vitae
1807 1839 1978 1877 honestate
2011 1844 2105 1887 paedi-

1127 1892 1200 1923 τος,
1227 1884 1414 1918 &scientiae
1432 1885 1620 1921 eruditione
1641 1888 1808 1932 praeclaros
1830 1912 1839 1927 ‚
1868 1892 1903 1925 in
1928 1892 2107 1937 Scriptura-

1127 1943 1199 1970 rum
1222 1934 1327 1977 planis
1352 1936 1606 1979 promptissimos
1630 1961 1640 1976 ,
1679 1938 1712 1971 in
1748 1940 1917 1983 Mysteriis
1949 1945 2108 1978 exercita·

1126 1993 1178 2020 tos
1201 2007 1213 2023 ,
1240 1986 1272 2019 in
1305 1986 1389 2019 sacra
1410 1984 1486 2019 vero
1505 1987 1685 2022 collatione
1706 1989 1886 2024 fructuosos
1907 2014 1918 2030 ,
1954 1991 2038 2026 adeo
2066 2004 2104 2028 ut

1127 2033 1214 2069 inter
1238 2033 1316 2068 istos
1339 2034 1488 2078 quotidie
1510 2035 1617 2079 quivis
1636 2037 1762 2081 sapiens
1786 2040 1959 2081 sapientior
1982 2043 2074 2077 fieret
2096 2060 2119 2075 .-

1126 2083 1229 2128 Qtod
1253 2084 1396 2118 multum
1418 2084 1591 2120 pontificis
1614 2088 1776 2130 proposito
1812 2089 1847 2123 ὃς
1877 2090 2034 2125 desiderio
2058 2094 2105 2128 fa·

1128 2133 1224 2167 vebat
1244 2159 1252 2166 .
1279 2134 1369 2168 Cum
1392 2134 1482 2168 enim
1505 2147 1631 2170 vacaret
1656 2160 1667 2176 ,
1694 2150 1762 2172 non
1786 2140 1955 2175 modicum
1977 2154 2019 2176 ex
2051 2141 2103 2177 his

1124 2183 1280 2226 sapientia
1314 2184 1348 2218 δε
1373 2185 1508 2220 scientia
1538 2187 1727 2230 proficiebat
1756 2189 1790 2222 in
1815 2190 1884 2224 dies
1901 2215 1908 2222 .
1946 2192 2102 2240 Quorum

1124 2232 1339 2268 Eruditorum
1388 2235 1591 2280 catalogum
1612 2261 1623 2277 ,
1668 2238 1800 2273 favente
1830 2241 1983 2276 Domino
2015 2242 2103 2280 circa

1124 2283 1275 2318 ultimam
1297 2285 1398 2321 totius
1424 2285 1581 2321 Historiae
1607 2286 1704 2331 hujus
1726 2289 1851 2325 calcem
1873 2292 2036 2333 seriatim,
2065 2295 2100 2330 δε
2127 2296 2129 2298 ’

1123 2333 1326 2378 singulorum
1359 2346 1399 2370 ex
1423 2335 1540 2371 ordine
1563 2337 1718 2382 ponendo
1736 2342 1874 2376 uomina
1897 2368 1907 2385 ‚
1933 2342 2102 2377 ordinabi-

1123 2395 1215 2419 mur.

1347 2485 1380 2522 c
1430 2485 1464 2521 A
1513 2486 1541 2520 1>
1595 2489 1636 2525 U
1687 2490 1725 2523 T
1798 2490 1831 2524 x
1850 2476 1882 2525 f:

1321 2588 1434 2631 ,Qualis
1448 2587 1549 2630 fuerit
1572 2594 1605 2621 in
1643 2591 1742 2632 Officio
1764 2592 1900 2624 Altaria.

1241 2685 1366 2720 oRA
1410 2687 1511 2731 igitur
1545 2687 1611 2722 diei
1641 2688 1706 2731 jam
1738 2690 1834 2725 tertia
1871 2690 2099 2736 egrediebatur

1192 2771 1196 2775 .
1255 2735 1414 2770 Pontifex
1446 2737 1488 2771 de
1511 2737 1661 2771 conclavi
1690 2741 1748 2774 suo
1770 2765 1780 2781 ,
1808 2742 2007 2776 Sacerdotali
2040 2744 2099 2777 mi-

1259 2785 1391 2820 nisterio
1420 2786 1515 2821 Sacra
1538 2788 1684 2823 Caelestia
1709 2793 1954 2825 consecraturus
1974 2816 1981 2823 .
2017 2793 2097 2827 Illos

1122 2834 1200 2869 vero
1226 2847 1314 2869 nunc
1336 2839 1515 2879 pertranseo
1536 2838 1605 2872 dies
1624 2864 1634 2879 ,
1663 2840 1782 2884 quibus
1810 2842 1876 2885 ipse
1908 2842 2012 2876 solum
2048 2843 2098 2876 in-

1121 2895 1236 2919 tererat
1258 2911 1264 2918 .
1305 2886 1385 2920 Non
1410 2888 1499 2922 enim
1521 2889 1719 2924 conficiebat
1746 2890 1811 2925 hoc
1845 2891 1960 2927 diebus
1988 2893 2094 2937 singu·

1123 2935 1162 2970 lis
1186 2948 1192 2968 :
1231 2936 1333 2985 Qod
1356 2961 1367 2978 ‚
1396 2948 1432 2973 ut
1454 2938 1589 2982 ipsemet
1608 2940 1828 2976 confitebatur
1848 2967 1858 2983 ,
1892 2953 1962 2976 non
1987 2943 2092 2986 negli-

1121 2987 1234 3030 gentia
1257 3010 1267 3026 ,
1294 2987 1346 3020 sed
1366 2990 1542 3023 reverentia
1563 2991 1702 3024 faciebat
1727 3015 1733 3022 .
1768 2992 1811 3026 Et
1834 2992 1910 3036 quia
1931 2993 2015 3027 inter
2037 2993 2093 3027 bo-

1121 3047 1180 3069 nos
1215 3036 1400 3071 Sacerdotes
1437 3039 1469 3072 &
1505 3040 1629 3080 sandios
1659 3041 1693 3074 in
1717 3040 1782 3076 hoc
1810 3041 2013 3077 observantia
2039 3054 2093 3076 va·

1121 3086 1180 3118 riat
1204 3110 1211 3117 .
1250 3086 1396 3133 Qidam
1424 3089 1513 3122 enim
1534 3090 1668 3133 singulis
1687 3116 1698 3132 ,
1725 3092 1781 3126 alii
1812 3093 1889 3126 vero
1912 3094 2007 3126 certis
2027 3093 2094 3130 die·

1120 3135 1177 3169 bus
1200 3136 1400 3172 conficiunt.
1430 3138 1467 3172 In
1490 3140 1740 3175 conficientibus
1760 3143 1893 3186 quidem
1907 3142 2013 3177 videre
2032 3142 2092 3175 mi·

1120 3184 1152 3218 hi
1175 3186 1288 3221 videor
1306 3188 1428 3232 grande
1438 3191 1694 3225 conversationis
1717 3193 1828 3226 sanssae
1849 3202 2092 3237 argumentum,

1119 3237 1153 3268 in
1191 3236 1263 3271 aliis
1295 3238 1369 3271 vero
1390 3241 1575 3273 reverentiae
1607 3242 1642 3275 ὃς
1673 3241 1868 3276 humilimus
1897 3241 2055 3275 indicium
2078 3266 2087 3273 .

1123 3287 1246 3330 Scripta
1271 3287 1347 3321 vero
1372 3288 1541 3323 Canonica
1563 3316 1574 3331 ‚
1602 3292 1678 3324 ficut
1698 3303 1758 3327 nec
1779 3292 1889 3333 jubent
1912 3316 1922 3331 ,
1956 3302 2016 3324 nec
2040 3291 2090 3324 in·

1125 3333 1239 3370 hibent
1262 3362 1272 3378 ‚
1301 3347 1359 3369 nec
1384 3338 1567 3373 dissuadent
1593 3352 1649 3375 aut
1672 3342 1804 3375 suadent
1826 3364 1837 3380 ‚
1874 3350 1908 3373 ut
1930 3341 2088 3376 Sacerdos

1119 3387 1266 3428 quotidie
1288 3387 1402 3420 offerat
1426 3413 1436 3427 ,
1465 3391 1516 3423 sed
1540 3390 1604 3425 hoc
1630 3392 1807 3430 testantur,
1834 3390 1921 3434 quod
1945 3403 2009 3424 una
2031 3392 2087 3424 die

1121 3437 1214 3470 semel
1234 3436 1348 3469 offerre
1361 3438 1517 3478 sufficiat,
1544 3439 1819 3483 quemadmodum
1845 3441 1986 3474 &semel
1998 3441 2092 3474 obla-

1120 3496 1170 3520 tus
1192 3486 1236 3521 est
1260 3485 1410 3524 Christus
1431 3514 1438 3523 .
1477 3489 1573 3525 lllum
1597 3489 1672 3525 vero
1706 3489 1799 3526 valde
1828 3490 1955 3525 felicem
1979 3490 2091 3532 praedi·

1953 3552 2052 3581 cant,
