2358 3776
622 132 893 183 RERUM
929 126 1019 174 ET
1054 127 1537 180 V‘ERBORUM„

190 226 227 260 ἀ
248 224 379 265 scribit,
403 222 519 258 deinde
540 221 672 261 mitius,
699 218 870 252 see-xeusat
891 213 976 256 apud
987 215 1065 247 ami-

188 287 246 308 cos
269 275 308 308 D.
336 273 476 307 Thomae
498 297 505 305 .
534 283 586 318 92.
609 283 640 307 2-
668 270 788 303 litteras
818 266 945 307 suscipit
981 264 1067 298 beni-

190 326 275 368 gne,
304 325 355 358 sed
368 322 511 357 occulte.
539 322 612 354 ibid.
639 321 741 354 Filius
752 317 839 359 ejus,
861 315 957 354 Reiz,
983 316 1066 348 celat

184 374 275 408 abea
297 375 385 407 suam
410 382 552 407 mentem
566 395 576 411 ‚
604 371 678 414 quia
691 369 833 402 Matrem
855 376 986 398 noverat
999 366 1067 407 plus

184 424 292 459 favere
309 423 465 458 Libertati
488 420 713 455 Ecclesiastica:
738 442 748 457 ‚
774 426 869 459 quam
894 415 1003 459 Regiae
1016 426 1067 447 vo·

187 474 325 507 luntati.
352 473 422 506 ilud.
445 471 562 506 Scribit
574 471 680 508 Filio,
710 476 744 501 ut
756 465 810 500 sibi
825 475 967 498 mentem
979 465 1066 497 suam

184 523 360 568 fignificet.
386 533 493 568 93.1.
520 520 614 564 Jubet
636 514 885 553 consuetudines
917 514 1068 559 Anglica-

186 585 245 607 nas
257 573 314 607 fibi
328 572 430 606 latine
444 571 588 618 praelegi‚
617 570 650 603 &
675 566 792 613 gallice
812 566 985 608 explicari.
1014 574 1066 611 93.

191 634 218 659 1-
248 622 418 666 Approbat
438 621 576 662 aliquas:
609 616 805 653 nominatim
827 615 915 658 quod
941 615 1069 647 newli-

182 684 256 706 ceat
266 672 552 710 excommunicare
577 667 746 703 Ministros
768 666 890 709 Regis,
917 666 982 698 fine
1006 664 1069 697 Re·

184 723 237 767 gis
248 722 415 757 Licentia.
441 722 514 753 ibid.
545 719 684 753 Excusat
698 715 773 750 vero
797 717 886 748 suum
906 715 1030 749 Filium
1058 738 1068 753 ‚

183 773 331 816 allegans
353 771 462 805 zelum
480 769 631 814 justitias,
658 767 692 799 dc
714 766 873 798 malitiam
899 765 1070 807 Episcopo-

185 833 302 864 porum
317 821 462 866 Angliae.
491 819 564 851 ibid.
593 815 709 850 Scribit
727 815 769 848 D.
785 815 927 848 Thomae
941 839 951 854 ,
978 814 1065 857 quod

184 871 243 905 ribi
265 873 284 906 a.
301 871 388 914 Papa
410 867 587 910 injunfium
611 866 695 899 sitin
718 864 932 898 remiffionem
962 875 1068 906 pecca·

185 931 293 955 torum
318 944 330 960 ,
355 928 468 962 pacem
493 916 703 951 reconciliare
725 915 809 949 inter
831 914 872 947 D.
900 912 1071 950 Thomam

186 970 380 1014 &Re-gem.
411 978 529 1013 203-2-
555 967 594 1002 In
606 965 803 1002 huncfinem
827 964 930 1001 mittit
955 962 1074 998 Archi-

185 1016 375 1054 Diaconum
388 1020 499 1052 fuum.
799 1053 801 1055 r
997 1013 1068 1046 ibid.

136 1069 278 1105 Mariam
301 1068 474 1113 Virginem
497 1066 671 1110 Deiparam
703 1066 784 1100 colit
805 1066 848 1099 D.
883 1062 1035 1097 Thomas
1062 1086 1073 1102 ,

184 1122 218 1158 ὃς
239 1120 320 1163 apia
343 1120 450 1152 Matre
472 1118 526 1151 sua
547 1117 643 1150 discit
667 1140 678 1156 ‚
706 1116 749 1149 ab
783 1117 918 1149 ineunte
941 1125 1034 1147 aetate
1061 1136 1072 1151 ‚

186 1166 280 1203 ssiam
302 1167 456 1204 fiduciam
477 1167 639 1202 collocare
662 1166 696 1200 in
734 1166 857 1211 ipsam,
882 1164 953 1210 post
977 1162 1071 1197 Chri-

188 1220 272 1254 ssum
287 1245 295 1252 .
991 1222 1022 1248 2·
1041 1223 1069 1247 1-

136 1270 245 1304 Maria
258 1269 462 1313 AEgyptiaca
475 1269 507 1302 &
530 1266 730 1311 Magdalena
743 1290 752 1304 ,
780 1266 852 1298 sunt
878 1264 983 1297 Beatae
1002 1273 1069 1316 pec·

185 1320 322 1354 catrices
336 1343 348 1358 ,
374 1330 445 1359 qua>
462 1317 576 1350 deletis
599 1327 654 1356 per
677 1314 900 1354 poenitentiam
919 1336 930 1352 ‚
972 1322 1072 1345 totius

185 1368 349 1403 anteactae
362 1363 599 1403 vitaemaculis,
626 1361 797 1396 Coronam
820 1361 929 1407 gloriae
951 1371 1074 1403 recepe-

185 1428 263 1451 runt
275 1442 282 1449 .
947 1420 1027 1456 357-
1045 1424 1072 1445 t-

133 1468 164 1503 δ.
193 1466 333 1503 Martini
348 1464 500 1509 Episcopi
515 1463 715 1497 Turonensis
729 1463 863 1509 laus-69.
877 1471 907 1496 2¹.
925 1459 1005 1494 Non
1021 1471 1074 1494 au·

186 1518 252 1550 lam
266 1513 520 1559 frequentat,sed
541 1513 726 1547 Ecclesiam.
739 1513 896 1547 Caesarem
908 1509 1075 1555 arguebat,

109 1603 113 1605 ἢ
186 1565 415 1611 &¹Episcopos
438 1565 608 1599 adulantes
628 1563 766 1602 Caesari,
802 1562 968 1595 audaster.
1003 1560 1072 1593 ibid.

138 1616 270 1658 Martyr
282 1614 328 1650 est
350 1617 438 1648 testis
462 1613 616 1657 justitiae,
643 1611 772 1646 assertor
796 1612 894 1645 causae
918 1610 1038 1644 Christi
1067 1633 1073 1641 .

193 1676 268 1711 155.
288 1676 315 1699 1.
344 1665 526 1707 Martyrem
538 1663 743 1697 facitcausa.
772 1661 1074 1707 46.2.Martyrum

191 1714 322 1759 sanguis
333 1715 452 1749 clamat
464 1714 639 1748 vinditlam
652 1713 690 1746 ad
704 1712 839 1746 coelum.
949 1710 1074 1756 3614..

134 1765 302 1808 Martyrio
326 1776 418 1808 aptus
433 1766 477 1798 est
493 1790 502 1805 ,
529 1765 675 1806 quisquis
688 1762 837 1804 vultpati
857 1772 915 1804 pro
929 1761 992 1793 fide
1006 1783 1016 1799 ‚
1043 1760 1075 1793 ὅτ.

128 1833 130 1836 -
184 1813 337 1858 operibus
352 1815 443 1848 fidei.
477 1824 552 1858 155.
570 1823 598 1847 1.
623 1813 783 1845 Parvulus
795 1811 831 1842 fit
853 1822 893 1844 an
906 1811 1034 1843 adultus
1062 1834 1072 1849 ‚

185 1865 311 1909 Judaeus
334 1876 375 1898 an
402 1864 557 1909 gentilis,
588 1860 796 1895 Christianus
819 1871 861 1894 an
898 1859 1038 1894 infidelis
1064 1885 1076 1899 ,

188 1915 235 1948 vir
245 1927 285 1948 an
299 1915 414 1948 mulier
427 1939 438 1954 ‚
465 1925 534 1946 non
547 1913 641 1945 refert
656 1937 663 1945 .
999 1910 1069 1943 ibid.

1876 151 1980 195 -401

1126 230 1129 235 ·
1159 211 1365 246 ÷s1bidiaum
1381 212 1545 245 intellexit
1557 238 1565 244 .
1984 216 2057 251 ibid·

1131 262 1406 304 Metropolitanus
1416 264 1432 295 ὲ
1445 262 1508 295 suis
1520 262 1728 305 suffraganeis
1750 265 1886 309 judicari
1905 278 1975 301 non
1998 279 2054 310 po-

1179 312 1235 346 test
1252 337 1258 344 .
1941 327 2015 364 139.
2030 322 2058 353 [ς

1130 362 1244 396 Minor
1256 360 1344 405 quod
1358 361 1520 404 Maiorem
1535 361 1676 404 judicare
1689 372 1755 394 non
1769 366 1859 404 poffit
1870 392 1881 407 ,
1906 378 1973 401 tam
1997 368 2056 401 Di-

1180 414 1262 445 vinae
1273 423 1369 455 quam
1383 413 1529 445 humanae
1541 413 1629 456 leges
1641 412 1863 447 demonstrant
1878 441 1885 448 .
1988 427 2055 463 9¹⁴·

1130 461 1290 496 Miracula
1303 464 1371 505 post
1385 473 1522 496 mortem
1534 488 1544 503 ‚
1572 464 1644 495 sunt
1654 472 1738 495 certa
1751 463 1838 504 signa
1865 465 2058 503 sanctitatis.

1180 510 1257 558 368.
1273 525 1302 548 2.
1329 512 1410 546 Sunt
1422 513 1512 555 signa
1527 536 1537 551 ‚
1564 524 1633 554 quae
1646 513 1723 545 facit
1736 512 1850 551 Deus,
1877 523 1912 546 ut
1936 513 2060 556 fignifi-

1181 573 1269 595 cetur
1278 561 1432 595 omnibus
1444 586 1454 601 ‚
1483 562 1571 604 quod
1586 563 1708 596 sanetis
1721 563 1754 596 ln
1778 573 1895 595 aeterna
1919 562 2061 596 Beatitu-

1180 612 1257 645 dine
1269 612 1465 654 perceperint
1479 612 1698 654 triumphurn.
1828 611 1880 647 61.
1894 620 1911 644 ι.
1940 621 2017 658 370.
2030 622 2062 644 2.

1133 662 1242 694 Miseri
1256 673 1321 695 non
1336 663 1407 695 sunt
1418 687 1429 702 ‚
1455 662 1508 695 sed
1521 660 1611 695 Beati
1626 686 1636 702 ‚
1663 663 1718 705 qui
1744 662 1912 705 patiuntur
1933 671 2064 704 propter

1180 711 1346 753 justitiam.
1948 709 2063 757 2842.

1132 760 1355 795 Misericordia
1369 761 1402 794 in
1417 772 1566 805 pauperes
1577 762 1609 795 ἀ
1620 761 1756 796 afflictos
1767 763 1831 803 ,est
1845 761 1949 797 hostia
1959 786 1970 802 ,
1998 773 2063 804 qua.

1182 822 1378 854 promeretur
1391 813 1480 845 Deus
1498 837 1504 843 .
1964 819 2016 858 95.
2034 821 2062 846 1.

1133 862 1229 894 Milsa
1242 864 1285 895 est
1301 861 1487 896 Celebratio
1498 863 1531 898 ὃ(
1544 862 1755 896 Consecratio
1766 863 1921 907 Corporis
1934 864 1967 896 &
1990 864 2065 896 San-

1183 911 1269 955 ginis
1288 912 1447 945 Domini.
1961 922 2019 958 77.
2032 921 2064 945 2.

1132 961 1230 994 Missa
1242 960 1562 997 Cathecumenorum
1572 962 1672 996 .Illius
1685 972 1830 1007 tempore
1842 987 1853 1000 ,
1880 964 1923 996 D.
1939 963 2008 996 Th.
2024 963 2064 997 ne

1182 1011 1431 1052 distraheretur,
1457 1013 1584 1056 legebat
1609 1013 1778 1054 libellum,
1803 1014 1856 1047 etfi
1879 1012 2065 1054 celebraret,

1184 1062 1312 1095 interim
1333 1074 1407 1095 cum
1430 1073 1611 1096 cantaretur
1632 1063 1961 1106 quidquamachoro.
1988 1060 2017 1099 8.
2037 1072 2068 1097 1.

1132 1112 1264 1145 Miffam
1276 1111 1415 1145 celebrat
1428 1112 1462 1146 in
1475 1111 1634 1150 honorem
1648 1114 1804 1157 Stephani
1820 1114 2065 1155 From-Marty-

1183 1162 1246 1202 ris,
1259 1173 1372 1195 contra
1388 1163 1602 1206 persecutores
1617 1167 1703 1197 (uos.
1732 1161 1773 1200 18.
1793 1175 1820 1198 1.
1847 1164 2067 1199 celebrateam

1183 1223 1257 1244 cum
1273 1211 1380 1245 Pallio
1395 1237 1404 1251 ,
1433 1224 1542 1255 praeter
1553 1219 1705 1254 morem',
1731 1226 1805 1247 cum
1828 1217 1903 1248 eslet
1927 1214 1995 1247 dies
2016 1213 2068 1245 fe-

1183 1262 1288 1294 rialis.
1316 1262 1387 1293 ibid.
1408 1262 1603 1296 Celebrabat
1629 1276 1737 1298 autem
1761 1265 1947 1297 festinanter
1985 1265 2013 1300 8·
2032 1273 2064 1297 2·

1184 1310 1306 1343 Partim
1323 1310 1363 1342 ne
1374 1310 1604 1343 distraheretur
1617 1325 1627 1343 .·
1654 1313 1770 1353 partim
1783 1323 1817 1344 ut
1840 1314 2019 1344 oblervaret
2033 1311 2068 1342 il-

1185 1359 1241 1392 lud
1252 1358 1349 1403 legis:
1379 1360 1544 1392 Comedem
1554 1359 1735 1400 festinanter
1749 1373 1755 1391 :
1770 1361 1807 1400 est
1817 1372 1897 1392 emm
1906 1359 2001 1402 phase
2011 1385 2021 1400 ,
2034 1360 2073 1392 id

1184 1408 1220 1446 est
1231 1407 1371 1446 transitus
1392 1412 1531 1441 Domini.
1560 1410 1630 1441 ibid.
1661 1411 1698 1443 In
1722 1410 1819 1442 Missa
1847 1412 1969 1443 solebat
1995 1410 2072 1453 Ep't·

1186 1459 1299 1501 scopus
1311 1458 1396 1501 Regi
1407 1459 1522 1492 offerre
1535 1460 1621 1502 pacis
1632 1461 1780 1493 osculum
1794 1485 1799 1491 .
1830 1460 1915 1493 Pace
1936 1471 2073 1503 compo-

1184 1507 1240 1541 fita
1251 1532 1262 1547 ‚
1290 1507 1330 1540 ηὲ
1343 1509 1405 1541 hoc
1418 1510 1506 1541 fieret
1519 1533 1529 1548 ‚
1558 1509 1629 1542 Rex
1642 1510 1771 1553 Angliae
1786 1511 1970 1551 Henricus,
1992 1511 2071 1554 quia.

1186 1558 1344 1600 juraverat
1362 1559 1391 1591 se
1405 1569 1570 1599 nunquam
1583 1558 1627 1591 D.
1642 1558 1785 1592 Thomae
1803 1560 1953 1593 daturum
1977 1563 2070 1594 oscu-

1186 1610 1252 1641 lum
1267 1630 1277 1646 ‚
1302 1619 1390 1641 curat
1401 1608 1533 1641 Missam
1546 1608 1698 1641 celebrari
1714 1620 1770 1650 pro
1780 1608 1945 1644 defunctis
1972 1613 2025 1656 33.
2039 1620 2070 1647 1.

1136 1658 1333 1702 Moguntini
1349 1658 1503 1694 Elestoris
1516 1658 1550 1691 in
1565 1657 1683 1701 Papam
1693 1659 1831 1694 fidelitas
1842 1685 1853 1701 ,
1882 1661 1968 1695 zelus
1990 1672 2071 1695 con-

1186 1721 1233 1742 tra
1247 1707 1482 1750 schismaticos.
1980 1723 2022 1758 9¹·
2038 1724 2071 1748 2-

1088 1732 1092 1795 ,ι
1135 1757 1380 1792 Monachorum
1395 1758 1480 1790 facer
1492 1757 1685 1792 Conventus
1697 1758 1780 1802 regit
1792 1760 1970 1795 Ecclesiam
1985 1762 2072 1796 Carr-

1185 1807 1393 1842 tuariensem.
1421 1816 1453 1852 4.
1471 1817 1498 1840 2-
1528 1807 1722 1842 Conventus
1743 1810 1799 1842 ille
1823 1810 1918 1844 habet
1956 1823 2070 1848 votum

1185 1858 1330 1903 eligendi
1351 1856 1549 1900 Episcopum
1571 1881 1583 1902 2
1621 1859 1683 1893 una
1703 1869 1779 1895 cum
1802 1859 2068 1898 provincialibus

1188 1909 1372 1953 Episcopis.
1991 1924 2020 1960 ς.
2041 1926 2067 1951 1.

135 1965 320 1999 Mauricius
330 1963 506 1998 parisiensis
524 1961 702 2004 Episcopus
728 1961 798 2004 pius
821 1960 856 1995 in
872 1961 1000 1994 causam
1027 1960 1071 1993 D.
1136 1959 1322 1994 Monachus
1333 1959 1467 2003 quidam
1483 1964 1577 1998 refert
1594 1964 1635 1998 D.
1647 1963 1790 2001 Tbomae
1803 1992 1812 2007 ‚
1839 1968 1873 2000 se
1895 1966 1927 1999 in
1943 1967 2068 1999 vilione

184 2014 346 2048 Thomoe.
383 2021 464 2060 259.
487 2022 520 2047 ι.
544 2011 621 2054 Ejus
644 2010 839 2045 Reverentia
863 2022 938 2055 erga
959 2010 1072 2044 Sedern

184 2063 413 2107 Apostolicam
430 2088 435 2093 .
462 2062 582 2095 Scribit
594 2061 634 2094 ad
647 2060 768 2104 Papam
790 2061 882 2093 flexis
897 2060 1034 2104 genibus
1062 2084 1069 2092 .

184 2113 258 2147 ibid.
278 2111 339 2156 sbq.
369 2112 488 2147 Scribit
502 2113 618 2145 iterum
629 2122 686 2153 pro
697 2111 887 2144 innocentia
911 2111 953 2147 D.
976 2109 1074 2143 Tho-

184 2174 265 2198 mae:
291 2173 389 2205 quern
402 2172 498 2195 vocat
513 2162 739 2195 Confessorem
752 2160 893 2194 veritatis
908 2184 918 2199 ,
946 2160 1074 2193 virtutis

192 2212 375 2255 exemplar.
406 2209 495 2256 289.
517 2223 544 2248 1·
573 2212 683 2258 Qem
722 2210 846 2244 constat
885 2221 943 2253 pro
983 2210 1072 2253 Justi-

188 2264 235 2296 tia
259 2285 270 2301 ‚
305 2273 363 2305 pro
397 2260 563 2295 Libertate
586 2260 733 2294 Eccleliae
753 2285 763 2301 ,
798 2271 855 2303 pro
886 2261 1072 2294 tuendisSe-

186 2313 239 2345 dis
260 2311 458 2356 Apostolicae
481 2310 689 2355 Privilegiis,
724 2310 863 2344 exilium
887 2309 1037 2343 sustinere
1063 2334 1070 2341 .

182 2363 255 2395 ibid.
271 2374 302 2398 2.
331 2362 443 2406 Rogat
456 2371 491 2394 ut
517 2361 814 2404 Archi-Episcopus
832 2359 1071 2395 Londonienfis

181 2412 338 2455 puniatur
348 2436 360 2451 ,
385 2413 418 2446 &
430 2410 584 2445 allidatur
594 2436 602 2450 ,
617 2421 869 2453 conteraturque
882 2408 922 2443 ad
934 2409 1071 2450 Aposto-

182 2462 281 2494 licam
295 2461 422 2494 Petram
435 2484 442 2492 .
470 2460 631 2503 Alioquin
651 2460 832 2493 timendum
854 2461 937 2497 effe,
965 2469 1008 2491 ne
1026 2458 1069 2499 li,

183 2508 273 2553 quod
284 2509 384 2549 absit,
409 2520 538 2543 tanturn
552 2510 651 2543 scelus
679 2519 807 2543 maneat
832 2508 1032 2551 impunitum
1058 2530 1068 2546 ,

182 2559 325 2593 citius&
342 2558 581 2601 Anglicanae&
602 2559 779 2593 Gallicanae
801 2559 947 2592 Ecclefiae
970 2559 1071 2600 perni-

185 2610 270 2642 ciem
285 2632 294 2647 ‚
318 2609 349 2641 ἃ
366 2607 551 2651 Religionis
564 2607 689 2640 ruinam
703 2619 867 2650 operetur.
896 2608 967 2639 ibid.
996 2608 1071 2650 Ejus

186 2659 349 2692 investiva
386 2668 500 2690 contra
527 2657 656 2701 Regem
685 2658 833 2698 Angliae.
865 2658 1000 2702 Rogant
1036 2669 1071 2691 ut

185 2708 274 2741 hunc
287 2707 372 2750 Papa
394 2707 478 2740 feriri
505 2708 584 2740 linat
600 2718 653 2750 per
675 2707 717 2740 D.
738 2706 930 2740 Thornarn.
968 2708 1070 2754 Qod

186 2757 244 2791 nifi
258 2757 333 2798 fiat,
364 2759 454 2801 luget
468 2756 643 2790 Ecclesiam
657 2757 864 2789 Gallicanam
879 2757 1072 2791 scandaliza-

185 2809 215 2841 ri
236 2832 243 2840 .
274 2817 337 2855 313.
352 2818 385 2843 2.
421 2810 544 2839 Summa·
565 2806 700 2847 defideru'
721 2806 807 2846 nostri
828 2807 865 2846 est
888 2831 898 2846 ,
926 2807 1032 2849 inquit
1060 2831 1070 2847 ,

187 2860 322 2890 &totius
346 2857 477 2897 Ecclefiae
490 2857 675 2896 Gallicanae‚
701 2865 734 2888 ut
746 2866 864 2889 tantum
881 2856 1069 2898 scandum,

185 2910 269 2939 celeri
277 2905 494 2949 subventione,
520 2909 557 2938 de
580 2908 673 2940 medio
697 2908 804 2938 tollatis
818 2931 827 2946 ‚
854 2908 886 2939 (θ’
903 2907 1070 2948 praefatum

186 2960 293 2999 Regem
306 2956 371 2995 his,
398 2967 464 2997 quae
477 2956 641 2996 Christiano
666 2960 741 3000 Regi
763 2966 948 2998 competunt,
972 2955 1069 2997 facia-

187 3012 227 3038 tis
238 3006 290 3047 effe
305 3015 468 3038 contentum
479 3017 489 3036 ⁸.
515 3008 547 3038 (5
557 3009 628 3049 Regi
638 3010 749 3049 Regum
756 3005 811 3048 sua
830 3008 995 3051 privilegia
1005 3008 1068 3040 illt-
1080 3025 1084 3058 Ι

947 3068 1023 3103 314-
1042 3061 1083 3091 1-‘

181 3057 255 3088 bata
269 3055 430 3096 relinquere
443 3081 450 3087 .

129 3106 325 3143 Membrum
345 3106 434 3149 quod
453 3106 554 3138 sanari
579 3116 647 3139 non
672 3106 793 3150 potest,
822 3106 866 3140 est
881 3107 1066 3141 abscinden-

82 3154 86 3156 ”
182 3157 262 3190 dum
279 3180 285 3187 .
946 3154 1023 3193 288.
1038 3166 1066 3190 2.

133 3207 321 3241 Memorare
340 3204 596 3243 uoviffimatua,
616 3206 650 3239 δε
672 3206 706 3240 in
727 3218 879 3241 aeternum
904 3219 971 3240 non
998 3218 1066 3250 pec-

184 3254 292 3289 cabis.
949 3267 1022 3292 100.
1039 3268 1065 3292 1·

131 3305 254 3341 Mensae
279 3314 425 3348 tempore
450 3305 491 3338 D.
504 3304 657 3339 Thomas
684 3306 813 3341 curabat
853 3306 936 3350 legi.
964 3307 1066 3351 842.

186 3353 296 3389 Pridie
344 3366 420 3388 cum
453 3355 538 3399 fugit
575 3378 586 3394 ‚
633 3357 714 3389 reste
746 3355 908 3401 legebatur
929 3354 968 3388 de
991 3354 1066 3400 fuga

185 3403 437 3447 LiberiiPapae·‚
465 3405 543 3438 item
560 3404 638 3438 illud
652 3429 659 3435 .
687 3409 823 3439 Cumvos
841 3404 982 3449 persecuti
997 3405 1065 3447 fue-

181 3454 247 3490 rim
261 3454 357 3493 inilia
381 3461 524 3493 ct'vitaee,
551 3454 647 3497 fugite
669 3461 701 3488 in
714 3456 809 3493 aliam
823 3480 830 3489 .
857 3458 961 3504 Qod
982 3456 1066 3499 quasi

234 3503 345 3545 christ.
359 3507 438 3548 Lupi
450 3509 548 3547 Opera
560 3507 681 3539 Tom.X‚

1186 2011 1337 2053 accepisic
1349 2014 1366 2044 a
1379 2012 1531 2047 Domino
1547 2028 1557 2047 .-
1584 2015 1603 2047 fi
1615 2015 1768 2051 Thomas
1792 2016 1998 2049 Monachum
2024 2027 2071 2048 in·

1184 2061 1296 2094 dueret
1309 2085 1320 2100 ,
1345 2063 1432 2104 quod
1447 2064 1632 2098 Dominum
1649 2067 1680 2098 in
1695 2069 1836 2111 negotiis
1849 2069 2024 2109 propirium
2035 2066 2069 2100 &

1183 2110 1407 2153 coadjutorem
1434 2125 1622 2148 mereretur.
1661 2117 1690 2151 6.
1708 2129 1735 2153 2.
1776 2118 1928 2150 Thomas
1950 2117 2028 2149 vero
2056 2139 2069 2156 ,

1183 2161 1259 2204 quia
1273 2174 1338 2194 non
1353 2164 1452 2196 fuerat
1475 2164 1664 2199 Monachus
1687 2178 1761 2199 ante
1786 2168 2021 2209 Episcopatum
2053 2189 2066 2205 ,

1185 2212 1348 2244 existimat
1362 2212 1437 2246 ideo
1450 2213 1479 2247 se
1493 2216 1615 2257 passum
1628 2217 1837 2251 difficultates
1852 2217 1922 2249 illas
1934 2226 2048 2250 omnes
2059 2240 2067 2248 .

1183 2259 1354 2293 Didicerat
1365 2263 1454 2295 enim
1469 2288 1480 2303 ,
1507 2265 1620 2305 quoda
1634 2269 1735 2308 prima
1748 2268 1942 2301 fundatione
1961 2290 1971 2304 ,
1997 2276 2069 2298 om-

1185 2319 1241 2341 nes
1250 2308 1315 2342 fere
1326 2309 1480 2353 Episcopi
1496 2314 1624 2347 fuiflent
1637 2316 1799 2348 Monachi
1811 2341 1821 2355 ‚
1851 2327 1909 2348 nec
1922 2326 2069 2358 unquam

1184 2359 1333 2391 accidiffe
1368 2360 1512 2394 scissuras
1535 2363 1566 2394 in
1594 2363 1712 2405 Regno
1741 2365 1889 2406 Angliae,
1913 2364 1969 2397 nisi
1991 2376 2069 2399 curn

1185 2409 1317 2449 praeesset
1329 2410 1444 2452 aliquis
1458 2410 1635 2451 Episcopus
1657 2423 1723 2443 non
1737 2411 1922 2445 Monachus
1937 2439 1944 2444 .
1975 2413 2067 2450 282.

1183 2456 1340 2498 Ideoque,
1367 2460 1446 2491 dum
1470 2469 1536 2492 erat
1563 2459 1740 2502 Episcopus
1759 2486 1768 2499 ,
1796 2463 1948 2495 instanter
1973 2464 2066 2505 periit

1183 2508 1244 2540 effe
1256 2508 1457 2540 Monachus.
1482 2509 1523 2541 Et
1545 2509 1989 2556 obtinuithabitumapapa.
2022 2514 2066 2547 Et

1183 2556 1361 2590 observavit
1383 2558 1482 2590 viram
1497 2582 1504 2589 .
1988 2563 2063 2596 ibid.

1134 2606 1378 2640 Monachorum
1391 2609 1501 2640 misera
1514 2608 1579 2642 sors
1593 2634 1601 2641 .
1630 2609 1737 2653 Culpa
1751 2612 1847 2645 unius
1859 2612 1937 2645 solet
1960 2611 2066 2654 impu-

1183 2660 1239 2689 tari
1254 2657 1316 2689 toti
1329 2657 1517 2690 Conventui
1532 2683 1539 2690 .
1570 2663 1642 2692 Non
1663 2667 1740 2693 enim
1766 2664 1864 2694 dicunt
1883 2662 2064 2701 infidiatores

1183 2705 1367 2747 hocfecitille
1382 2709 1432 2740 vel
1442 2708 1492 2740 ille
1505 2721 1515 2740 .-
1538 2707 1596 2752 [σά
1606 2733 1617 2749 ,
1645 2710 1695 2743 boc
1711 2711 1833 2752 faciunt
1859 2717 2064 2747 cantuarien-

1178 2754 1226 2798 ses
1242 2781 1252 2797 ,
1277 2758 1329 2789 vel
1340 2757 1501 2790 Monachus
1511 2782 1519 2790 .
1944 2775 2020 2800 202·
2036 2774 2062 2798 1.

1133 2805 1227 2839 Mora
1237 2806 1334 2840 trahit
1347 2808 1386 2840 ad
1401 2809 1431 2840 se
1450 2808 1630 2851 periculum
1641 2834 1648 2842 .
1949 2818 2063 2861 1382.

1132 2856 1223 2889 Mors
1238 2858 1279 2890 D.
1296 2856 1440 2891 Thomas
1455 2858 1530 2901 saepe
1542 2860 1602 2893 fuit
1615 2861 1774 2895 intentata
1789 2886 1796 2894 .
1949 2875 2060 2911 135.1.

1132 2906 1426 2940 Morteinalterius
1439 2909 1591 2950 spestuto
1607 2913 1683 2952 poni
1697 2913 1826 2955 nequit.
1853 2912 1963 2948 126.1.
1993 2915 2065 2955 Pre-

1182 2957 1288 2990 sertim
1303 2958 1512 2999 innocentis,
1536 2959 1627 3002 cujus
1649 2959 1734 2993 diem
1750 2962 1920 3004 praevenire
1945 2974 2023 2996 voto
2051 2988 2062 3003 ,

1178 3007 1222 3039 est
1239 3008 1356 3049 species
1373 3007 1561 3042 homicidii.
1593 3008 1732 3052 ibtdseq.
1760 3011 1879 3055 Mortis
1896 3014 1926 3043 in
1944 3013 2064 3055 pericu-

1180 3056 1213 3089 lo
1228 3057 1508 3100 absolvipoterant
1535 3060 1826 3095 Excommunicati
1856 3062 2003 3105 Episcopi
2028 3064 2063 3096 δε

1176 3107 1251 3140 alii:
1277 3108 1317 3140 de
1331 3108 1484 3140 consensu
1499 3108 1590 3149 Papae
1609 3133 1615 3140 .
1646 3110 1697 3142 llli
1719 3111 1938 3144 existimantes
1951 3135 1960 3150 ‚
1973 3111 2062 3154 quod

1178 3158 1397 3190 transfretatio
1408 3157 1481 3190 esset
1496 3157 1655 3192 sufficiens
1669 3161 1784 3195 mortis
1797 3161 1970 3203 periculum
1984 3187 1991 3197 ,
2020 3161 2064 3194 ad·

1177 3206 1385 3250 gaudendum
1423 3205 1581 3240 beneficio
1617 3209 1830 3244 absolutionis
1846 3234 1855 3247 ,
1881 3213 2062 3245 transfreta-

1178 3267 1252 3290 runt
1263 3257 1302 3290 de
1315 3254 1473 3290 Mandato
1488 3256 1587 3301 Regis
1598 3272 1609 3292 .·
1635 3260 1668 3293 δε
1682 3270 1724 3293 ita
1737 3260 1873 3293 absoluti
1887 3262 1958 3292 l'unt
1972 3286 1980 3299 ‚
2009 3263 2060 3296 led

1179 3306 1338 3340 invalide.
1939 3316 2012 3358 236>
2029 3325 2061 3348 z,

1130 3356 1293 3390 Mortis&
1307 3356 1473 3398 sepultura:
1499 3369 1706 3399 contemptus
1728 3360 1887 3404 gloriosus
1908 3360 1952 3394 est
1966 3385 1977 3401 ‚
2004 3363 2060 3399 nni

1179 3408 1214 3439 fit
1228 3418 1284 3448 pro
1299 3406 1446 3440 libertate
1463 3408 1695 3442 Ecclefiastica.

1129 3455 1295 3491 Morimur
1330 3457 1489 3492 continue
1526 3483 1533 3489 .
1573 3457 1688 3493 Vitam
1729 3460 1840 3502 jactare
1885 3463 2024 3497 futuram
2046 3484 2057 3500 ‚

1614 3507 1664 3542 Ll
1718 3519 1733 3552 3
1942 3521 2010 3544 non

1947 3421 2054 3454 2141,
2102 3418 2122 3426 ³*
