2358 3776
405 105 501 157 1325

470 226 769 262 Enisa-o
800 226 831 264 L
859 224 891 259 A
942 210 1102 261 c'xxw.

314 328 432 366 rhomae
457 327 667 370 canluartenfi
688 326 801 359 Archi·
819 323 963 367 Episcopo
997 325 1152 361 ailbertus
1180 332 1260 363 Lon·
1289 326 1292 329 ”

595 376 739 419 donienfir
767 373 939 422 Episcopus
950 399 959 407 .

311 505 313 507 .
374 475 702 515 EVERITATEM
728 475 865 511 vestram
885 498 896 515 ‚
922 474 1020 510 Pater
1041 501 1053 518 ,
1088 478 1256 513 Dominus

395 527 631 564 saresberiensis
642 550 654 567 ,
679 527 712 561 δε
726 538 791 572 ego
804 550 816 567 ,
841 525 963 568 aliique
975 527 1087 561 fratres
1100 528 1200 562 nostri
1213 540 1254 563 ex

309 581 471 615 retroactis
482 580 516 618 ὃς
529 577 653 622 agnitis
664 588 733 611 non
747 574 914 611 immerito
936 577 1110 619 suspestam
1134 575 1266 614 haben?

304 639 379 670 aes,
405 629 632 672 pertimuimus
644 628 728 661 nein
742 626 928 660 Dominum
947 626 1094 662 nostrum
1120 627 1250 675 Regem

309 679 464 723 Augffle,
490 678 590 713 autin
605 677 761 722 Regnum
772 676 861 719 ejus,
888 676 942 710 vel
964 677 1000 711 in
1026 686 1090 712 nos
1109 678 1250 714 Cantua·

308 730 418 766 rienfis
436 729 583 770 Ecclefiae
604 728 819 772 suffraganeos
845 726 1046 771 Episcopus,
1071 739 1128 763 aut
1149 741 1249 763 com·-

307 780 414 814 missas
427 778 523 814 nobis
537 779 693 813 Ecclesias
704 776 935 812 maledicti-aut
947 777 1111 817 interdicti
1125 780 1247 814 senten·

306 829 386 866 tiam
399 828 563 866 ferendam
573 829 635 863 esse
646 827 882 868 decerneretis,
904 828 941 862 ἀ
954 839 1014 862 nos
1036 827 1224 863 indefensos
1243 852 1253 867 ‚

304 879 370 923 juri
394 889 502 914 tamen
527 881 649 923 semper
671 878 751 910 stare
771 877 1046 921 promptiffimos,
1071 877 1136 921 jam
1157 879 1248 913 distas

305 940 408 973 poenae
420 929 554 965 nexibus
566 926 775 963 involveretis
786 951 794 959 .
821 927 924 974 Qod
942 939 984 963 ne
994 929 1085 963 vobis
1099 929 1244 963 omnino

304 979 387 1014 foret
399 978 554 1020 liberum,
581 979 622 1013 ad
641 976 851 1013 clementiam
872 978 1015 1013 Domini
1039 978 1135 1023 Papae
1155 978 1247 1022 juxta

302 1028 707 1077 Qadragefimaeinitium
718 1027 973 1072 appellavimus,
999 1029 1033 1063 ἃς
1051 1030 1243 1073 appellatio-

301 1081 339 1113 ni
350 1079 438 1113 diem
448 1103 459 1119 ,
484 1080 612 1115 ostavas
624 1078 871 1114 Purificationis
884 1079 992 1112 Beata
999 1079 1113 1112 Maria:
1131 1103 1142 1120 ,
1155 1091 1239 1114 oon-

302 1127 475 1167 stituentes
485 1127 552 1163 hoc
570 1129 664 1163 vobis
683 1129 803 1172 scripto
826 1128 973 1172 praesenti
997 1128 1179 1172 significare
1192 1140 1244 1163 cu-

301 1178 441 1213 ravimus
455 1203 466 1219 ,
492 1189 528 1213 ut
546 1178 571 1213 si
591 1179 672 1224 quid
692 1177 821 1214 habetis
841 1179 876 1211 in
902 1189 962 1213 nos
975 1201 986 1218 ‚
1012 1177 1102 1222 quod
1118 1177 1244 1219 judicio

302 1229 454 1273 prosequi
466 1227 590 1270 libeat,
602 1230 637 1262 in
648 1228 715 1271 ejus
727 1239 806 1262 tunc
817 1229 981 1271 praesentia
992 1252 1003 1268 ,
1027 1227 1158 1270 juvante
1171 1228 1240 1263 Do·

300 1280 421 1319 mino,
446 1278 719 1322 respondeamus,
743 1278 855 1321 &ejus
869 1289 922 1322 per
944 1278 1060 1314 omnia
1082 1279 1244 1313 sententiae

302 1326 473 1366 humiliter
495 1329 529 1365 &
548 1327 751 1364 devotiffime
775 1339 942 1371 pareamus
955 1352 963 1360 .
1003 1327 1142 1363 Avertat
1162 1328 1243 1364 iram

300 1379 392 1413 suam
413 1380 606 1420 Dominus,
630 1389 674 1414 ne
692 1378 783 1427 quod
805 1377 1014 1426 proponitis,
1038 1388 1153 1424 optato
1176 1379 1244 1417 fine

298 1428 524 1468 concludaris

461 1527 873 1567 EPISTOLA
938 1525 1084 1566 CXXV.

325 1633 499 1667 Alexandro
509 1634 606 1677 Papa
620 1631 778 1667 Gubertus
796 1630 1007 1674 Londonienfis
1034 1630 1197 1675 Episcopus
1207 1657 1215 1665 .

298 1803 301 1805 -
363 1777 693 1817 EVERITATEM
706 1803 717 1820 ,
743 1777 894 1814 Domine
906 1802 917 1820 ,
943 1776 1050 1812 Patris
1060 1777 1159 1812 nostri
1171 1778 1241 1812 Do-

386 1832 470 1866 mini
490 1830 731 1864 Cantuariensis
748 1827 1020 1872 Archi-Episcopi
1053 1839 1093 1861 ex
1112 1828 1241 1872 quibus-

299 1883 376 1917 dam
397 1880 516 1915 auditis
536 1879 571 1913 δε
592 1878 713 1925 agnitis
732 1878 815 1913 reste
836 1879 1007 1921 suspectam
1028 1877 1174 1920 habens,
1199 1887 1242 1911 ne

301 1931 458 1966 indebitae
468 1936 573 1973 poenae
585 1928 724 1963 nexibus
740 1940 792 1962 me
813 1929 946 1962 arctaret
971 1929 1005 1962 δε
1027 1927 1172 1970 laqueis,
1198 1927 1240 1962 ad

298 1980 438 2016 vestram
449 1978 534 2014 circa
544 1977 678 2012 initium
701 1976 965 2025 Qadragefimae
985 1977 1145 2020 appellavi
1165 1976 1241 2010 Cle-

297 2031 483 2070 mentiam,
507 2027 760 2073 &appellationi
785 2027 873 2062 diem
899 2051 910 2067 ,
936 2028 1067 2060 octavas
1085 2026 1242 2060 Purifica-

297 2081 402 2117 tionis
414 2079 521 2113 Beatae
531 2078 646 2113 Mariae
656 2077 834 2118 constitui,
855 2086 893 2111 ut
905 2077 986 2111 iram
998 2100 1010 2117 ‚
1036 2087 1101 2120 qua
1121 2086 1175 2109 me
1193 2076 1242 2110 in·

298 2129 381 2175 juste
400 2129 624 2174 persequitur,
661 2128 763 2162 vestra
785 2126 980 2162 declinarem
1005 2126 1205 2170 protectione
1229 2149 1240 2166 ‚

296 2182 332 2216 ἀ
342 2190 444 2216 nexus
454 2204 467 2221 ‚
492 2178 609 2224 quibus
620 2179 819 2213 immeritum
832 2176 965 2221 parabat
979 2176 1145 2210 involvere
1157 2200 1169 2216 ,
1191 2177 1239 2209 us-

298 2242 363 2277 que
373 2230 414 2266 ad
425 2229 512 2265 diem
523 2228 713 2276 cognitioni
725 2228 825 2262 causae
833 2228 867 2260 in
878 2226 1043 2269 praesentia
1053 2225 1152 2259 vesira
1163 2235 1242 2258 con-

298 2281 472 2322 stitutum,
497 2279 628 2323 objectu
640 2278 734 2312 vestri
747 2275 891 2310 nominis
912 2274 1120 2316 aliquatenus
1138 2275 1238 2309 evita-

298 2343 366 2367 rem
378 2357 386 2366 .
416 2329 640 2365 Undedilecze
650 2327 695 2362 mi
707 2327 741 2360 in
751 2325 906 2360 Domino
928 2323 1046 2365 Pater,
1072 2325 1234 2359 sanstitati

298 2380 408 2416 vestrae
418 2389 494 2415 toto
506 2379 677 2424 prostratus
686 2377 799 2420 spiritu
812 2375 958 2419 supplico
975 2399 986 2415 ,
1012 2385 1054 2409 ne
1073 2374 1238 2408 indultum

299 2429 450 2475 oppreffis
461 2427 615 2464 omnibus
626 2438 806 2462 commune
815 2425 995 2460 remedium
1005 2423 1088 2458 mihi
1102 2450 1113 2466 ,
1139 2425 1161 2458 si
1175 2424 1239 2467 pla·

299 2491 373 2521 eet,
399 2477 610 2514 subtrahatis.
638 2478 693 2512 Ne
715 2488 767 2512 me
785 2475 940 2521 tanquam
960 2474 1135 2519 reprobum
1155 2475 1172 2507 a
1186 2486 1240 2508 ve-

300 2531 356 2566 stri
374 2530 579 2574 protestione
599 2527 776 2563 tutaminis
797 2524 975 2569 abjiciatis.
1011 2524 1075 2560 Sed
1095 2525 1176 2558 fasta
1198 2523 1239 2557 ad

302 2593 362 2616 vos
373 2579 760 2625 appellationesuscepta,
786 2577 809 2610 si
829 2587 894 2618 qua
916 2584 1026 2619 praeter
1047 2574 1182 2609 modum
1195 2573 1240 2608 est

295 2631 338 2664 in
349 2642 400 2665 me
411 2631 475 2664 lata
485 2629 645 2665 sententia
657 2653 668 2670 ,
695 2628 819 2671 ipsam,
843 2625 1010 2668 ut'justum
1029 2625 1074 2659 est
1095 2648 1106 2664 ,
1130 2623 1242 2658 habea-

304 2681 349 2715 tis
362 2682 506 2720 irritam,
532 2688 589 2712 aut
601 2679 737 2711 teneatis
749 2677 955 2719 suspensam,
980 2675 1062 2709 utin
1076 2675 1152 2715 die,
1177 2685 1240 2718 qua

306 2729 438 2773 iuvante
451 2728 603 2764 Domino
615 2726 805 2761 sublimitati
816 2726 920 2759 vestrae
931 2735 1058 2768 paratus
1075 2726 1142 2758 sum
1167 2724 1241 2757 affi-

306 2780 386 2815 stere
397 2805 408 2822 ,
434 2780 527 2823 juxta
538 2778 626 2820 quod
637 2774 894 2811 meruistatuatis
905 2775 939 2808 in
953 2785 1007 2810 me
1016 2800 1027 2815 ,
1053 2775 1087 2808 &
1100 2774 1147 2808 vel
1159 2786 1241 2808 con-

307 2830 428 2864 vilium
440 2828 599 2871 abjiciatis
611 2851 623 2867 ,
648 2826 701 2861 vel
712 2825 924 2859 innocentem
934 2849 944 2865 ,
972 2826 993 2858 fi
1009 2825 1051 2859 fic
1062 2827 1164 2859 visum
1177 2826 1242 2859 fue·

308 2881 372 2918 rit,
398 2877 586 2913 absolvatis.
617 2876 706 2910 Nam
718 2875 813 2918 culpa
827 2886 898 2908 mea
916 2876 927 2916 '‚
954 2876 975 2908 si
999 2887 1062 2920 qua
1084 2875 1150 2915 est,
1178 2875 1243 2908 haec

308 2928 422 2972 utique
433 2928 477 2961 est
490 2953 501 2969 ,
525 2925 612 2971 qued
626 2925 855 2961 mandatorum
865 2923 1007 2968 pondere
1018 2950 1027 2966 ‚
1050 2937 1119 2969 quae
1131 2926 1243 2968 utique

310 2989 366 3014 aut
376 2977 536 3012 declinare
553 2977 676 3010 necesse
696 2973 779 3009 mihi
801 2975 927 3014 fuerat,
951 2985 1009 3008 aut
1028 2987 1102 3009 cum
1121 2975 1242 3011 defectu

312 3029 345 3066 &
357 3028 449 3062 omni
461 3026 587 3062 miseria
597 3026 756 3069 suscipere
767 3048 779 3065 ,
804 3034 856 3070 me
875 3034 1047 3069 gravatum
1070 3026 1209 3060 sentiens
1235 3050 1246 3065 ,

312 3078 353 3114 ad
365 3076 591 3121 Apostolicam
601 3077 773 3110 ausussum
784 3073 983 3108 audientiam
1003 3075 1160 3118 appellare
1175 3101 1187 3117 ‚
1197 3085 1247 3108 ‚ut

311 3127 418 3163 vestro
428 3138 481 3161 me
492 3138 545 3170 per
557 3126 669 3160 omnia
680 3125 819 3160 consilio
831 3123 1036 3157 comitterem
1050 3148 1060 3162 ,
1072 3135 1107 3157 ut
1120 3126 1246 3158 confir!-

314 3179 357 3212 tss
369 3177 462 3211 vobis
472 3186 526 3211 aut
535 3176 656 3220 Regno
667 3175 864 3209 discederem
875 3199 887 3214 ,
914 3183 969 3207 aut
990 3173 1145 3207 alleviato
1158 3174 1247 3207 man-

314 3229 466 3263 datorum
476 3237 575 3261 onere
586 3227 620 3258 in
632 3225 803 3259 commissa
814 3223 897 3258 mihi
912 3222 1055 3257 Ecclesia
1067 3224 1242 3262 residerem.

314 3277 404 3312 Nam
416 3288 453 3312 ut
463 3276 551 3311 brevi
563 3274 754 3318 complectar
764 3275 853 3318 quod
875 3284 986 3307 verum
1008 3272 1052 3306 est
1064 3298 1074 3313 ,
1099 3271 1176 3306 dum
1201 3274 1247 3306 in-

315 3336 364 3360 ter
374 3328 561 3361 Dominum
584 3326 710 3370 Regem
730 3324 764 3357 &
778 3322 961 3358 Dominum
980 3323 1247 3356 Cantuariensem

318 3386 367 3411 res
377 3375 410 3407 in
425 3374 512 3410 hunc
535 3375 670 3410 modum
690 3374 848 3414 vertitur,
876 3372 1071 3417 impossibile
1092 3373 1136 3407 est
1160 3384 1213 3406 me
1238 3397 1245 3415 ,

1023 89 1576 142 EPISTOL‘AE

1324 181 1477 226 suscipere
1486 206 1498 223 ,
1523 183 1558 216 δε
1568 180 1701 215 alterius
1713 181 1792 217 iram
1815 180 2055 226 importabilem
2075 188 2256 225 declinare?

1324 230 1412 276 Agat
1425 232 1563 282 itaque,
1585 233 1604 265 fi
1618 234 1720 275 placet
1733 257 1743 272 ,
1770 241 1901 276 paterna
1913 235 2032 278 pietas,
2057 249 2094 273 ut
2106 240 2127 273 fi
2146 242 2178 274 in
2190 249 2256 280 me,

1318 292 1379 315 vnec
1389 284 1571 316 confessum
1581 307 1592 324 ‚
1618 293 1678 316 nec
1691 284 1881 317 convisium
1890 308 1900 323 ‚
1928 296 1988 319 nee
2008 287 2141 325 citatum
2154 314 2164 329 ‚
2190 303 2252 325 nec

1320 332 1389 366 ullo
1398 333 1499 367 modo
1511 343 1712 367 conventum
1725 358 1736 374 ‚
1762 334 1831 376 post
1845 334 2068 378 interpositam
2089 338 2186 374 etiam
2198 352 2256 384 ap·

1317 381 1527 424 pellationem
1540 383 1579 417 ad
1599 382 1834 418 sublimitatem
1856 383 1990 419 vestram
2003 409 2015 425 ,
2041 384 2106 420 ulla
2125 388 2169 422 est
2182 402 2255 434 prae.

1319 432 1452 475 propere
1463 434 1511 467 vel
1524 432 1710 477 praepostere
1720 434 1783 468 lata
1798 433 1956 469 sententia
1972 458 1984 475 ‚
2010 433 2094 470 hanc
2113 437 2230 474 vitibus
2242 464 2255 481 ‚

1316 491 1352 515 ut
1363 480 1482 525 justum
1491 483 1549 523 est,
1559 483 1729 518 evacuetis.
1743 484 1815 518 Etsi
1829 484 1964 519 vestram
1975 496 2016 518 ex
2033 486 2198 521 sanctitate
2209 500 2255 523 re-

1312 530 1470 573 mittatis,
1497 533 1648 577 injuriam
1657 533 1772 567 saltem
1790 533 1885 569 Beati
1899 533 2007 575 Petri,
2019 535 2053 569 ἀ
2066 536 2187 571 διοὲὶε
2200 539 2256 572 Se·

1314 580 1365 614 dis
1376 581 1445 625 ejus
1454 581 1495 617 ad
1504 585 1651 618 animum
1663 582 1824 619 revocetis
1839 609 1852 626 ,
1868 585 1903 619 δι
1916 596 1969 619 me
1979 584 2019 619 ad
2032 597 2132 620 omne
2141 609 2152 625 ,
2161 586 2252 630 quod

1312 630 1462 673 jusseritis
1472 657 1483 673 ‚
1519 632 1711 676 obsequium
1733 634 1854 678 utique·
1866 634 2138 679 promptiffimum
2162 637 2253 672 inve-

1313 680 1408 715 nietis
1419 706 1428 714 .
1459 682 1641 718 Conservet
1653 695 1708 717 vos
1720 684 1923 719 incolumem
1935 685 1971 719 in
1993 685 2092 731 longa
2103 696 2253 731 tempora

1313 730 1480 766 Dominus
1488 755 1501 774 ,
1527 732 1709 785 in-Christo
1720 733 1921 770 dileaiffime
1933 733 2030 770 Pater
2040 761 2048 769 .

1471 830 1879 869 Epls-TOLA
1931 833 2091 871 CXXVI.

1409 929 1553 968 Thomae
1578 933 1806 968 Cantuariensi
1834 931 1960 969 Archi·
1972 935 2139 981 Episcopo

1632 983 1750 1018 Clerus
1773 984 1926 1028 Angliae.
1973 1002 1975 1004 ·

1308 1080 1480 1115 Venerabili
1502 1083 1591 1115 Patr!
1615 1084 1650 1116 Θ·
1661 1085 1786 1114 Domino
1806 1060 1927 1116 Tbomae
1937 1106 1949 1124 ,
1975 1087 2145 1129 Deigrffaetia
2166 1089 2249 1121 ean*

1356 1129 1500 1172 tuariensr‘
1507 1130 1751 1174 Arcb1·Epis‘copo
1759 1156 1770 1172 ,
1795 1130 1979 1176 [affl-agane}
1989 1132 2121 1175 ejusdem
2142 1132 2254 1169 Eccita:

1349 1180 1400 1222 fiae
1413 1179 1553 1224 Episcopi
1562 1203 1572 1219 ‚
1597 1184 1630 1216 Θ·
1636 1180 1771 1224 personae
1778 1190 1833 1224 per
1843 1184 2002 1217 eorundem
2015 1182 2157 1227 Dtoeceses
2168 1185 2242 1218 locis

1358 1235 1457 1265 vorm
1469 1231 1653 1275 constitutae,
1677 1232 1810 1268 debitam
1825 1231 2037 1278 subjebllonem
2053 1235 2088 1268 θ
2108 1234 2254 1268 obedien-s

1356 1286 1448 1315 tiam.
1679 1303 1683 1307 ·

1403 1383 1488 1419 11AE
1507 1386 1632 1427 vestro,
1660 1384 1755 1420 Pater
1775 1409 1787 1426 ,
1813 1385 1847 1419 in
1870 1384 2054 1431 longinqua
2074 1385 2209 1420 discessu
2234 1410 2248 1428 ,

1430 1436 1603 1478 inopinata
1615 1436 1661 1469 rei
1673 1436 1769 1478 ipfius
1792 1437 1962 1477 novitate,
1988 1436 2115 1471 turbata
2138 1437 2213 1470 sunt
2234 1460 2249 1478 ,

1417 1485 1519 1520 vestra
1541 1484 1743 1529 sperabamus
1765 1482 1955 1522 humilitate
1971 1486 2012 1520 dc-
2025 1485 2200 1531 prudentia
2209 1485 2256 1520 in*

1307 1534 1394 1577 pacis
1406 1535 1546 1578 pristinae
1558 1536 1765 1571 serenitatem
1774 1546 1973 1580 cooperante
1994 1536 2062 1570 Dei
2084 1535 2188 1581 gratia
2199 1545 2250 1570 re·

1308 1585 1437 1618 vocari.
1465 1586 1543 1619 Erat
1565 1584 1698 1627 quidem
1718 1585 1812 1619 nobis
1827 1586 1971 1626 solatio,
1997 1585 2090 1629 quod
2107 1585 2180 1630 post
2197 1585 2247 1620 di-

1306 1634 1438 1669 scessum
1462 1634 1603 1669 vestrum
1623 1634 1664 1668 ad
1685 1645 1801 1669 omnes
1823 1634 1916 1668 illico
1938 1635 2024 1668 fama
2055 1634 2250 1679 divulgante

1306 1686 1451 1727 pervenit
1463 1709 1474 1725 ,
1501 1696 1559 1718 vos
1574 1686 1608 1718 in
1619 1684 1843 1719 transmarinis
1857 1693 2008 1728 agentem
2029 1682 2076 1716 nil
2088 1683 2192 1719 altum
2202 1684 2252 1725 ἴα·-

1306 1744 1391 1774 pere,
1403 1744 1460 1765 vos
1471 1733 1505 1765 in
1518 1733 1708 1767 Dominum
1720 1733 1868 1766 nostrum
1881 1735 2006 1776 Regem
2019 1743 2075 1767 aut
2087 1734 2245 1778 Regnum

1304 1780 1371 1822 ejus
1385 1780 1474 1814 nulla
1485 1779 1732 1815 machinatione
1743 1781 1929 1825 insurgere,
1944 1781 2008 1817 ,sed
2024 1783 2140 1824 sponte
2149 1784 2251 1817 fiisee«

1305 1840 1397 1873 ptum
1414 1830 1611 1874 paupertatis
1623 1841 1709 1865 onus
1728 1840 1805 1865 cum
1826 1830 1985 1864 modestia
2005 1830 2179 1866 sustinere:
2205 1833 2255 1866 le-·

1305 1881 1450 1914 diioui&
1470 1880 1613 1915 orationi
1635 1881 1797 1921 insistere,
1832 1881 2130 1924 praeteritorumque
2151 1881 2246 1925 jastu'·

1305 1941 1373 1964 ram
1386 1930 1708 1977 temporumjejuniis
1720 1941 1738 1972 ,⁴
1756 1930 1883 1976 vigiliis
1903 1956 1914 1971 ,
1941 1930 2182 1976 lachrymisque
2199 1931 2253 1967 ‘re-¹

1305 1980 1451 2019 dimne,
1464 1980 1732 2024 '&spiritualibus
1743 1986 1939 2024 occupatum
1951 1981 2065 2015 studiis
2082 1980 2127 2026 id
2148 1982 2252 2026 perth-¹

1307 2029 1424 2063 &ionis
1436 2030 1560 2072 apicem
1579 2027 1681 2064 beatis
1704 2031 1863 2065 virtutum
1884 2030 2098 2066 incrementis
2118 2031 2252 2067 adscen-

1306 2077 1396 2112 dere.
1417 2078 1471 2112 Ad
1484 2080 1571 2123 pacis
1592 2079 1679 2114 bona
1688 2081 1892 2115 reformanda
1906 2092 1966 2115 vos
1989 2081 2106 2116 studiis
2129 2080 2256 2125 hujus-³

1307 2128 1397 2163 modi
1407 2129 1628 2173 gaudebamus
1639 2131 1778 2166 infistere
1789 2156 1801 2171 ,
1827 2141 1870 2166 ex
1890 2130 2011 2176 quibus
2029 2132 2096 2174 spes
2105 2140 2173 2165 erat
2186 2134 2253 2166 vos

1306 2179 1340 2212 in
1353 2190 1410 2212 cor
1423 2179 1566 2214 Domini
1578 2181 1679 2214 nostri
1691 2181 1795 2226 Regis
1816 2180 1902 2215 hanc
1925 2180 2014 2225 ,ἀπο
2032 2180 2173 2227 gratiana
2193 2181 2250 2216 de⁴

1306 2229 1398 2272 super
1408 2241 1564 2270 evocare,
1593 2240 1631 2265 ut
1644 2230 1737 2264 vobis
1750 2232 1829 2265 iram
1839 2231 2079 2275 Regin‘pietate
2098 2231 2248 2266 remitte-

1305 2287 1375 2318 ret,
1400 2279 1553 2314 &illatas
1566 2280 1601 2313 in
1613 2280 1793 2315 disceffu&
1814 2292 1855 2314 ex
1876 2280 2013 2315 ‘discessu'
2037 2281 2141 2316 vestro
2163 2281 2248 2325 inju‘·

1305 2328 1368 2361 rias
1379 2329 1419 2362 ad
1428 2339 1485 2362 cor
1508 2330 1549 2363 de
1572 2341 1687 2363 caetero
1709 2341 1778 2363 non
1800 2339 1983 2364 revocaret.
2013 2330 2091 2365 Erat
2114 2331 2251 2365 Amicii¹

1304 2377 1412 2411 vestris
1424 2401 1434 2417 ‚
1465 2379 1498 2412 ὃ(
1510 2378 1676 2412 benevolis
1686 2379 1727 2412 ad
1743 2379 1847 2421 ipsum
1861 2380 2001 2422 aliquis,
2028 2381 2107 2412 dum
2130 2381 2195 2414 haee
2204 2381 2247 2416 de

1305 2427 1397 2461 vobis
1406 2428 1595 2462 audirentur
1610 2452 1621 2468 ,
1646 2430 1786 2462 accessus
1796 2451 1807 2466 ,
1830 2429 1863 2462 ὃς
1877 2428 1921 2462 ob
1932 2428 2178 2463 conciliandam
2191 2435 2254 2464 vo-'

1304 2476 1353 2511 bis
1375 2478 1513 2523 gratiam
1535 2478 1748 2522 supplicantes
1771 2478 1914 2523 benigne
1934 2479 2132 2522 quandoque
2154 2479 2246 2514 susti·

1306 2528 1399 2562 nuit.
1429 2528 1501 2571 Jam
1525 2528 1604 2562 vero
1621 2527 1829 2570 quorundam
1853 2528 2014 2562 relatione
2035 2526 2212 2571 didicimus
2235 2553 2249 2569 ‚

1304 2576 1394 2621 quod
1406 2578 1446 2611 ad
1470 2579 1660 2612 memoriam
1685 2577 1783 2611 anxie
1803 2582 2017 2619 revocamus,
2043 2588 2102 2612 vos
2121 2578 2249 2613 scilieet

1305 2628 1340 2661 in
1352 2638 1426 2661 eum
1440 2624 1743 2662 Comminatorium
1753 2627 1906 2667 emisisse,
1932 2630 2000 2671 quo
2013 2628 2247 2665 salutationem

1304 2677 1457 2712 omittitis
1473 2702 1484 2718 ,
1509 2689 1576 2721 quo
1601 2689 1666 2712 non
1689 2677 1730 2712 ad
1750 2677 1925 2712 obtentum
1945 2677 2053 2722 gratiae
2073 2677 2250 2712 consilium·

1306 2727 1453 2771 precesve
1466 2726 1631 2773 porrigitis
1644 2753 1654 2768 ,
1679 2738 1747 2772 quo
1760 2738 1827 2761 non
1848 2728 1994 2761 amicum
2017 2728 2095 2771 quid
2117 2723 2246 2775 sentitis

1305 2788 1362 2812 aut
1385 2776 1543 2819 scribitis,
1568 2779 1619 2812 sed
1641 2777 1811 2811 intentatis
1831 2776 1926 2810 minis
1947 2777 2159 2812 interdinum
2182 2787 2244 2811 aur

1308 2827 1500 2871 praecifionis
1512 2828 1658 2872 elogium
1671 2827 1705 2860 in
1718 2838 1792 2860 eum
1802 2826 1867 2869 jam
1876 2826 2052 2860 dicendum
2076 2828 2150 2861 fore'
2165 2827 2246 2861 mul·

1305 2889 1338 2914 ta
1352 2877 1517 2911 severitate
1531 2877 1730 2922 proponitis.
1757 2876 1859 2924 Qod
1874 2877 1893 2909 si
1908 2877 2003 2920 quarn
2030 2877 2110 2911 dure
2120 2877 2252 2911 dictum·
2277 2889 2279 2891 ·

1307 2928 1371 2968 est,
1398 2937 1466 2960 tam
1481 2927 1580 2961 fuerit
1590 2926 1697 2961 severe
1707 2929 1931 2970 completum,
1953 2927 2158 2970 quaeturbata
2171 2927 2254 2972 sune

1309 2975 1451 3019 uoniam
1464 2978 1623 3021 speramus
1633 2977 1672 3009 ad
1693 2987 1805 3019 pacem
1823 2977 1949 3020 redigi,
1974 2977 2027 3009 sed
2048 2978 2082 3010 in
2105 2983 2245 3020 perenne

1308 3026 1475 3071 quoddam
1498 3027 1613 3061 odium
1635 3027 1668 3060 δε
1696 3026 1901 3060 inexorabile
1923 3027 2180 3068 pertimescimus
2195 3026 2246 3059 in'-

1308 3078 1483 3111 flammari.
1512 3078 1637 3111 Rerum
1655 3075 1732 3109 vero
1748 3076 1848 3110 finem
1861 3074 2147 3120 prudentiasansta
2166 3082 2248 3110 oon)

1308 3127 1441 3167 fiderat,
1469 3127 1688 3170 dansoperam
1702 3126 1842 3161 sollicite
1866 3150 1877 3166 ,
1903 3136 1939 3161 ut
1960 3126 2049 3170 quod
2071 3124 2247 3169 prudenter

1310 3174 1459 3216 inchoat,
1487 3177 1578 3210 bono
1598 3187 1730 3220 quoque
1751 3176 1817 3210 fine
1838 3175 2013 3210 concludat
2035 3200 2043 3207 .
2081 3175 2247 3211 Advertat

1309 3222 1416 3271 itaque
1429 3250 1439 3266 ‚
1465 3227 1486 3259 si
1499 3227 1605 3269 placet
1617 3251 1628 3266 ‚
1655 3227 1806 3260 discretio
1818 3227 1918 3260 vestra
1931 3251 1941 3266 ,
1967 3225 2033 3268 quo
2045 3226 2156 3260 tendat
2167 3249 2178 3264 ,
2203 3238 2243 3260 an

1310 3275 1480 3310 conatibus
1507 3274 1696 3318 hujusmodi
1718 3287 1814 3320 queat
1834 3276 1932 3309 finem
1952 3275 2122 3317 obtinere,
2149 3286 2245 3319 quem

1311 3337 1417 3370 optat.
1447 3326 1520 3360 Nos
1530 3326 1664 3368 quidem
1676 3325 1728 3360 his
1741 3327 1822 3361 ausis
1832 3327 1850 3360 a
1863 3327 1915 3370 spe
1927 3337 2045 3370 magna
2058 3326 2246 3363 cecidimus,

1311 3376 1343 3409 ἃ
1368 3377 1423 3419 qui
1448 3375 1533 3419 pacis
1551 3376 1740 3411 obtinenda:
1763 3377 1851 3420 spem
1879 3376 2077 3420 quandoque
2100 3375 2251 3416 concepi-

320 3423 484 3461 eutalium
498 3426 604 3469 Regni
618 3425 710 3472 ipsius
718 3424 918 3470 Episcopum
943 3422 1040 3458 unius
1058 3423 1248 3458 mandatum
1314 3437 1383 3461 mus
1396 3425 1455 3466 ,ab
1469 3426 1545 3471 ipsis
1555 3424 1621 3469 jam
1636 3426 1701 3471 spei
1712 3425 1882 3461 liminibus
1892 3425 1984 3471 gravi
1997 3425 2135 3471 quadam
2146 3423 2257 3467 despe-

2118 3474 2217 3508 ratio·
