2358 3776
397 83 493 139 196
997 64 1164 115 ΕῬι
1197 61 1225 114 s
1253 60 1303 113 Τ
1331 63 1459 114 ἴοι,
1491 65 1552 112 AE

300 163 420 201 bamus
435 160 473 194 in
490 155 564 194 dies
582 150 627 189 de
636 151 840 190 desolatione
856 151 969 187 -noflra
990 150 1144 186 solatium
1157 174 1169 192 ,
1199 148 1247 183 lde

303 201 419 248 ,exasta
432 206 559 245 miseria
567 204 727 250 gaudium
739 228 750 244 ,
775 201 942 246 deinjuria
963 201 1088 236 Christi
1109 201 1246 246 dignam

305 262 325 297 a
336 263 429 301 Deo,
454 259 488 292 &
499 257 518 291 a
529 254 624 292 vobis
634 255 668 290 in
679 256 876 300 oppressores
890 252 1038 287 Ecclesiae
1058 251 1221 287 ultionem
1233 273 1243 283 ,

305 313 434 347 Nonne
454 308 597 343 sufficere
615 315 744 351 poterat
764 303 817 340 his
829 328 840 344 ,
874 303 933 347 qui
953 311 1103 346 quaerunt
1123 303 1247 337 animas

304 361 453 400 nostras,
476 354 567 405 quod
590 356 750 401 ¹quosdam
762 363 866 388 morte
876 353 1052 386 affecerunt
1062 363 1104 386 ex
1116 351 1244 395 nostris,-

302 418 473 456 paupertas
493 404 626 456 quoque
646 407 682 440 ἀ
702 403 871 439 calamitas
891 401 1033 442 nostra,
1048 403 1084 436 in
1104 414 1171 447 qua
1189 403 1245 436 vix

305 461 436 506 agimus
455 459 556 497 ..vitam
568 482 579 498 ,
603 455 720 491 alienis
739 451 958 497 eleemosynis
980 451 1126 487 viventes
1144 475 1156 493 ,
1186 451 1245 486 nifi

295 508 502 550 authoritate
515 505 708 551 Legationis
718 503 810 539 istius
822 527 835 546 ,
858 513 931 545 quae
938 501 1107 548 nunquam
1115 502 1222 539 fuisset
1235 526 1246 543 ‚

296 557 469 597 ,trahantur
481 558 516 593 δε
541 554 772 600 protrahantur
782 564 836 598 per
848 563 956 588 annos
966 552 1000 589 δε
1011 562 1136 592 annos,
1158 551 1247 589 ado·

295 610 371 645 1ore
393 610 429 644 in
443 607 597 645 ‘dolorem
619 627 632 647 ,
668 606 688 642 ὲ
707 605 836 639 miseria
856 603 893 639 in
918 603 1146 639 confusionem
1158 615 1174 646 ;
1198 603 1247 647 jus

298 661 403 695 etiam
428 657 577 693 nostrum
591 657 626 694 ἀ
641 655 763 700 justitia
773 661 984 691 convertatur
994 653 1030 688 in
1042 654 1170 689 ruinam
1183 664 1247 687 no-

300 710 399 745 stram
415 709 454 748 ,ἃ
473 708 667 744 miserorum
687 705 897 740 nostrorum?
923 704 1016 739 Deus
1037 703 1125 738 bone
1138 726 1149 744 ‚
1173 703 1247 747 quis

296 761 364 795 erit
384 759 480 803 hujus
506 756 631 794 doloris
653 756 728 793 finis
749 756 762 790 ?
800 754 934 799 Exurge
971 755 1063 789 Deus
1084 779 1096 796 ,
1136 753 1246 797 judica

299 810 443 844 caussam
470 818 584 849 ruam,
618 806 749 840 vindica
771 803 965 849 sanguinem
989 805 1155 841 servorum
1176 814 1249 838 tuo·

301 871 397 902 rum,
420 858 481 903 ‚qui
503 854 654 903 nequiter
670 855 805 891 extincti
821 855 919 897 sunt,
932 854 980 889 ·&
1001 855 1164 897 aliorum,
1190 853 1247 898 qui

297 909 552 948 intolerabiliter
573 907 686 942 afflicti
704 905 867 940 deficiunt
887 929 899 946 ,
942 905 1019 940 cum
1047 906 1085 941 sit
1109 915 1210 940 nemo
1237 927 1249 944 .

296 961 360 1003 qui
380 961 422 995 de
433 970 534 994 manu
556 957 770 994 inimicorum
792 955 978 993 nostrorum
1000 966 1109 1000 praeoer
1130 955 1249 990 Domi-

297 1021 381 1046 num
401 1009 524 1054 Papam
536 1033 548 1050 ‚
570 1009 606 1045 ³&
625 1016 803 1052 perpaucos
812 1007 918 1041 secum
930 1029 942 1047 ,
969 1006 1050 1041 velit
1070 1016 1132 1040 nos
1151 1004 1252 1048 eripe·

296 1070 353 1095 te.
382 1060 485 1095 Vivat
503 1083 515 1101 ,
549 1059 585 1093 dc
604 1057 712 1092 valeat
731 1056 889 1091 Sanctitas
908 1055 1012 1091 vestra
1036 1057 1072 1090 in
1103 1065 1249 1103 tempora

298 1109 427 1154 longa,
454 1118 491 1143 ut
503 1104 968 1147 vivamus&convalescamus
987 1116 1073 1151 nos,
1096 1105 1133 1141 a&
1155 1105 1250 1141 mise·

296 1159 328 1194 ri
349 1158 474 1194 nostri.

1307 159 1422 185 eorum
1433 148 1535 185 Cives
1553 147 1595 184 ad
1615 149 1742 194 propria
1763 149 1930 188 redituros·
1945 166 2015 191 non
2037 155 2206 192 dubitabat
2232 183 2260 199 ,,

1308 203 1373 243 pers
1382 200 1551 236 Comitem
1573 199 1757 236 Robertum
1788 201 1940 238 fratrem
1949 206 2044 243 suum
2062 232 2074 249 ,
2121 196 2258 252 ignaris)

1308 250 1554 288 Flandrensibus
1563 274 1575 291 ‚
1598 261 1676 286 cum
1687 251 1734 286 eis
1744 261 1858 296 pacem
1869 252 1948 287 fecit
1957 270 1981 294 ,l
1993 259 2137 302 accepis
2145 257 2243 302 quin.

1308 301 1465 347 quaginta
1477 301 1569 337 libris
1579 301 1614 336 in
1625 301 1927 347 recompensatione
1936 302 2130 342 damnorum
2141 330 2154 349 ,
2170 319 2245 353 quae

1309 361 1344 386 ut
1364 351 1564 396 multiplices
1583 351 1717 396 injurias
1734 353 1768 386 δε
1788 352 2008 388 contumelias
2027 364 2149 392 taoenm
2166 383 2178 399 ,
2206 359 2245 393 in

1308 402 1523 447 quadruplum
1533 412 1743 438 excreverant
1753 426 1764 444 ‚
1777 402 1964 438 concedens
1973 413 2009 439 ut
2021 403 2063 439 de
2073 415 2186 442 cetero
2197 408 2243 443 le·

1308 452 1405 497 gibus
1427 463 1564 489 utantur
1583 453 1728 500 antiquis
1752 479 1761 487 .
1798 453 1853 490 Sic
1869 453 1981 498 itaque
1999 452 2190 491 damnosam
2206 459 2244 493 dc

1309 502 1561 546 ignominiosam
1571 514 1649 538 cnm
1670 503 1812 539 Civibus
1831 504 1957 540 faciens
1978 516 2113 549 pacem,
2139 502 2244 542 adhuc

1309 563 1384 587 cum
1395 552 1498 589 Clero
1507 554 1853 596 exercetinimicitias,
1885 554 1920 588 δε
1940 555 1973 589 se
1988 554 2051 599 juri
2074 555 2262 591 offerentes>

1310 613 1405 638 vexat
1426 604 1603 639 Ecclefias.
1633 606 1714 639 Haec
1728 605 1815 649 apud
1826 615 1907 640 nos.
1934 603 2099 640 Caeterum
2120 605 2162 640 ad
2182 615 2250 649 pan-

1310 662 1358 688 tes
1366 653 1482 688 vestras
1492 655 1676 699 accepimus
1688 655 1810 690 veniffe
1820 656 1965 701 Legatos
1974 680 1985 696 ,
2011 655 2054 691 de
2063 655 2183 699 quibus
2192 655 2248 690 ad-

1310 702 1374 737 huc
1385 702 1545 742 incertum
1555 705 1599 741 est
1611 731 1622 749 ,
1646 706 1728 750 quid
1739 704 1836 741 nobis
1856 705 1972 750 sperari
1987 716 2119 750 oportet
2130 730 2143 746 ,
2167 704 2250 749 quid

1310 753 1436 804 timeri.
1463 754 1543 790 Hoc
1551 763 1661 791 autern
1673 755 2001 797 certiffimecoustat,
2027 754 2117 800 quod
2131 755 2252 790 Domi-

1312 815 1372 838 nus
1395 803 1636 841 cantuariensis
1663 806 1824 851 judic-ium
1844 804 2031 841 Cardinalis
2052 806 2094 841 ad
2117 805 2252 840 vincula

1313 864 1379 888 non
1401 855 1507 889 subire
1524 855 1705 901 disposuit,
1733 857 1847 891 multis
1868 879 1879 896 ,
1895 867 1938 891 sut
1961 867 2044 900 puto
2066 881 2079 897 ,
2104 855 2145 890 &¹
2159 855 2250 900 justis

1310 904 1547 949 suspicionibus
1570 917 1701 947 motus,
1738 908 1816 952 quia
1835 907 2027 941 manifestus
2044 906 2246 941 adversarius

1311 953 1378 997 ejus
1389 953 1541 991 hactenus
1551 957 1676 991 exstitit
1689 981 1697 989 .
1721 957 1784 991 Sed
1804 968 1846 991 an
1857 957 2011 1002 expediat
2020 956 2105 992 adeo
2115 955 2252 991 manife-

1312 1003 1358 1037 ste
1378 1005 1569 1049 suspicionis
1577 1007 1606 1041 ei
1619 1007 1730 1040 causas
1740 1016 1927 1049 exponere,
1953 1018 2022 1042 non
2036 1008 2113 1041 satis
2124 1007 2230 1050 liquet
2239 1015 2257 1038 .’

1313 1054 1403 1090 Nam
1416 1054 1519 1090 Archi
1531 1073 1542 1080 -
1555 1057 1734 1099 Episcopus
1745 1079 1757 1096 ,
1781 1064 1820 1089 ut
1829 1055 1931 1090 audio
1942 1074 1956 1096 ς
1978 1057 2010 1091 ei
2020 1056 2084 1099 jam
2095 1053 2264 1100 rescripsit·

1313 1115 1428 1139 contra
1441 1115 1553 1141 meum
1562 1105 1597 1139 ἀ
1606 1105 1814 1150 quorundam
1826 1105 1966 1139 aliorum
1977 1104 2115 1139 conflua
2126 1129 2138 1145 ,
2158 1105 2253 1147 quod

1313 1155 1344 1189 se
1356 1155 1445 1189 illius
1454 1155 1582 1198 judicio
1592 1166 1660 1190 non
1673 1157 1833 1199 supponet
1843 1180 1854 1196 ,
1880 1165 1940 1189 nec
1953 1164 2081 1188 tenetur
2091 1153 2261 1197 suppone-³

1313 1215 1347 1239 re
1356 1230 1367 1245 ,
1394 1205 1427 1239 &
1439 1207 1528 1248 plura
1538 1206 1699 1251 congessit
1710 1229 1722 1246 ,
1733 1204 1851 1249 quibus
1861 1206 2010 1240 animum
2019 1203 2166 1238 hominis
2175 1214 2258 1238 exa·-

1313 1255 1445 1297 speraffe
1456 1255 1561 1299 potest
1574 1280 1586 1295 ,
1611 1255 1687 1290 cum
1696 1266 1762 1301 ego
1774 1254 1886 1299 potius
1904 1265 1981 1289 eum
2000 1254 2163 1289 crederem
2187 1264 2260 1289 ver·

1314 1304 1363 1338 bis
1384 1303 1612 1339 blandioribus
1628 1305 1884 1339 demulcendum
1896 1329 1908 1345 ,
1932 1305 1966 1339 &
1983 1303 2193 1339 retinendum
2215 1303 2265 1338 irr

1314 1354 1459 1389 amicitia
1470 1379 1481 1395 ,
1506 1355 1615 1389 donec
1627 1355 1732 1399 ipsum
1742 1355 1958 1389 adversarium
1969 1356 2032 1389 esse
2053 1353 2263 1389 convincant:

1314 1415 1410 1449 opera
1419 1405 1501 1448 ejus.
1529 1405 1650 1440 Pacem
1662 1405 1761 1444 vero,
1785 1405 1826 1440 ad
1837 1403 1999 1440 honorem
2023 1403 2174 1439 Ecclesiae
2184 1403 2263 1438 Dei—

1315 1455 1472 1496 &suum‚
1501 1454 1640 1489 libenter
1659 1455 1794 1498 recipiet
1806 1465 1862 1499 per
1874 1466 1991 1489 manus
2012 1452 2265 1499 Legator'u'mssi

1315 1504 1370 1538 sed
1385 1515 1428 1538 an
1437 1504 1477 1539 ad
1487 1505 1656 1548 colloquia
1666 1515 1782 1539 eorum
1803 1505 1981 1539 accessurus
2001 1503 2038 1537 sit
2050 1527 2063 1545 ,
2089 1503 2154 1537 nisi»
2167 1502 2262 1538 nesti*

1315 1562 1450 1588 tuantur
1472 1553 1608 1595 ablata,
1632 1554 1721 1589 unde
1742 1555 1774 1589 se
1792 1555 1829 1589 δε
1844 1556 1919 1590 suos
1937 1554 2042 1589 valeat
2062 1552 2221 1587 exhibere
2243 1554 2266 1595 ,¹-

1316 1603 1468 1638 nondum
1489 1602 1596 1638 habeo
1618 1604 1826 1648 exploratum
1840 1628 1848 1637 .
1886 1604 1987 1639 Certo
2007 1612 2117 1639 autem
2138 1603 2264 1638 certius

436 1255 850 1295 EPISTOLA
951 1253 1114 1294 XXXI.

287 1362 416 1410 'Joannl
444 1354 630 1399 Piliavienfi
643 1353 791 1402 Episcopo
816 1355 961 1402 Joannes
995 1350 1222 1395 saresberiensis
1239 1375 1248 1385 .

403 1455 661 1492 EGNORUM
680 1453 869 1489 collisiones
877 1477 890 1495 ,
913 1453 949 1487 dc
960 1462 1051 1488 terrae
1063 1461 1173 1488 motus
1184 1462 1251 1486 ma-

425 1507 484 1551 gui
504 1531 516 1547 ‚
543 1504 792 1540 imminentium
815 1502 1037 1547 periculorum
1059 1503 1170 1536 exitus
1197 1512 1251 1536 me

302 1557 471 1592 calamum
483 1554 675 1599 suspendere
687 1552 812 1587 diutius
821 1559 1026 1596 coegerunt,
1049 1552 1084 1585 δε
1104 1562 1255 1586 commo·

299 1606 394 1642 diora
410 1605 572 1640 scribendi
592 1612 739 1647 tempora
750 1603 939 1646 expessare.
968 1600 1085 1637 Bellici
1109 1609 1252 1642 namque

295 1656 464 1692 tumultus
485 1656 592 1690 aestatc
604 1653 670 1689 fere
680 1662 752 1686 tota
765 1652 926 1687 ferventes
938 1676 951 1692 ,
976 1650 1194 1685 intermeandi
1206 1648 1254 1685 fa-

297 1707 458 1742 cultatem
483 1706 664 1739 litterarum
687 1700 900 1746 portitoribus
932 1701 1161 1745 praecluserunt
1182 1724 1194 1742 ,
1218 1700 1253 1734 δε

295 1757 338 1792 in
365 1755 466 1791 Urbe
487 1753 642 1792 Remensi
664 1761 737 1784 orta
759 1749 877 1786 seditio
886 1750 929 1784 fic
940 1750 1082 1785 turbavit
1105 1749 1249 1784 Provin-

298 1806 408 1846 ciam,
433 1812 470 1839 ut
480 1805 539 1838 vix
551 1812 661 1838 tutum
672 1800 770 1834 fuerit
789 1799 917 1845 ingredi
937 1809 994 1835 aut
1003 1797 1114 1843 egredi
1137 1799 1253 1832 civita-

302 1865 374 1892 tem
391 1880 400 1888 .
439 1853 719 1897 conspiraverant
741 1849 833 1885 enim
855 1849 958 1885 Cives
978 1849 1021 1885 de
1043 1848 1251 1883 Clericorum

304 1904 470 1946 consilio,
494 1904 531 1943 βε
552 1901 681 1937 auxilio
697 1899 843 1936 militum
861 1900 1027 1941 nitentes,
1053 1909 1168 1934 contra
1191 1898 1251 1934 Ar-

301 1955 362 1991 chi
374 1954 622 1998 -Episcopum,
645 1950 705 1995 qui
724 1960 826 1985 novas
841 1949 1018 1994 quasdam,
1047 1949 1210 1983 indebitas
1233 1970 1245 1987 ,

301 2006 340 2039 ἁ
361 2002 582 2038 intolerabiles
593 2001 762 2036 servitutes
772 1999 903 2035 volebat
914 1999 1082 2043 imponere
1090 1997 1218 2032 civitati
1238 2021 1250 2038 ,

301 2055 339 2091 ἀ
351 2054 678 2089 Ecclesiarumturres
694 2051 731 2087 ἀ
741 2049 860 2085 domos
871 2047 1066 2085 munitiores
1087 2054 1254 2090 occupan-

302 2113 354 2139 tes
374 2127 386 2144 ‚
422 2102 619 2137 officialibus
637 2102 670 2139 &
685 2100 800 2136 amicis
819 2099 945 2137 Archi·
958 2098 1113 2144 Episcopi
1144 2097 1253 2141 ejestis

303 2153 348 2190 ab
365 2151 464 2196 urbe,
489 2153 610 2188 multas
625 2151 657 2186 ei
679 2152 813 2195 injurias
845 2150 1045 2186 intulerunt.
1078 2149 1122 2183 Et
1144 2147 1253 2192 primo

306 2203 443 2248 quidem
462 2203 495 2239 ei
516 2210 652 2239 omnem
672 2199 897 2236 humilitatem
930 2199 1147 2235 exhibuerant
1161 2221 1173 2237 ,
1200 2208 1254 2241 pa-

303 2253 370 2294 ,rati
392 2252 461 2288 duo
486 2253 591 2288 millia
616 2251 774 2287 librarum
795 2273 812 2291 ,
831 2250 912 2285 ficut
938 2249 1036 2283 multi
1059 2248 1218 2280 testantur
1245 2270 1256 2287 ‚

306 2303 455 2338 conferre
475 2303 510 2337 in
532 2302 676 2337 aerarium
688 2302 757 2343 ejus
768 2319 783 2340 ‚-
816 2296 1003 2333 dummodo
1021 2307 1079 2330 eos
1100 2296 1169 2340 jure
1188 2304 1254 2330 tra-

305 2354 429 2393 staret,
453 2352 488 2386 δε
510 2351 639 2397 legibus
659 2350 767 2384 vivere
789 2357 972 2392 pateretur,
997 2346 1116 2390 quibus
1137 2345 1254 2380 civitas

307 2401 470 2438 continui.¹
480 2402 535 2436 usa
545 2401 591 2436 est
605 2401 623 2435 a
634 2409 780 2443 tempore
792 2397 940 2443 Remigii
952 2398 1153 2432 Francorum
1165 2394 1256 2442 Apo-

306 2452 386 2488 {ioli
398 2475 406 2484 .
433 2450 595 2488 Adierant
604 2449 705 2487 etiam
716 2448 1029 2485 christianissimum
1042 2447 1169 2491 Regem
1181 2446 1256 2487 ,sed

307 2513 371 2539 nec
385 2512 440 2546 per
460 2512 538 2536 eum
558 2501 701 2545 rigorem
722 2497 1021 2543 Archi-Episcopi
1044 2497 1172 2534 flectere
1202 2508 1257 2540 po-

309 2561 464 2588 tuerunt.
486 2551 723 2598 Confugerunt
745 2549 857 2594 itaque
877 2548 919 2584 a'd
941 2547 1112 2586 Comitem
1137 2547 1260 2583 Henri·

310 2614 388 2638 cum
400 2627 412 2643 ,
437 2602 520 2636 &ex
532 2600 601 2644 ejus
612 2599 751 2635 consilio
769 2600 929 2636 cesserunt
941 2599 1048 2643 Regi,
1075 2607 1172 2643 quem
1198 2597 1259 2633 A-r-

1315 1653 1383 1695 est,
1410 1652 1502 1697 quod
1523 1653 1583 1687 nisi
1610 1663 1831 1698 componatur
1853 1665 1907 1697 per
1924 1665 1982 1689 eos
1997 1677 2008 1693 ,
2036 1653 2164 1688 nullam
2175 1653 2258 1689 citra

1315 1703 1554 1738 restitutionem
1578 1703 1779 1749 ingredietur
1800 1704 1963 1744 caussam,
1989 1702 2065 1736 cum
2088 1703 2186 1737 illatis>
2195 1702 2264 1738 fibi-

1315 1753 1433 1795 injuria
1445 1755 1479 1787 δε
1490 1753 1649 1787 violentia
1658 1755 1755 1796 lippis
1765 1754 1799 1787 δι
1809 1752 1999 1787 tonsoribus
2009 1759 2087 1786 nota
2108 1752 2148 1787 sit
2158 1774 2174 1784 .-
2183 1760 2185 1762 ·
2193 1751 2269 1787 SUO

1315 1813 1375 1836 nec
1387 1802 1530 1845 aliquem
1542 1802 1675 1836 suorum
1697 1803 1808 1835 mittet
1819 1824 1831 1841 ,
1854 1801 1962 1836 donec
1983 1801 2269 1836 intermeantibus*

1313 1851 1414 1886 eundi
1429 1852 1462 1886 ὅ(
1473 1851 1630 1886 redeundi
1645 1852 1798 1886 securitas
1808 1860 2013 1895 procuretur.
2044 1852 2088 1886 Et
2099 1851 2269 1896 quoniam

1313 1901 1519 1937 conditionis
1543 1902 1658 1936 nostrae
1674 1901 1820 1936 calculus
1832 1902 1866 1937 in
1878 1902 2021 1936 adventu
2042 1912 2159 1936 eorum
2170 1900 2267 1936 vide-¹

1313 1961 1367 1986 tur
1392 1950 1859 1995 aliquantulumimmutatus,
1885 1963 1997 1995 precor
2017 1950 2196 1991 attentius,
2222 1956 2267 1986 ut¹

1314 2000 1398 2049 mihi
1412 2012 1467 2044 per
1480 2002 1637 2035 Latorem
1660 2001 1868 2045 praesentium
1887 2001 2068 2036 rescribatis
2087 2026 2098 2042 ,
2121 2000 2269 2046 qualiter&

1305 2050 1354 2085 'ad
1379 2050 1634 2084 indemnitatem
1653 2052 1862 2085 conscientiae
1885 2052 1920 2086 δε
1941 2053 2038 2086 famae
2066 2062 2121 2088 me
2141 2051 2270 2086 versari>

1312 2110 1479 2144 oporteat.
1508 2098 1637 2135 Namfi
1646 2100 1687 2135 de
1709 2101 1899 2145 juramentis
1908 2100 2038 2147 agitur,¹
2061 2100 2267 2145 quwDomi·

1314 2161 1375 2185 nus
1398 2151 1470 2185 Rex
1490 2150 1509 2184 a
1545 2150 1644 2185 nobis
1664 2153 1796 2196 exigere
1814 2151 2011 2192 consuevit,
2034 2146 2139 2237 ry(
2144 2152 2271 2188 Deum.

1314 2211 1449 2241 meum,
1487 2210 1524 2235 ut
1555 2211 1634 2236 ante
1645 2201 1728 2236 mihi
1754 2211 1895 2236 mortem
1922 2202 2049 2237 miseric
2075 2201 2175 2236 rditer
2198 2201 2262 2236 lar-

1313 2250 1422 2295 giatur
1435 2275 1445 2291 ,
1471 2251 1573 2294 quam
1591 2251 1829 2287 conscientiam
1859 2252 1894 2287 δε
1910 2251 2032 2287 famam
2053 2250 2262 2294 >juramentis

1315 2300 1436 2334 talibus
1457 2302 1620 2336 maculare
1633 2326 1642 2335 .

1438 2371 1874 2436 EPIS'I'OL'A-v
1907 2407 1911 2422 ²
1952 2373 2203 2435 XXXII..-

1554 2500 1639 2533 Idem
1665 2499 1808 2544 Magistro
1835 2500 2004 2534 Lombardo
2017 2524 2026 2532 .
2193 2462 2222 2475 Μ

1413 2597 1726 2635 BLIGATIONIS
1753 2599 1838 2633 inter
1849 2605 1910 2634 nos
1920 2599 2092 2634 contraaae
2103 2599 2258 2636 nonim-

1439 2659 1567 2684 memor
1579 2675 1589 2690 ,
1615 2661 1686 2692 quae
1699 2650 1734 2683 in
1746 2649 1879 2695 Regum
1891 2649 2064 2693 colloquio
2073 2649 2162 2695 gesta
2172 2651 2273 2692 ‘suntff

1320 2711 1444 2745 quanta
1467 2700 1595 2743 possum
1621 2700 1775 2734 brevitate
1795 2701 1975 2745 perstringo
1989 2723 1999 2739 ,
2021 2699 2060 2734 dc
2081 2709 2180 2744 quem
2197 2701 2271 2735 frua

1323 2753 1411 2785 &um
1435 2750 1483 2785 ibi
1506 2750 1701 2785 consecutus
1721 2750 1759 2783 sit
1781 2749 1950 2785 Dominus
1982 2749 2228 2784 Cantuariensis
2251 2775 2264 2792 ,

1323 2813 1438 2845 quem,
1466 2810 1503 2835 ut
1515 2799 1642 2840 nostis,
1670 2800 1876 2835 demandato
1903 2799 2005 2844 Regis
2027 2799 2161 2844 Angliae
2182 2800 2264 2834 illuc

1323 2851 1484 2886 Flandriae
1508 2859 1652 2884 traxerat
1675 2849 1813 2884 Comes.
1846 2848 1934 2883 Cum
1956 2849 1996 2883 ad
2019 2849 2091 2883 loca
2103 2849 2266 2884 destinata

1323 2902 1365 2936 ad
1384 2900 1552 2944 colloquia
1572 2900 1682 2945 Reges
1700 2899 1893 2943 accederent
1917 2922 1930 2939 ,
1967 2897 2063 2933 Eudo
2086 2898 2270 2934 Britonu'm-

1325 2951 1472 2991 Comes,
1497 2951 1532 2985 ἃς
1552 2948 1726 2987 Rolandus
1746 2948 1975 2990 Dinaniensis,
2003 2949 2122 2995 multas
2141 2950 2175 2984 δι
2197 2959 2271 2995 gra·

1326 3012 1379 3037 ves
1391 3000 1431 3035 de
1446 3000 1542 3045 Rege
1556 2999 1686 3046 Angliae
1706 2997 1792 3042 apud
1803 2998 1928 3044 Regem
1952 2997 2263 3034 Christianiffinaun

1326 3051 1473 3097 querelas
1486 3050 1721 3095 deposuerunt.
1748 3047 1811 3083 Sed
1828 3049 1927 3085 Eudo
1955 3048 2136 3094 specialiter
2155 3047 2268 3093 &plo-

1326 3102 1408 3136 ravit
1422 3123 1433 3141 ‚
1459 3100 1547 3146 quod
1566 3099 1670 3136 filiam
1691 3099 1760 3142 ejus
1781 3099 1967 3145 virginem,
1992 3106 2092 3144 quam
2114 3099 2268 3143 illipaeis

1327 3151 1473 3186 obsidem
1494 3149 1627 3187 dederat
1653 3173 1666 3189 .
1704 3149 1932 3195 impraegnavit
1951 3158 1988 3185 ut
2015 3149 2162 3194 proditor
2182 3173 2193 3190 ,
2229 3157 2272 3183 ut⁴

1329 3201 1453 3239 adulter
1474 3226 1485 3241 ,
1510 3209 1548 3235 ut
1578 3198 1741 3237 incaestus.
1766 3199 1848 3238 =Rex
1867 3199 1958 3235 enim
1984 3200 2017 3234 &
2041 3200 2125 3233 uxor
2156 3198 2270 3247 Eudo-

1332 3254 1380 3289 nis
1398 3251 1439 3285 de
1459 3249 1587 3288 duabus
1608 3250 1772 3286 sororibus
1785 3250 1956 3286 natisunt.
1984 3247 2202 3284 pictavienses
2212 3246 2266 3283 vi-

1331 3303 1470 3341 delicet,
1498 3299 1762 3345 engolismenses
1774 3325 1784 3341 ‚
1821 3301 1856 3335 ἀ
1875 3297 2034 3333 Marehiae
2053 3298 2180 3333 Comes
2200 3321 2216 3338 ,
2235 3296 2270 3331 dc

1334 3353 1419 3387 Vice
1430 3369 1442 3376 -
1455 3350 1578 3384 Comes
1591 3350 1783 3390 Tuacenfis‚
1795 3351 1829 3385 ἀ
1840 3349 2007 3384 Robertus
2015 3348 2176 3390 Defilli,&
2184 3347 2277 3381 Gau·

1319 3379 1449 3443 lsredus
1466 3398 1508 3440 de
1529 3399 1721 3450 Liziniaco‚
1747 3401 1782 3436 δε
1805 3400 2002 3440 Hemcricus
2018 3398 2060 3435 de
2068 3398 2240 3488 ἕιῖἱῖηο
2261 3417 2273 3438 ,

2203 3457 2237 3481 as

314 2651 370 2687 chi
383 2652 589 2694 -Episcopus
609 2651 813 2690 adduxerat,
839 2649 923 2685 utin
936 2648 1070 2685 brachio
1093 2648 1160 2691 ejus
1182 2653 1259 2681 con-

314 2711 432 2736 tereret
454 2701 622 2735 civitatem
637 2724 644 2732 .
671 2700 745 2734 Rex
755 2709 866 2736 autem
885 2699 1000 2735 dolens
1022 2721 1034 2740 ‚
1069 2697 1123 2732 sed
1149 2703 1258 2734 tamen

317 2751 440 2794 Fratris
460 2749 657 2786 satisfaciens
667 2750 832 2784 voluntati
845 2774 856 2790 ,
881 2749 1009 2784 circiter
1021 2748 1259 2794 quinquaginta

317 2802 437 2838 domos
446 2799 531 2834 dirui
542 2800 642 2839 fecit,
666 2799 701 2836 &
715 2798 837 2833 receffit
850 2823 858 2830 .
886 2799 984 2833 Cives
1006 2798 1084 2833 vero
1095 2799 1150 2832 die
1161 2800 1253 2834 tertia

319 2852 484 2886 redierunt
505 2875 516 2892 ‚
552 2851 588 2887 ,δε
607 2850 641 2883 in
664 2848 826 2884 ultionem
847 2848 1028 2883 dirutarum
1062 2849 1223 2886 domuum
1252 2872 1262 2888 ,

322 2900 472 2936 funditus
491 2908 677 2934 everterunt
699 2899 819 2934 domos
840 2899 985 2934 militum
1008 2899 1189 2937 faventium
1202 2899 1266 2936 Ar·

323 2949 400 2986 chi·
414 2950 579 2997 Episcopo
594 2973 606 2990 ,
631 2950 703 2986 vice
722 2949 864 2983 Domini
888 2949 1010 2983 scilicet
1034 2949 1104 2992 sui,
1130 2951 1166 2988 ἀ
1189 2950 1265 2984 alte·

323 3002 391 3037 rius
426 3024 439 3045 ‚
476 3001 532 3045 qui
554 3000 589 3038 in
624 2998 702 3034 urbe
722 2998 857 3044 gesserat
879 3001 1091 3043 praefecturam
1117 3026 1125 3035 .
1160 2999 1267 3035 Unde

325 3061 437 3086 motus
458 3045 779 3094 Archi-Episcopus
799 3049 945 3085 Comitis
967 3050 1170 3086 flandrenfis
1210 3050 1270 3087 im-

325 3100 466 3146 ploravit
477 3102 636 3138 auxilium
650 3125 660 3141 ‚
686 3109 827 3144 eumque
848 3109 926 3135 cum
937 3099 1028 3132 mille
1040 3100 1200 3135 militibus
1211 3100 1264 3134 ad-

325 3149 424 3187 duxit
446 3150 593 3194 Remos,
618 3161 653 3185 ut
677 3149 778 3184 Cives
788 3149 930 3193 perirent
944 3149 977 3187 iu
990 3160 1046 3182 ore
1067 3151 1191 3195 gladii,
1215 3161 1270 3185 aut

324 3202 511 3244 redimendi
530 3203 565 3242 ἀ
584 3200 758 3246 torquendi
779 3198 1020 3243 conjicerentur
1042 3198 1076 3232 in
1105 3201 1237 3235 vincula
1262 3224 1269 3232 .

329 3252 392 3289 Sed
413 3251 464 3285 illi
485 3252 724 3302 praesentientes
750 3250 932 3288 adventum
954 3249 1121 3290 Comitis,
1158 3249 1272 3285 iterato

331 3302 492 3340 cesserunt
506 3322 518 3345 ‚
552 3304 596 3342 fic
618 3311 812 3340 evacuantes
836 3299 970 3341 urbem,
1006 3310 1041 3333 ut
1065 3299 1273 3335 Flandrenses

335 3349 442 3388 inedia
455 3354 595 3391 confesii
610 3354 664 3386 vix
678 3352 775 3389 unius
786 3350 898 3385 diei&
911 3351 1012 3385 notstis
1023 3359 1150 3384 moram
1165 3361 1272 3393 potue-

334 3400 402 3439 s'mt
415 3402 568 3445 sustinere
580 3428 587 3436 .
619 3404 661 3439 Et
680 3402 756 3453 quia
764 3398 888 3443 Archi·
902 3400 1082 3450 Episcopus
1096 3400 1131 3435 in
1153 3401 1273 3439 recessu
