2358 3776
133 2358 135 2360 v
193 2334 238 2366 est
254 2333 309 2366 illa
324 2333 569 2377 qualiscumque
583 2334 659 2367 Pax.
672 2335 746 2368 Vide
758 2334 839 2368 Pax.
870 2334 982 2377 EJUS
1008 2334 1083 2367 RE·

679 154 959 206 RERUM
987 151 1083 204 ET
1119 138 1582 205 VERBORUM·

197 249 319 290 Regnrs.
351 256 426 294 ¹39·
442 253 473 283 ι.
499 242 688 283 &Ecclefiae
707 240 931 282 Cantuatienii
952 240 1020 283 juta
1032 251 1078 275 re-

196 297 341 331 restituat
351 296 384 329 ἀ
398 298 495 331 bona.
520 295 593 332 ibid.
622 294 783 340 Alioquin
795 291 908 328 omnia
922 289 1078 327 habuisset

195 345 341 391 aliegat,
367 346 389 381 fi
410 345 560 384 voluisset
581 344 703 381 cedere.
730 352 847 392 303.2·
873 341 948 379 Vide
969 341 1077 378 Causa

195 397 245 432 D.
255 396 399 440 Thomae
412 419 421 427 .
445 394 707 434 Contristabatur
717 396 807 443 supra
819 390 952 427 modum
963 414 976 432 ,
985 391 1076 435 quo-d

194 444 337 481 absoluti
368 447 470 480 veffent
497 444 738 484 Londoniensrs
773 445 808 484 ὃς
836 439 1078 479 Saresberienfis

192 495 366 540 Episcopi.
394 496 606 533 Lamentatur
622 494 712 538 quod
732 493 870 529 desertus
891 491 945 526 fit.
974 491 1013 528 In
1028 488 1080 527 his

195 554 305 580 tamen
314 545 474 591 angustiis
487 545 531 582 est
541 554 669 589 paratus
679 543 763 583 mori
776 553 834 587 pro
846 541 992 577 Ecclefiae
1004 540 1080 578 fide-

194 594 504 632 litate&libertate.
533 603 640 645 331.r.
667 594 803 630 Testem
813 602 923 627 autem
947 591 1077 627 invocat

193 644 328 686 Deum,
351 646 443 690 ‘quod
457 645 536 684 dum
560 645 701 689 postulat
721 642 957 682 restitutionem
971 641 1077 676 bono.

193 704 289 735 rum,
314 696 418 741 magis
437 704 605 733 moveatur
627 693 770 739 pernicie
790 691 952 736 exempli,
978 701 1078 736 quam

192 745 365 789 temporali
383 740 503 789 jactura
527 745 698 782 bonorum.
724 753 802 791 271.
815 753 847 779 2.
880 753 959 791 ²72·
974 752 1002 779 1·
1023 740 1077 775 Sic

191 803 303 830 tamen
315 795 501 831 censetillis
512 795 608 832 bonis
632 805 701 828 uon
724 795 786 828 effe
808 792 1015 832 cedendum,
1040 801 1077 826 ut

192 843 339 886 inquiat:
367 844 568 883 Meliusnobis
578 843 643 886 effer
663 854 721 877 non
737 843 830 886 fmffe
855 852 941 876 natos
953 867 964 882 ,
983 852 1076 884 quam

193 899 227 927 in
238 894 395 937 Ecclefiam
403 894 551 936 induxiffe
569 892 678 935 pestem
694 903 759 927 tam
768 892 921 935 perniciofi
927 892 1057 933 exempli
1069 915 1076 924 .

191 939 314 981 286-2.
342 943 433 979 Dum
449 942 558 981 scribit
571 942 657 985 illis,
685 944 741 988 qui
762 954 822 987 pro
845 942 1074 984 bonistempo·

196 990 488 1030 talibuscedebmt
511 995 659 1034 metuis,
686 994 822 1031 saltuem
844 993 910 1028 illis
930 992 1043 1028 dicens
1068 1012 1079 1029 2

191 1040 306 1079 addit:
333 1044 381 1077 Sic
399 1043 524 1084 transtro
538 1051 596 1088 per
617 1042 694 1080 bona
715 1044 894 1086 temporalia
915 1067 926 1084 ,
962 1050 997 1077 ut
1020 1051 1078 1074 non

190 1091 378 1129 amittamur
416 1103 538 1129 aeterna.
566 1103 646 1140 ⁷1¹7·
664 1105 693 1131 1.
731 1094 799 1128 Dat
822 1094 984 1129 rationem
1003 1101 1079 1124 om-

190 1142 285 1177 nium
299 1153 413 1178 eorum
426 1144 590 1187 quaefeeit.
621 1154 696 1191 124.
711 1155 738 1180 1.
776 1142 907 1191 QUAE
937 1140 1080 1179 FECIT

190 1191 308 1229 CUM
333 1192 552 1233 LEGATis.
582 1196 659 1229 Vide
698 1192 833 1238 Legati.
862 1193 992 1230 Primos
1028 1189 1079 1224 ha·

190 1239 264 1276 buit
287 1244 466 1287 suspectos.
504 1245 583 1280 Vide
603 1245 744 1288 Legatos
757 1244 897 1285 primos.
938 1240 1079 1275 Accedit

188 1291 230 1327 ad
242 1291 375 1329 illorum
387 1293 589 1338 colloquium
602 1294 685 1329 inter
705 1293 884 1328 Gisortium
896 1291 930 1325 ἀ
943 1290 1060 1323 Triam
1075 1314 1080 1319 .

193 1350 272 1387 191.
286 1354 305 1374 ι.
332 1342 478 1376 Dicitfe
490 1349 638 1380 paratum
651 1334 807 1373 ex'hibere
832 1337 921 1381 Regi
942 1348 1076 1371 omnem

116 1390 118 1392 ’
186 1389 403 1425 reverentiam
416 1413 427 1427 ,
447 1386 657 1430 salvobonwe
668 1390 724 1419 Dei
747 1389 782 1420 ὁ·
803 1386 937 1426 Ecclefiae
950 1385 1082 1427 lrberta-

189 1445 242 1477 te,
266 1436 516 1480 &poffesfionibus
526 1436 603 1476 ttius.
632 1435 706 1470 ibid.
738 1444 813 1483 194.
825 1446 872 1472 2..›
897 1436 1081 1469 Consuetu-

164 1495 165 1498 ’
190 1486 286 1521 dines
296 1496 407 1522 autem
431 1496 499 1521 non
522 1486 593 1522 vult
607 1486 715 1530 jurare
738 1487 809 1520 ullo
828 1484 940 1519 modo.
971 1495 1031 1531 191
1061 1496 1094 1516 1.v

196 1535 395 1582 Nequidem
407 1535 615 1572 dissimulare„
642 1535 714 1570 ibid.
746 1533 1082 1585 194.2.1›0fleamit-

192 1590 316 1625 tuntur
326 1588 356 1620 ei
371 1587 493 1621 Nuntii
506 1596 545 1621 ex
560 1597 649 1628 parte
662 1586 860 1629 Legatorum
874 1594 885 1625 ς
911 1584 1082 1628 prohiben—

190 1638 278 1673 tium
304 1636 344 1672 ne
366 1636 530 1680 pendente
556 1636 790 1680 Appellatione
808 1635 1086 1681 aliqtaidinnova-

191 1696 254 1722 set.
270 1696 389 1733 1901.
418 1685 710 1730 Suspenditurejus
730 1686 868 1730 potestas
891 1685 1083 1721 anathema-

190 1735 477 1780 tizandiRt-gem.
504 1736 719 1772 Lamentatuc
740 1736 826 1780 apud
853 1732 978 1780 Papam
1006 1747 1086 1770 con·

191 1796 329 1830 querens
349 1787 390 1821 de
429 1786 598 1819 violentia.
625 1796 740 1832 207-1·
769 1785 908 1820 Animat
930 1786 1023 1820 illum
1048 1795 1083 1819 ut

187 1846 300 1872 exerat
321 1836 469 1879 gladium
494 1837 533 1869 D.
552 1834 647 1869 Petri.
679 1832 796 1871 1884..
830 1833 941 1879 Urget
969 1835 1085 1869 Cardi-

190 1886 281 1920 nales
295 1896 330 1920 ut
344 1886 461 1921 feratur
476 1885 508 1919 ir»
534 1885 660 1929 Regem
685 1884 849 1919 Censura:
878 1885 920 1919 ne
936 1896 1083 1928 appareat

191 1935 359 1975 Posteris,
386 1935 475 1980 quod
494 1935 745 1977 Regiscrirnina
767 1935 827 1968 sint
851 1934 985 1977 impune
998 1945 1083 1968 tran-

193 1987 285 2020 saeta.
311 1995 437 2031 2052.
465 1985 714 2027 Suspenfionem
756 1983 919 2027 potestatis
958 1984 1045 2018 illius
1071 2008 1083 2026 ,

188 2036 264 2071 Rex
278 2036 407 2079 Angliae
422 2037 577 2079 nequiter
585 2036 713 2078 praelegi
739 2035 820 2069 facit
836 2034 915 2068 div'o
927 2032 1082 2073 Thomas,

189 2086 410 2128 inconspeetu
426 2086 526 2128 Regis
555 2085 698 2120 Francrae
716 2109 727 2125 ,
753 2096 828 2119 cum
855 2085 1083 2119 convenissent

186 2134 228 2169 ad
241 2134 448 2168 {brmandam
465 2146 577 2176 pacem
593 2159 598 2164 .
630 2134 823 2178 Indignatur
843 2135 912 2168 Rex
930 2134 1084 2175 Franciae,

193 2183 312 2221 dolens
325 2185 416 2227 supra
439 2184 585 2218 modum.
614 2193 727 2230 2142.
755 2183 871 2219 Postea
894 2185 972 2218 vero
993 2194 1084 2228 pote-

192 2233 323 2267 stasilla
338 2234 398 2267 fuit
419 2234 449 2268 ei
474 2234 637 2268 restituta.
664 2233 743 2280 336.
758 2245 789 2268 2.
818 2235 861 2270 Et
884 2236 1017 2278 quando
1041 2234 1084 2268 vi·

192 2283 290 2318 debat
317 2284 388 2318 Rex
411 2285 441 2318 se
467 2286 849 2324 excommunicandum,
876 2295 955 2318 tunc
978 2286 1081 2318 secuta

192 2383 452 2418 V·ERENT1A
490 2383 622 2419 ERGA
663 2383 931 2422 ROMANUM
971 2383 1082 2416 PON-

191 2432 407 2468 TlFlcEM.
439 2443 515 2481 129.
526 2445 557 2470 2.
585 2435 673 2473 Cum
698 2435 856 2469 diceretur
878 2436 906 2467 ei
921 2432 1010 2476 quod
1026 2433 1082 2467 Le-

193 2483 263 2528 gati
291 2482 501 2524 Apostolici,
535 2481 576 2517 ad
596 2482 783 2520 instantiam
809 2483 1045 2526 Episcoporum
1073 2504 1085 2522 a

195 2540 264 2566 rem
280 2531 486 2566 terminaturi
501 2534 600 2565 effent
613 2532 653 2567 ad
669 2533 770 2576 Regis
789 2533 1014 2567 voluntatem:
1038 2533 1081 2566 D.

198 2580 355 2616 Thomas
367 2581 452 2624 quafi
464 2579 560 2613 nihili
575 2581 637 2614 hoc
648 2581 767 2615 faciens
777 2606 787 2622 ‚
802 2582 931 2625 inquit:
958 2585 1084 2616 Certum

186 2630 245 2675 fit,
273 2632 354 2673 quod
366 2643 415 2663 nos
431 2638 551 2671 operam
575 2630 698 2669 nostram
710 2655 719 2669 ‚
746 2634 798 2665 vel
816 2630 935 2674 causam
950 2631 1084 2673 Ecclefiae

197 2693 258 2714 non
268 2682 422 2713 credemus
434 2704 445 2719 ,
473 2679 648 2721 nifijudicio
661 2684 779 2714 Domini
804 2683 899 2723 Papae
918 2707 930 2723 ‚
960 2689 1007 2715 eui
1027 2685 1084 2715 Eo·

197 2729 278 2772 clefia
303 2732 469 2774 Anglicana
491 2730 581 2770 stablt
593 2739 647 2764 aue
668 2732 762 2764 cadet.
803 2742 922 2778 2251.
960 2743 1084 2778 1952.

195 2780 395 2815 Protestatut
417 2779 508 2825 quod
532 2780 588 2815 etsi
610 2792 685 2815 eum
710 2780 797 2827 Papa
821 2782 977 2817 desereret
996 2806 1007 2823 ‚
1035 2792 1085 2816 nec

195 2841 275 2863 mors
300 2842 408 2864 tamen
423 2854 434 2870 ,
461 2841 552 2873 neque
573 2836 641 2863 vita
661 2856 670 2871 ,
707 2842 797 2872 neque
816 2831 959 2872 instantia
979 2834 1084 2874 aliqua

191 2888 303 2924 potem
316 2890 367 2912 nos
380 2879 519 2920 stparare
531 2881 568 2914 ab
580 2882 658 2913 illius
669 2881 825 2922 fidelitate.
858 2879 936 2918 282.
950 2891 982 2915 2.
1010 2883 1086 2915 Vide

196 2931 372 2965 Romanus
397 2928 578 2964 Pontifex.
609 2930 870 2978 QUALlTER
903 2932 1085 2966 EGERlT

197 2979 313 3015 CUM
343 2979 492 3014 REGE.
520 2979 695 3023 prophetat
716 2982 804 3024 quod
837 2982 907 3015 Rex
928 2981 1035 3016 adhuc
1050 2984 1083 3016 in

194 3040 303 3065 tantas
316 3038 450 3074 cogetur
464 3030 647 3073 angustias,
673 3041 707 3064 ut
721 3031 904 3066 liberandus
923 3033 980 3072 fit,
1009 3044 1082 3075 ope·

196 3092 230 3114 ra
247 3081 302 3115 sua
313 3090 352 3112 ex
366 3078 734 3116 manibusinimicorum
749 3083 889 3116 suorum.
916 3091 969 3128 53.
984 3094 1013 3119 2·
1041 3083 1082 3117 Et

195 3130 286 3173 quod
309 3128 398 3164 filius
424 3128 525 3172 Regis
546 3130 699 3165 morietur
722 3142 799 3167 ante
821 3131 960 3166 Patrem.
990 3142 1083 3178 54-1·

194 3179 362 3214 Audiebat
377 3189 490 3212 vocem
513 3180 547 3213 in
574 3180 706 3222 somno,
732 3182 897 3224 dicentem
922 3193 999 3215 mors
1014 3183 1083 3216 tulit

193 3241 256 3265 una
266 3230 338 3263 duos
360 3229 494 3273 (Regis
513 3229 600 3263 filios
614 3229 731 3266 scilicet
747 3257 757 3271 ‚
790 3227 974 3274 dysenteria
997 3243 1083 3266 mor-

195 3281 297 3322 tuos)
319 3282 392 3312 tulit
404 3279 501 3312 altera
516 3303 526 3319 ‚
546 3277 602 3321 sed
612 3281 688 3314 male
706 3283 834 3317 Patrem.
861 3283 934 3315 ibid.
962 3281 1081 3318 Scribit

195 3329 285 3374 Regi
325 3329 600 3364 commonitorias
622 3353 633 3370 ,
661 3341 766 3366 cautas
801 3333 834 3367 &
860 3333 970 3366 suaves
990 3356 1001 3372 ‚
1029 3333 1079 3366 sed

197 3378 305 3424 aperte
341 3380 556 3424 fignificantes
581 3403 592 3419 ‚
617 3379 675 3414 nisi
717 3380 826 3417 liberet
863 3382 1040 3416 Ecclesiam

196 3430 290 3472 cujus
312 3429 418 3464 vinxit
440 3429 646 3470 libertatem,
673 3430 760 3473 quod
785 3433 875 3468 Deus
897 3432 1079 3467 vindicabit

194 3480 327 3516 suorum
348 3479 507 3526 injuriam.
546 3478 598 3528 96.
612 3492 644 3519 2·
676 3480 839 3528 Proponit
867 3483 898 3518 ei
922 3484 1079 3529 poeniten·

1938 176 1955 207 1
1964 178 1998 213 9

1189 237 1269 272 tiam
1281 237 1438 281 Davidis,
1463 240 1618 282 &poerras
1637 243 1840 290 Salomonis,
1867 178 1959 291 υἷας
1978 248 2012 282 in
2024 249 2060 283 fi-

1155 293 1158 297 *
1190 286 1238 325 lio
1250 287 1295 324 'est
1306 289 1447 327 divisum
1467 288 1656 332 Imperium.
1680 305 1731 338 97,
1754 310 1777 332 ι,
1808 297 1972 335 Acerrime
1991 310 2062 333 mo.

1190 348 1246 374 net
1259 339 1386 383 Regem
1398 363 1410 380 ,
1436 349 1472 374 ut
1483 340 1606 374 desinat
1618 340 1649 374 se
1667 338 1842 383 immiscere
1863 348 2064 385 Ecciefiastiq

1190 388 1260 429 cis,
1288 389 1347 424 nifi
1370 389 1478 434 puniri
1498 389 1576 427 velit
1596 389 1615 422 a
1638 390 1712 424 Deo
1735 397 1833 433 poen'xc
1854 397 2063 443 sempiternis.

1198 437 1340 487 98.1.2.
1383 439 1534 478 Minatur
1565 440 1651 484 Regi
1683 448 2068 482 excommunicationem.

1189 498 1305 535 1322.
1330 489 1484 525 Studebat
1508 489 1612 534 Regis
1635 491 1784 524 animum
1806 491 1908 525 lenire
1930 504 1982 534 pq
2000 497 2067 531 Re.

1189 539 1241 582 gis
1253 539 1419 581 Matrem,
1444 551 1499 583 per
1511 538 1635 583 Regem
1655 541 1817 580 Franciae,
1847 551 1901 582 per
1918 541 2069 579 Nuntios

1189 587 1305 634 Papae,
1329 590 1390 628 &a
1419 593 1530 631 162.1·
1561 589 1661 624 Curat
1674 589 1914 633 precesinstitui
1938 601 1994 634 pro
2008 590 2071 626 Re-

1188 649 1230 683 ge
1250 664 1260 680 ,
1284 650 1321 674 ut
1346 640 1426 674 adfit
1449 640 1478 673 ei
1501 640 1638 682 Spiritus
1662 639 1862 684 poenitentiae
1880 641 1913 677 ἀ
1937 641 2073 685 pietatis.

1189 698 1257 738 147.
1279 701 1307 724 1.
1335 689 1511 733 Postquam
1527 690 1653 733 Regem
1666 690 1746 734 [πρὸ
1770 690 1933 734 rogasset,
1957 689 1990 728 dc
2013 691 2072 725 mi-

1190 749 1286 775 natus
1297 740 1383 773 effet.
1412 739 1509 784 96.2.
1534 737 1623 783 usque
1639 750 1705 779 ¹00
1731 740 1867 782 Adjurat
1880 743 2002 775 eumin
2015 742 2076 775 vir-

1190 798 1260 822 tute
1282 790 1421 832 Spiritus
1442 790 1558 827 Sancti.
1593 799 1666 826 100.
1687 802 1712 825 1.
1751 790 1839 824 Cum
1868 800 1977 825 autem
2000 791 2077 827 Rex

1192 839 1291 876 minis
1305 851 1371 874 non
1384 840 1607 884 corrigeretur.
1638 850 1756 892 1472.
1785 838 1942 885 Accingit
1969 841 1999 875 se
2022 853 2077 876 ex*-

1193 890 1486 924 communicationi
1521 889 1661 927 ferendae
1690 890 1731 924 de
1760 890 1924 925 Mandato
1947 889 2042 934 Papa:
2067 915 2076 924 .

1193 948 1269 987 149.
1282 951 1311 978 2·
1327 940 1366 974 lu
1377 940 1463 973 diem
1477 939 1700 977 Pentecostes.
1722 939 1796 975 ibld.
1824 939 1920 976 Prius
1939 935 2019 974 colit
2041 941 2077 977 δε

1192 986 1322 1024 invocat
1344 990 1387 1024 D.
1415 989 1614 1034 Virginem,
1640 990 1674 1025 ἀ
1695 991 1850 1028 Sanaos.-
1877 990 2078 1026 nominatim

1195 1040 1270 1074 vero
1283 1040 1319 1073 B.
1331 1039 1702 1081 Dranfium,l>atr0num
1722 1045 1991 1086 pugnaturorum.
2003 1040 2079 1073 ibid.

1195 1089 1300 1125 Audit
1314 1089 1440 1134 Regem
1461 1090 1617 1124 infirmari
1628 1113 1640 1130 ‚
1665 1089 1773 1126 differt
1795 1090 1971 1126 anathema
1985 1114 1996 1130 ,
2022 1089 2078 1126 sed

1193 1140 1281 1183 quod
1296 1141 1459 1180 minatur,
1486 1140 1545 1175 nifi
1575 1141 1649 1177 Rex
1672 1141 1839 1187 resipiscat.
1871 1150 1947 1188 150-
1962 1151 1990 1177 1·
2017 1139 2081 1174 Ni-

1195 1189 1244 1225 hil
1259 1191 1367 1225 omisit
1389 1191 1430 1226 de
1451 1190 1726 1236 contingentibus
1741 1215 1751 1231 ,
1779 1202 1814 1225 ut
1837 1191 1965 1234 Regem
1983 1189 2024 1225 ad
2037 1189 2081 1224 sa-

1196 1251 1270 1273 nam
1284 1251 1426 1275 mentem
1439 1239 1635 1282 perduceret.
1666 1251 1741 1287 147.
1760 1252 1786 1277 1.
1810 1241 2012 1275 Facultatem
2024 1250 2082 1272 ex·

1194 1290 1464 1323 communicandi
1479 1290 1604 1330 Regem
1615 1290 1802 1326 obtinuerat
1815 1292 1831 1323 ὲ
1847 1291 1941 1332 Papa.
1955 1298 2032 1335 240·
2048 1299 2076 1324 1.

1194 1337 1307 1382 Qarn
1321 1336 1478 1378 petiverat
1496 1358 1507 1374 ‚
1532 1345 1703 1377 tamquam
1730 1338 1840 1371 solum
1863 1339 2044 1372 remedium
2068 1358 2081 1378 ,

1195 1386 1342 1426 aperiens
1357 1384 1457 1427 Regis
1468 1384 1615 1419 fallacias
1630 1407 1640 1422 ,
1665 1382 1796 1420 dolosas
1820 1385 2048 1427 promiffio'nes
2067 1409 2081 1426 ,

1195 1433 1393 1469 obstinatam
1407 1432 1622 1467 voluntatem.
1648 1443 1717 1480 199.
1734 1445 1758 1468 ι,
1788 1434 1851 1469 Sed
1874 1435 1930 1470 illa
1943 1436 2083 1479 potestas

1195 1483 1504 1520 excommunicandi
1517 1483 1668 1526 Regem(
1688 1485 1782 1520 uti&
1805 1486 1951 1528 ponendi
1972 1495 2080 1523 totum

1197 1535 1352 1578 Regnum
1366 1533 1424 1567 sub
1437 1533 1637 1573 interdicto)
1653 1535 1715 1567 fuit
1726 1544 1872 1569 revocata
1885 1560 1895 1576 ‚
1908 1536 1948 1570 ad
1962 1537 2082 1572 instan-

1197 1585 1277 1617 tiam
1291 1583 1463 1617 Wilhelmi
1485 1580 1604 1627 Legati
1630 1582 1797 1618 pontificii
1814 1609 1825 1625 ,
1851 1588 2083 1630 conquerentis

1197 1636 1229 1670 se
1251 1633 1399 1677 alioquin
1421 1645 1497 1670 cum
1523 1633 1636 1676 socio,
1663 1635 1928 1673 incarcerandum
1948 1637 1966 1673 ὲ
1989 1630 2083 1684 Rege

1198 1685 1340 1729 Angliae.
1941 1692 1944 1694 '
1958 1698 2036 1735 240.
2050 1700 2082 1726 2.

1147 1729 1191 1764 D·
1205 1734 1359 1769 Thomas
1375 1736 1562 1770 confidebat
1577 1739 1721 1780 semper,
1741 1735 1829 1780 quod
1845 1739 1918 1772 Rex
1933 1741 2009 1772 estet
2029 1750 2084 1781 pu-

1198 1783 1362 1820 niendusa
1376 1784 1452 1819 Deo
1463 1809 1473 1824 ‚
1503 1786 1584 1820 sicut
1597 1785 1730 1829 punitus
1738 1787 1802 1821 fuit
1816 1787 2007 1823 Fredericus
2023 1788 2086 1822 Ex-

1197 1834 1376 1879 Augustus.
1409 1845 1520 1881 ¹952·
1558 1837 1689 1870 Citatur
1711 1836 1754 1871 ad
1775 1837 1983 1880 colloquium
2008 1849 2086 1873 cum

1196 1885 1359 1928 Regibus:
1388 1884 1469 1930 248.
1482 1898 1504 1918 ι.
1533 1885 1636 1921 Aitse
1656 1897 1830 1921 venturum
1850 1889 2001 1931 quidem,
2030 1889 2084 1923 sed

1196 1935 1311 1968 timere
1328 1935 1481 1969 fraudem.
1506 1935 1578 1968 ibid.
1592 1948 1624 1974 2.
1651 1936 1842 1976 Interdicit,
1871 1939 1904 1973 dc
1928 1940 2086 1983 plurimos

1182 1985 1482 2025 excommunicat,
1510 1987 1690 2030 protestans
1712 1989 1802 2031 quod
1826 1988 1891 2032 jam
1906 2001 1966 2031 nec
1979 1999 2085 2033 parcet

1194 2036 1336 2078 persona:
1359 2035 1473 2079 Regis.
1499 2036 1579 2073 261.
1589 2049 1623 2075 2·
1654 2037 1846 2072 Interdistio
1869 2050 1936 2074 erat
1963 2039 2086 2074 condi-

1194 2086 1320 2120 tionata
1334 2109 1345 2125 ,
1365 2086 1420 2118 nisi
1439 2085 1514 2120 Rex
1527 2087 1611 2121 intra
1623 2087 1856 2124 determinatos
1880 2090 1949 2124 dies
1964 2091 2086 2124 satisfa-

1193 2146 1289 2170 ceret.
1316 2134 1393 2171 260.
1405 2145 1436 2170 2.
1463 2134 1554 2180 usque
1568 2139 1646 2184 263.
1665 2151 1691 2174 1.
1720 2139 1828 2183 Luget
1842 2140 1932 2183 quod
1955 2140 2085 2186 Regem

1193 2195 1261 2219 tam
1275 2185 1330 2220 diu
1345 2186 1531 2221 toleraverit
1545 2188 1759 2230 impunitum.
1789 2187 1865 2227 281.
1883 2203 1913 2228 2·
1928 2191 2087 2224 Metuens

1193 2236 1284 2270 ne‘in
1297 2245 1445 2270 extremo
1456 2237 1582 2280 judicIo
1608 2237 1640 2272 id
1667 2239 1725 2273 fibi
1747 2241 1936 2285 imputetur.
1963 2240 2087 2288 269-2-

1193 2280 1358 2319 Hortatur
1381 2285 1503 2327 Papam
1528 2298 1564 2321 ut
1586 2289 1737 2330 procedat
1759 2291 1800 2324 ad
1835 2299 1975 2332 poenam-
2010 2290 2086 2322 ibid·

1194 2332 1275 2375 Ejus
1286 2345 1404 2369 manus
1417 2345 1476 2378 pto
1488 2338 1583 2381 §⁶¹35ss
1594 2340 1667 2369 viee
1681 2339 1834 2381 ligantur.
1863 2349 1943 2384 297.
1960 2349 1988 2373 1.
2001 2336 2083 2381 298.

1193 2394 1226 2420 2.
1240 2382 1539 2417 Diffolountursub
1551 2385 1769 2423 conditione,
1793 2385 1816 2416 si
1829 2385 1904 2417 Rex
1927 2397 1996 2420 non
2021 2388 2089 2421 refi-

1191 2433 1302 2476 piscat.
1331 2434 1450 2478 2961·
1488 2441 1611 2477 297.1.
1638 2431 1756 2465 Iterum
1789 2434 2013 2471 instantisfime
2038 2449 2088 2471 ur·

1192 2492 1248 2527 get
1259 2482 1429 2515 Summum
1448 2479 1667 2515 Pontificem:
1686 2482 1900 2518 Validiffimis
1913 2497 2088 2530 argumen-

1194 2533 1235 2566 tis
1246 2531 1440 2571 ostendens,
1466 2531 1555 2574 quod
1580 2542 1689 2566 totum
1714 2533 1837 2567 malum
1862 2546 1973 2569 ortum
1994 2536 2030 2571 fit
2043 2548 2084 2570 ex

1195 2582 1298 2616 nimia
1310 2580 1577 2614 dsffimulatione.
1599 2591 1675 2628 30².-
1689 2594 1718 2619 2.
1733 2584 1849 2618 Scribit
1863 2585 2083 2622 humillimam

1195 2630 1235 2666 ad
1249 2633 1374 2675 Regem
1394 2628 1574 2674 Epistulam
1587 2657 1596 2671 ,
1611 2633 1772 2674 spondens
1784 2635 1904 2669 servare
1918 2636 1989 2678 ejus
2003 2649 2085 2671 con-

1195 2679 1479 2724 suetudinessalvo
1489 2680 1651 2724 ordinesuo
1663 2708 1673 2722 ‚
1689 2683 1722 2716 ὅ(
1734 2695 1775 2716 ex
1787 2685 1971 2727 juramento
1984 2688 2086 2721 serva·

1196 2742 1229 2765 re
1245 2731 1294 2765 illi
1306 2733 1407 2765 vitam
1420 2731 1454 2765 ὅ(
1467 2730 1610 2765 membra
1622 2758 1632 2773 ‚
1645 2733 1678 2766 δε
1691 2744 1825 2768 omnem
1839 2735 1905 2770 hon
1913 2747 2004 2771 orem
2017 2747 2084 2771 ter-

1196 2791 1330 2822 renum,
1356 2781 1450 2815 &illi
1466 2782 1581 2816 servire
1595 2782 1740 2818 libenter.
1756 2783 1834 2832 298.
1854 2797 1881 2821 1.
1910 2787 2085 2830 Colloqui-

1196 2842 1250 2866 tur
1269 2842 1346 2865 cum
1368 2832 1461 2876 Rege
1487 2832 1634 2877 Angliae.
1664 2833 1801 2889 Flectit:
1830 2847 1939 2878 pacem
1970 2842 2048 2880 petit
2076 2861 2086 2870 .

1196 2882 1341 2925 Spondet
1354 2882 1475 2915 servare
1500 2881 1622 2927 Regias
1649 2883 1914 2920 consuetudines
1931 2885 2019 2929 salvo
2035 2887 2085 2920 bo-

1196 2943 1264 2966 nore
1276 2934 1349 2965 Del.
1378 2929 1779 2981 Etsalvoordinesuo.300.
1793 2945 1822 2971 2.
1848 2945 1919 2976 301.
1939 2947 1965 2971 1.
1984 2947 2082 2984 33.1.

1195 2982 1288 3016 Hinc
1299 2981 1403 3026 jurgia
1416 2981 1567 3016 oriuntur
1578 3008 1589 3023 ‚
1617 2982 1799 3017 affirmante
1825 2985 1916 3029 Rege
1930 2985 1986 3019 has
1999 2987 2087 3019 clau-

1194 3032 1277 3066 sulas
1286 3033 1349 3066 effe
1368 3031 1546 3075 captiosas.
1576 3033 1686 3077 Rogat
1700 3032 1915 3069 D.Th0mam
1939 3036 1995 3070 fibi
2011 3045 2084 3078 prae-

1192 3082 1298 3121 stare,
1325 3082 1414 3125 quod
1441 3081 1582 3115 minimo
1606 3082 1740 3127 Regum
1769 3085 1899 3129 Angliae
1936 3085 2084 3128 praestitit

1193 3131 1476 3165 Cantuarienfium
1492 3132 1731 3177 Episcoporum
1745 3135 1964 3169 sanctissimus.
1981 3135 2078 3178 Resp.

1192 3182 1235 3216 D.
1249 3182 1402 3216 Thomas
1414 3192 1480 3215 non
1494 3182 1606 3217 omnia
1622 3207 1632 3223 ‚
1659 3195 1728 3226 quae
1741 3185 1885 3218 fecerunt
1908 3187 1941 3218 ὅ(
1965 3186 2082 3219 tolera-
2109 3208 2111 3211 -

1193 3242 1306 3266 verunt
1319 3232 1446 3270 Sancti,
1474 3230 1566 3265 fuisse
1597 3234 1719 3268 Sancta.
1747 3235 1823 3266 ibid.
1852 3235 1979 3268 Omnes
2006 3236 2080 3269 sunt

1191 3292 1306 3316 contra
1328 3281 1370 3315 D.
1393 3280 1587 3323 Thomam‚
1629 3285 1725 3327 usque
1746 3284 1786 3317 ad
1814 3285 1917 3326 ipsum
1947 3285 2077 3328 Regem

1191 3332 1342 3366 Franciae.
1368 3341 1466 3379 341.
1486 3330 1549 3375 seq.
1577 3332 1694 3367 Manet
1719 3333 1994 3369 constanscontra
2005 3344 2082 3368 orn-

1192 3393 1250 3415 nes
1270 3393 1329 3425 pro
1351 3377 1490 3416 Ecclesia
1518 3382 1553 3415 &
1572 3381 1719 3417 libertate
1740 3383 1817 3427 ejus.
1862 3393 1962 3430 341.
1985 3383 2083 3418 disce-

1192 3431 1287 3466 dunt.
1313 3430 1388 3464 ibid.
1415 3431 1594 3466 Putabatur
1607 3432 1681 3466 ideo
1692 3431 1865 3468 desertusa
1877 3435 1970 3478 Rege
1982 3434 2080 3466 Fran-

1193 3480 1260 3517 ciae.
1287 3484 1396 3517 Verum
1408 3485 1473 3517 Rex
1488 3481 1746 3527 Christianisfimas
1763 3483 1826 3528 post
1845 3485 1960 3527 longam
1971 3484 2082 3516 delibe-

1866 3543 2031 3576 rationem,
