2358 3776
506 74 546 120 S.
594 69 889 120 THOMAE
936 63 1336 115 CANTUAR.
1375 64 1519 114 1113.
1570 69 1670 117 KV.

136 157 225 207 Legi
236 157 452 203 subjiciendas
461 168 604 204 patenter
613 159 648 195 δε
657 168 806 203 potenter
814 156 977 192 evincant.
1001 154 1067 190 Re·

138 209 321 248 fistentibus
333 210 420 245 enim
438 210 594 245 facillime
604 210 745 252 cedunt,
770 209 828 253 qui
847 206 1007 250 fugientes
1018 205 1067 238 in-

137 259 325 301 maritume*
334 262 587 305 persequuntur.
616 261 658 295 Et
680 261 835 304 tanquam
859 254 974 300 praevifi
998 255 1066 299 lupi

137 310 262 345 nullam
292 310 626 356 appropinquantibus
651 310 799 344 adferunt
819 307 979 342 laefionem
1002 329 1014 345 ,
1044 305 1068 343 fi

135 361 222 396 fraus
231 370 343 395 eorum
355 361 540 396 reveletuta
561 362 710 396 fidelibus
723 383 734 401 ,
760 360 794 393 δε
813 365 964 402 arguatur
979 354 998 390 ὲ
1019 356 1066 390 lu—

139 411 230 445 mine
240 435 253 445 .,
275 410 369 458 Qid
378 411 469 445 enim
480 411 571 445 dedit
583 412 625 446 ab
646 409 745 445 initio
754 417 875 443 cornua
885 407 1043 450 peccatori
1056 431 1068 450 ,

141 461 200 494 nisi
220 460 309 504 quod
318 471 432 495 omnes
443 462 477 495 iu
487 463 600 506 fugam
624 461 698 495 verfi
719 458 940 502 disparuerunt
955 457 1068 491 afacie

135 509 320 546 tribulantis
341 536 352 552 ‚
377 513 412 546 ἀ
435 512 611 547 Ecclesiam
633 510 836 545 laborantem
855 518 968 542 contra
989 518 1027 541 ea
1057 531 1068 548 ,

136 571 207 604 qua:
229 561 286 595 sub
307 570 459 605 praetextu
478 562 556 605 juris
580 560 772 599 inveterati,
799 559 834 594 &
856 558 1067 602 antiquarum

137 610 189 645 vel
199 610 471 655 antiquandarum
484 611 757 648 consuetudinum
772 609 958 653 praesumpta
969 609 1042 642 sunt
1055 631 1067 648 ,

136 671 208 695 non
217 671 284 694 erat
295 662 352 703 qui
363 660 548 705 adjuvaret?
573 662 633 697 Sed
651 671 708 705 pro
728 670 818 694 certo
841 660 895 703 qui
920 669 997 692 tunc
1008 669 1069 702 prae

136 711 260 746 eaeteris
279 712 401 755 placere
423 710 631 752 hominibus,
664 708 767 745 imme>
788 708 971 746 furentibus
993 707 1067 745 affe·

135 759 267 795 stabant
289 786 300 801 ,
326 762 449 796 confusi
474 764 547 796 sunt
572 786 584 801 ,
621 757 841 803 comprehensi
863 760 896 792 in
917 758 1068 802 operibus

139 820 295 844 manuum
311 812 438 846 suarum
451 835 462 851 ,
486 813 520 845 δε
538 811 660 844 Divina
671 820 828 853 praeeunte
840 810 874 844 &
895 810 1068 853 adjuvante

137 858 345 900 Clementia,
371 859 508 903 amplius
519 860 763 894 confundentur
775 884 786 900 ,
808 860 964 903 quoniam
978 859 1069 893 Deus

132 906 215 942 dum
244 910 350 944 taliter
370 911 404 943 in
426 910 531 952 specie
564 910 752 954 Religionis
776 911 887 944 versati
911 908 1030 943 fuerint
1057 932 1068 949 ,

135 958 258 1001 spernit
279 958 373 994 illos.
400 959 490 994 Salus
512 969 621 993 autem
644 961 818 998 elestorum
848 959 973 994 videtur
991 959 1069 992 stare

134 1018 196 1050 prae
219 1008 364 1050 foribus,
395 1010 429 1043 &
450 1010 526 1043 Deo
551 1010 693 1053 propitio
713 1010 852 1055 gloriam
874 1020 987 1043 eorum
1000 1008 1069 1045 cito,

133 1057 449 1101 contemplabuntur
471 1059 560 1095 oculi
581 1060 675 1093 vestri
699 1084 709 1099 ,
737 1061 770 1094 ἀ
794 1061 933 1094 aliorum
944 1059 1000 1103 qui
1013 1058 1068 1092 de-

132 1117 303 1141 creverunt
323 1108 399 1141 Deo
423 1108 533 1152 potius
563 1111 661 1153 quam
688 1107 879 1145 hominibus
903 1109 1035 1143 obedire
1060 1132 1066 1141 .

139 1156 248 1190 Unde
258 1157 410 1192 Domino
421 1169 496 1192 meo
515 1159 677 1204 Episcopo
689 1159 899 1195 Vintonienfi
911 1183 922 1199 ‚
950 1167 1068 1201 quanta

134 1206 262 1249 possum
284 1208 405 1242 mentis
428 1209 592 1243 alacritate
614 1233 626 1249 ,
651 1209 888 1252 congratulor,
914 1209 969 1250 qui
994 1217 1069 1240 con-

138 1266 257 1290 ventus
276 1256 294 1290 a
316 1256 483 1302 Judicibus
501 1259 535 1291 δε
557 1259 745 1293 Senioribus
770 1268 856 1291 terrae
881 1255 1013 1290 Christo
1023 1256 1068 1288 di-

134 1316 241 1350 gnum
259 1306 447 1348 responsum
467 1307 579 1345 dedit,
606 1307 639 1339 &
660 1308 846 1348 rescriptum
868 1305 972 1337 ernifit
994 1314 1070 1336 con·

138 1364 258 1398 gruum
276 1355 383 1393 aetati,
410 1354 616 1397 profeffioni,
641 1351 790 1393 honori,
816 1353 851 1386 ἀ
872 1354 1006 1397 generi,
1034 1353 1068 1391 ὃς

132 1403 223 1446 quod
235 1403 275 1437 ad
286 1403 440 1438 virtutem
450 1413 595 1447 poterat,
621 1404 743 1437 ficut&
759 1404 868 1437 fecisse
890 1401 1031 1437 creditur
1058 1426 1069 1441 ,

135 1451 430 1496 Compresbyteros
452 1455 599 1487 animare
620 1475 626 1482 -
654 1453 744 1489 Nam
763 1453 796 1487 ἀ
814 1452 866 1486 illi
889 1433 1087 1487 tendiculasl

138 1501 364 1536 insidiantium
389 1502 596 1539 laudabiliter
615 1503 795 1537 eluserunt.
826 1501 903 1535 Alia
926 1502 1018 1541 vice,
1045 1501 1067 1534 fi

134 1552 294 1587 conventi
304 1551 446 1594 fuerint,
473 1554 612 1588 locuturi
638 1551 769 1589 verbum
783 1549 856 1599 fidei
879 1550 1082 1597 &veritatis

133 1611 212 1636 cum
224 1601 366 1636 fiducia:
394 1602 489 1645 plane
499 1603 675 1643 docentes,
694 1603 784 1648 quod
803 1602 974 1637 Dominus
995 1598 1076 1637 Rex*

137 1649 295 1688 hactenns
307 1652 444 1687 abutens
454 1653 635 1696 pernicioso
648 1651 783 1696 oonsilio
793 1651 950 1690 abductus
966 1651 1012 1685 est
1034 1650 1068 1684 in

136 1701 285 1742 invium,
312 1702 344 1737 δε
369 1714 437 1736 non
461 1704 494 1737 in
516 1703 623 1744 viam,
649 1700 887 1745 &suadebunt
903 1725 916 1744 ,
943 1700 1070 1745 utinam
1102 1702 1106 1731 ἶ

136 1751 370 1795 persuadeant,
397 1763 433 1789 ut
444 1753 484 1787 ad
498 1754 583 1788 viam
595 1752 852 1808 redeatjssseatttja·
864 1758 962 1794 quam
973 1750 1075 1787 salira·>
1093 1783 1095 1785 ,

137 1800 166 1835 ri
190 1810 259 1834 non
279 1801 407 1843 potest,
436 1813 496 1835 nec
517 1803 574 1836 diu
599 1803 744 1844 Principi

827 1801 983 1847 juna,
1009 1797 1070 1839 ,nm

134 1859 214 1883 cum
235 1849 375 1884 Ecclesia
398 1850 463 1886 Dei
481 1852 579 1886 faciat
600 1861 713 1894 pacem
726 1875 733 1882 .
761 1849 815 1886 Ne
839 1854 917 1897 ⁸⁹93
936 1846 1081 1896 gnorent.¹
1098 1857 1109 1871 -’

136 1898 246 1934 inanis
265 1899 423 1945 gloriatio
444 1912 558 1935 eorum
570 1925 581 1940 ,
608 1901 665 1943 qui
688 1899 833 1943 jastitant
854 1898 873 1941 ,¹³²
889 1896 981 1946 quod
998 1898 1080 1938 Dok-¹

137 1949 251 1984 minus
261 1949 347 1994 Papa
359 1950 432 1984 illos
442 1976 452 1991 ‚
480 1961 562 1994 quos
574 1944 883 1992 Archi-Episcopi&

975 2092 985 2104 ’1,
995 2100 997 2102 .

138 2099 206 2133 sam
215 2096 334 2133 dicitur
344 2099 504 2144 delegasse
513 2124 524 2140 ,
549 2100 584 2135 ὅτ
595 2098 662 2133 hoc
674 2097 843 2143 postquam
866 2095 964 2131 anath

126 2148 351 2184 aeondemnati
365 2151 456 2184 sunt.
483 2148 572 2183 Nam
597 2148 783 2184 Dominum
805 2147 926 2191 Papam
938 2159 1018 2181 excu
1036 2159 1053 2181 a

137 2199 344 2242 ignorantia,
369 2199 423 2232 cui
437 2199 584 2233 nondum
607 2199 795 2234 innotuerat
817 2198 851 2231 in
864 2209 920 2232 eos
938 2208 1068 2233 excom—

138 2247 374 2282 municationis
385 2248 483 2283 latam
493 2249 554 2283 effe
566 2249 759 2282 sententiam
771 2272 783 2289 ,
808 2259 869 2282 nee
881 2258 990 2282 tamen
1004 2257 1069 2290 pre·

140 2309 179 2332 ce
198 2298 246 2331 vel
259 2297 361 2340 pretio
374 2298 487 2333 induci
500 2303 608 2342 potuit
619 2322 631 2338 ‚
650 2308 686 2333 ut
697 2298 839 2342 aliquem
851 2309 964 2332 eorum
974 2297 992 2331 a
1003 2307 1068 2331 ma·

142 2359 187 2381 nu
202 2348 245 2381 D.
262 2347 499 2383 Cantuariensis
512 2349 686 2389 eximeret,
713 2349 794 2393 quin
806 2359 865 2391 pro
883 2346 985 2381 modo
1001 2346 1064 2380 cul·

141 2409 190 2440 pae
209 2408 265 2432 eos
287 2398 469 2441 percelleret
490 2399 653 2433 severitate
675 2397 837 2431 vindietae.
863 2394 942 2431 Hoc
958 2406 1066 2431 autem

140 2457 264 2481 eertum
275 2456 383 2480 teneat
401 2449 502 2482 vestra
514 2447 647 2482 dileetio
658 2471 670 2488 ,
695 2446 785 2492 quod
796 2447 962 2481 Dominus
984 2447 1069 2481 Can·

142 2495 308 2530 tuarienfis
328 2497 486 2542 praeelegit
507 2498 541 2532 in
553 2498 658 2534 exilio
679 2497 785 2543 mori,
812 2498 911 2541 quam
930 2498 997 2531 sine
1009 2497 1070 2530 Ec·

140 2546 240 2579 clefiae
260 2544 450 2580 liberatione
469 2547 569 2582 redire
582 2572 593 2587 ‚
630 2558 713 2589 nec,
740 2546 879 2582 authore
901 2547 993 2585 Deo,
1022 2558 1071 2589 pa-

143 2607 216 2630 cem
227 2596 363 2629 facturus
373 2596 418 2629 est
429 2620 441 2636 ,
469 2596 526 2629 nifi
539 2596 655 2631 utilem
665 2596 798 2639 posteris
813 2621 824 2637 ,
848 2598 882 2631 ἀ
904 2596 1073 2631 honestam

144 2645 352 2689 praesentibus
373 2646 407 2680 <Sc
427 2645 561 2680 futuris.
588 2646 623 2680 Si
638 2642 714 2679 vero
733 2646 951 2688 persecutores
963 2646 1074 2679 Eccle-

145 2696 196 2728 fiae
210 2695 376 2738 perdurare
390 2698 424 2729 in
450 2696 575 2729 malitia
593 2694 811 2734 decreverint,
839 2695 906 2738 ipse
918 2696 1075 2739 quoniam

145 2745 276 2789 plenam
287 2747 411 2787 accepit
434 2746 649 2789 potestatem,
677 2744 898 2788 progredietur
921 2745 1075 2786 ulterius,

144 2796 302 2830 &contra
320 2796 429 2830 Deum
450 2797 485 2831 in
509 2794 689 2830 exercenda
699 2794 821 2839 justitia
836 2795 919 2829 nulli
932 2795 1074 2831 omnin&

145 2855 253 2888 parcet
266 2869 273 2879 .
298 2845 414 2881 Valete
426 2871 434 2879 .

345 2994 750 3030 EPISTOLA
839 2994 878 3029 L.

257 3095 426 3127 Alexandro
451 3097 547 3137 Papae
580 3094 709 3128 Thomas
738 3094 957 3137 cantuarienfis

474 3144 736 3188 Archi-Episcopus
751 3171 759 3178 .

248 3244 360 3279 UOT
385 3242 549 3288 angustias
570 3255 608 3278 ac
631 3245 855 3280 tribulationes
869 3269 880 3285 ,
906 3244 1027 3278 multas
1042 3243 1076 3276 &

271 3294 371 3327 malas
393 3318 403 3334 ‚
440 3306 496 3338 pro
520 3294 664 3327 libertate
686 3295 805 3330 Sanstae
840 3293 906 3329 Dei
932 3294 1078 3327 Ecclefiae

260 3343 377 3378 ruenda
391 3344 424 3376 in
438 3344 594 3377 diuturno
604 3354 678 3377 cum
698 3345 827 3387 copiosa
850 3346 883 3379 &
908 3345 1076 3378 innumera

148 3395 273 3433 Christi
291 3404 467 3439 pauperum
479 3394 693 3430 multitudine
705 3395 805 3432 exilio
820 3419 832 3438 ,
856 3395 924 3440 jam
946 3393 1011 3429 fere
1023 3404 1079 3437 per

1078 1801 1081 1804 i
1124 1757 1194 1805 fu!
1240 1755 1270 1794 ἰ
1301 1747 1319 1803 -.
1355 1756 1423 1805 ,σιξ
1439 1759 1462 1791 ο”

1092 1807 1102 1822 ⁵
1136 1797 1244 1836 emus*
1256 1796 1442 1845 &limpha-

1104 1840 1112 1850 “
1127 1844 1341 1889 ῑέὶαανκεῆῆ
1353 1845 1538 1891 Ριῂτοίεαε
1549 1848 1703 1891 dignetur
1713 1873 1720 1879 .
1748 1850 1780 1883 Si
1807 1850 1956 1894 magister
1968 1852 2067 1888 Lom-

138 1999 324 2039 micant-at,
350 1998 466 2034 habeat
486 2000 652 2034 absolutos
671 2023 683 2038 ‚
713 1997 790 2033 inde
815 1958 1093 2050 solat·iu¹„f¹n:lw:llg<>¹
1130 1981 1138 2001 ⁵
1169 1986 1185 1996 ”
1249 1971 1257 1979 ’
1282 1946 1305 1984 fi

137 2059 243 2083 rentes
256 2049 389 2084 miseriae
401 2051 460 2084 suae
473 2074 483 2090 ‚
509 2050 598 2094 quod
608 2050 654 2083 eis
665 2060 739 2084 cum
761 2047 989 2087 benedistidoe
997 2048 1079 2085 mn„

1899 94 1920 135 3
1936 96 1951 124 ¹
1962 94 1996 133 9

1136 148 1340 194 septennium
1366 148 1549 187 laborantes
1568 155 1791 196 miserabiliter
1804 160 2065 206 sustinuerimus,

1137 197 1255 240 vestra,
1284 199 1380 237 Pater
1404 201 1595 240 sanciiffime
1614 227 1626 244 ‚
1653 207 1779 250 plenius
1805 214 1938 249 noscere
1963 213 2064 249 debet

1134 249 1272 295 prudens
1298 250 1451 298 discretio
1471 275 1483 292 ,
1508 251 1526 284 a
1552 253 1644 295 cujus
1670 258 1780 294 animo
1804 262 1848 298 de
1871 265 1963 301 facili
1990 276 2062 300 non

1133 300 1298 346 possumus
1323 301 1453 337 credere
1476 327 1488 344 ,
1515 302 1605 343 quod
1632 303 1870 346 sustinuerimus
1895 338 1907 354 ‚
1941 314 2026 351 elabi
2051 339 2062 347 ,

1132 351 1195 388 Sed
1208 351 1310 386 vestra
1335 351 1468 396 potius,
1496 352 1592 389 Pater
1603 350 1808 396 charissime,
1833 363 1955 399 scincet
1971 364 2065 414 quod

1130 411 1205 437 cum
1238 401 1332 446 Rege
1362 403 1551 449 Anglorum
1582 402 1649 438 fere
1671 406 1769 449 usque
1787 407 1829 440 ad
1863 420 1999 448 mortem
2025 415 2064 451 in

1131 461 1239 496 agone
1260 452 1550 495 contenderimus,
1579 453 1677 488 vestra
1697 455 1826 498 plenius
1845 460 1942 492 novit
1961 473 2061 507 expe-

1130 502 1269 543 rientia,
1296 503 1376 547 qui,
1399 503 1479 538 ficut
1500 503 1534 538 ἀ
1558 514 1640 544 neS,
1667 505 1763 548 ipfius
1783 507 1939 543 versutias
1962 510 1997 542 ἀ
2014 511 2066 545 de·

1130 552 1298 597 ceptiones
1316 553 1640 597 reruuLexperientia
1658 555 1816 591 didicistis
1836 582 1846 589 .
1872 559 1926 593 De
1946 558 2069 594 nostris

1131 603 1265 646 quidem
1289 604 1339 637 vel
1362 604 1403 638 de
1423 603 1540 639 alienis
1555 628 1567 644 ,
1604 605 1660 647 qui
1694 617 1753 649 pro
1772 607 1924 645 Ecclefiae
1948 608 2068 648 nostrat

1130 653 1164 689 δε
1186 654 1302 689 nostris
1321 654 1362 688 ad
1387 664 1443 687 vos
1462 654 1503 689 de
1537 664 1653 688 caetero
1685 658 1765 692 velit
1801 659 1933 695 transire
1956 670 2068 704 nego·-

1131 702 1204 741 tiis‚
1239 704 1274 736 in
1303 703 1462 738 diuturno
1495 705 1600 739 exilio
1634 704 1718 745 adeo
1744 709 1914 742 extenuati
1933 709 1988 743 vix
2008 709 2068 743 alie-

1131 763 1250 796 quem,
1275 749 1382 788 immo
1407 755 1560 789 veraciter
1581 755 1711 789 nullum
1732 758 1922 800 reperimus.
1952 759 2061 793 Unde

1131 804 1280 841 Domine
1309 804 1343 839 δε
1378 804 1475 843 Pater
1508 803 1689 840 chariffime
1710 829 1722 846 ‚
1760 808 1921 843 sanititati
1956 809 2067 845 vestrae

1132 853 1314 899 provolutis
1335 854 1491 898 genibus,
1521 866 1579 898 pro
1602 855 1741 890 Ecclesia
1766 857 1952 902 Anglicana
1974 883 1985 899 ,
2006 870 2067 902 pro

1132 902 1247 943 nobis,
1273 904 1305 936 &
1327 914 1386 946 pro
1405 907 1470 939 vita
1492 905 1599 938 nostra
1628 908 1799 950 temporali
1822 908 2037 951 supplicamus
2051 933 2066 949 ,

1131 953 1290 1001 quatenus
1310 953 1342 988 δε
1366 954 1515 988 Ecclefiae
1528 955 1737 990 Occidentali
1750 982 1760 997 ,
1788 958 1821 991 ἀ
1846 959 1920 992 vitae
1933 960 2063 999 nostrat,

1100 1007 1103 1010 “
1132 1014 1173 1037 ne
1205 1004 1339 1046 turpiter
1370 1003 1389 1040 ὲ
1429 1015 1570 1047 tyranno
1609 1007 1758 1049 prostrati
1793 1018 2003 1049 corruamuS,
2030 1009 2068 1043 in

1132 1053 1368 1096 petitionibus,
1394 1065 1473 1098 quas
1496 1054 1658 1095 sanctitati
1683 1059 1789 1093 vestrae
1811 1070 1867 1102 per
1878 1058 2069 1103 magistrum

1132 1103 1354 1140 Lombardurn
1370 1104 1404 1137 ὅ(
1426 1105 1580 1139 Nuncios
1614 1106 1740 1141 nostros
1763 1133 1774 1149 ‚
1813 1119 1895 1155 quos
1927 1107 1968 1144 ad
1990 1119 2067 1143 eum

1131 1154 1165 1190 ὅ(
1187 1154 1227 1186 ad
1253 1153 1488 1190 Paternitatem
1514 1156 1650 1190 vestram
1667 1158 1867 1200 direximus,
1893 1169 1953 1193 nos
1972 1158 2063 1192 beni·v

1131 1202 1195 1246 gne
1215 1203 1250 1237 &
1273 1204 1415 1245 plenarie
1445 1206 1479 1238 in
1511 1206 1557 1240 eis
1577 1207 1756 1241 exaudiatis
1782 1232 1792 1248 ‚
1829 1209 1861 1248 &
1897 1208 1936 1242 ad
1973 1207 2068 1242 subfi-

1131 1252 1223 1285 dium
1249 1253 1395 1290 Ecclefiae
1417 1256 1484 1288 Dei
1509 1279 1520 1294 ,
1555 1255 1587 1291 &
1611 1256 1681 1292 vitae
1704 1257 1819 1291 nostrae
1854 1257 2066 1300 imposterum

1132 1299 1228 1332 nobis
1250 1302 1447 1346 quantocius
1467 1304 1597 1336 mittere
1620 1304 1825 1345 dignemini·
1852 1307 2066 1344 Braesentium

1131 1348 1287 1391 siquidem
1311 1349 1447 1384 latorem
1469 1373 1480 1390 ,
1518 1350 1636 1385 Virum
1667 1351 1838 1394 honestum
1861 1356 1895 1389 ὄσ
1921 1356 2070 1400 Religio·

1133 1400 1202 1432 sum
1217 1423 1228 1439 ,
1254 1400 1414 1438 sanctitati
1438 1401 1546 1435 vestrae
1564 1399 1822 1443 destinavimus,
1851 1406 2068 1448 supplicantes

1135 1449 1168 1487 ὃς
1192 1459 1343 1492 rogantes
1366 1450 1523 1483 attentius
1544 1473 1556 1489 ,
1594 1452 1753 1493 quatenus
1773 1464 1848 1487 eum
1875 1455 1946 1491 vice
1968 1454 2070 1489 nostri

1137 1497 1279 1543 benigne
1299 1498 1478 1542 suscipiatis
1500 1523 1511 1539 ,
1537 1498 1572 1535 &
1605 1511 1641 1533 ea
1666 1525 1677 1541 ,
1704 1512 1772 1543 quae
1797 1503 1900 1536 vestrae
1922 1503 2074 1540 Paterni-

1099 1560 1115 1590 (
1136 1548 1195 1590 tati
1220 1559 1274 1591 per
1294 1559 1368 1585 eum
1389 1549 1665 1595 communicanda
1690 1551 1840 1591 Domino
1872 1554 2010 1592 Ostiensi
2033 1555 2068 1589 δε

1107 1602 1112 1633 ζ
1136 1596 1288 1642 magistro
1314 1598 1505 1646 Lombardo
1527 1596 1744 1652 significamus
1769 1626 1780 1642 ‚

1819 1603 1897 1636 ficut
1918 1604 1982 1637 Dei
2006 1604 2069 1639 Ec-

1135 1648 1236 1693 clefiae
1267 1648 1505 1696 occidentali,
1541 1650 1768 1694 65³³praecipue
1800 1652 2028 1688 Cantuarienfi
2054 1679 2067 1697 ‚

1135 1698 1259 1747 cupitis
1281 1698 1344 1736 effe
1366 1697 1494 1746 prospe
1536 1735 1539 1738 Α
1560 1694 1600 1715 ’Ἱ
1610 1700 1729 1740 pariter
1751 1702 1785 1737 ὃς
1809 1703 1881 1739 vitae
1915 1705 2031 1737 nostrae
2057 1728 2069 1746 ‚

1497 1752 1500 1754 '
1542 1745 1582 1780 ’ὸ
1606 1748 1639 1783 &
1662 1748 1805 1791 plenarie
1834 1752 2069 1793 exaudientes,

1537 1808 1552 1830 s
1571 1799 1734 1834 remittere
1745 1811 1799 1843 per
1811 1801 1955 1835 nostrum
1975 1802 2071 1837 Nun-

1179 1896 1527 1945 rdgspraesepsfuerit,
1553 1908 1650 1940 penes
1672 1909 1748 1932 eum
1767 1899 1958 1936 litteraeistae
1969 1914 2070 1939 rema·

1210 1943 1223 1950 “
1464 1971 1475 1986 ,
1503 1947 1589 1990 apud
1603 1948 1790 1983 Dominum
1813 1950 1846 1984 &
1864 1951 1991 1986 Patrem
2009 1964 2069 1987 no-

1315 2032 1318 2038 ,
1350 1991 1357 2001 “
1379 2008 1434 2031 um
1447 1996 1631 2031 Ostiensem
1646 2022 1656 2036 ‚
1684 2000 1734 2033 vel
1746 2000 1851 2034 filium
1864 2004 1973 2045 gratiae
1985 2003 2064 2038 Gra·

1096 2064 1112 2095 3·
1125 2046 1302 2094 tkonfiy
1345 2046 1427 2080 aleat
1442 2039 1592 2083 sanffitas
1604 2048 1701 2084 vestra
1716 2073 1727 2090 ,
1754 2050 1851 2085 Pater
1863 2049 2068 2099 sanctiffime,

1075 2128 1078 2141 Ζ
1102 2095 1328 2167 z'tiffsifipora
1342 2097 1513 2142 longiora⁷

1308 2196 1719 2237 EPIsToLA
1818 2202 1887 2241 L1.

1334 2296 1508 2331 Alexander
1536 2301 1625 2340 Papa
1652 2302 1796 2336 Lodovico
1820 2307 1896 2348 Rege

1497 2350 1684 2383 Francorum
1704 2374 1714 2383 .

1237 2444 1370 2481 EGIAE
1397 2447 1586 2482 Serenitatis
1612 2447 1833 2486 Clementiam
1860 2458 1986 2488 motam
2012 2455 2069 2491 ad-

1260 2496 1398 2531 modum
1424 2499 1457 2531 δε
1483 2497 1643 2532 turbatam
1670 2500 1732 2533 effe
1757 2502 1940 2545 accepimus
1975 2527 1986 2544 ,
2023 2505 2065 2539 ed

1137 2545 1227 2588 quod
1257 2546 1447 2581 Venerabili
1476 2546 1565 2581 fratri
1600 2548 1710 2582 nostro
1749 2550 1891 2587 Thomae
1923 2553 2066 2589 cantua-

1138 2596 1230 2631 riensi
1250 2595 1530 2640 Archi-Episcopo
1555 2597 1645 2639 juxta
1668 2609 1781 2635 votum
1815 2602 1849 2637 δε
1869 2602 2061 2638 desiderium

1139 2647 1256 2686 suum,
1281 2648 1314 2680 ἀ
1336 2656 1433 2688 prout
1455 2647 1620 2681 necessitas
1630 2650 1760 2693 exigit,
1786 2662 1855 2685 non
1867 2653 2066 2694 adfistamus,

1139 2697 1173 2731 &
1194 2696 1284 2741 quod
1305 2695 1437 2730 illustris
1457 2696 1530 2730 Rex
1552 2697 1743 2742 Anglorum
1777 2701 1826 2735 illi
1849 2727 1859 2744 ,
1894 2704 2065 2738 occasione

1140 2747 1320 2781 litterarum
1341 2769 1353 2786 ,
1390 2756 1472 2789 quas
1496 2747 1545 2780 illi
1577 2750 1807 2785 transmifimus
1828 2776 1838 2790 ‚
1876 2752 2067 2787 incessanter

1141 2796 1319 2836 insultans,
1344 2794 1386 2829 ab
1402 2795 1470 2839 ejus
1501 2796 1661 2840 gloriet‘ur
1692 2802 1722 2833 se
1751 2800 1972 2844 jurisdictione
1992 2803 2063 2838 sub-

1140 2848 1276 2882 traetum
1300 2869 1307 2877 .
1338 2844 1463 2880 Verum
1495 2845 1518 2878 fi
1543 2857 1638 2882 tenor
1669 2850 1809 2893 ipsarum
1844 2853 2022 2887 litterarum
2044 2854 2064 2888 a

1142 2895 1303 2941 principio
1324 2897 1428 2939 usque
1450 2895 1490 2930 ad
1515 2896 1616 2931 finem
1636 2898 1810 2944 diligenter
1832 2903 1866 2936 in
1901 2903 2067 2938 audientia

1142 2947 1317 2991 proborum
1337 2946 1524 2980 recitaretur
1546 2971 1557 2987 ‚
1591 2947 1678 2983 nihil
1697 2950 1840 2993 profeci&
1867 2952 1900 2985 in
1924 2953 1968 2986 eis
1993 2952 2067 2995 quis

1143 2996 1242 3040 posset
1260 2992 1524 3038 deprehendere,
1560 2998 1651 3041 quod
1685 3000 1863 3035 insultandi
1894 3003 2062 3036 materiam

1141 3046 1191 3079 vel
1224 3045 1428 3080 occasionem
1460 3046 1637 3090 praestaret.
1673 3048 1829 3085 Caeterum
1858 3052 1878 3084 fi
1911 3052 2062 3095 petitioni

1142 3094 1281 3139 praedicti
1304 3094 1406 3140 Regis
1429 3097 1625 3140 quandoque
1644 3101 1836 3141 annuimus,
1863 3102 1896 3135 δε
1921 3101 1987 3145 ejus
2009 3099 2062 3133 visi

1142 3147 1250 3180 sumus
1270 3145 1434 3179 voluntati
1455 3147 1577 3185 favere,
1604 3158 1696 3181 more
1715 3151 1808 3192 periti
1837 3151 1961 3184 Medici
1986 3150 2061 3183 feci-

1141 3207 1212 3230 mus
1235 3219 1246 3236 ,
1271 3196 1328 3239 qui
1349 3206 1436 3240 aegro
1458 3219 1469 3235 ‚
1494 3194 1533 3227 de
1555 3196 1646 3239 cujus
1667 3199 1767 3233 salute
1789 3201 1927 3242 desperat
1949 3223 1960 3240 ,
1986 3209 2060 3231 con·

1141 3247 1256 3287 traria,
1282 3255 1489 3289 quaecumque
1511 3247 1632 3289 appetit
1656 3271 1667 3288 ,
1693 3249 1808 3283 tribuit
1829 3274 1838 3289 ‚
1868 3259 1996 3281 tentans
2017 3248 2064 3292 ip-

1140 3296 1230 3336 sum,
1257 3295 1535 3338 qualitercumque
1556 3298 1658 3338 potest
1682 3323 1692 3337 ,
1718 3300 1757 3332 ad
1780 3300 1947 3331 sanitatem
1971 3308 2063 3332 revo·

1140 3356 1228 3380 care.
1268 3344 1379 3388 AEgro
1411 3343 1487 3377 vero
1510 3369 1520 3384 ,
1549 3357 1645 3388 quem
1667 3347 1697 3380 se
1719 3348 1806 3389 poffe
1829 3357 1940 3381 curare
1959 3348 2065 3382 confi·

1141 3395 1188 3431 dit
1194 3417 1211 3438 ,
1234 3394 1268 3428 ἀ
1292 3404 1389 3437 quem
1411 3389 1612 3429 affeetuofins
1635 3396 1743 3440 diligit
1766 3419 1778 3437 ,
1803 3396 1915 3432 omnia
1949 3399 2067 3432 nociva

1899 3446 2019 3482 instan-
