2358 3776
39 1326 45 1332 ⁴
104 1323 215 1362 icatur
234 1319 274 1353 de
296 1319 393 1362 plano
410 1318 497 1351 suam
529 1316 563 1349 ὅ(
585 1315 713 1348 suorum
744 1313 894 1356 injuriam
930 1310 1048 1344 Altiffi·

300 97 341 143 S.
413 87 793 140 THOMAE
863 80 1810 138 CANTUAARIENSIffi

90 178 290 227 affligenda.-
317 174 460 211 maxime
479 174 499 207 a
519 172 637 212 vobis,
662 169 771 204 habita
792 166 960 201 vobiscum
982 174 1027 222 re-

93 221 280 268 cordatione
309 227 541 261 beneficiorum
565 221 765 267 singulorum
787 242 799 258 ‚
824 227 904 273 *quae
934 215 1027 271 vobis

95 280 235 318 contulit
254 280 346 313 Deus
373 278 407 310 in
430 275 528 310 initio
550 271 658 317 Regni
680 267 796 308 vestri,
823 278 857 300 m
880 264 992 322 medio
1017 289 1028 304 ,

94 333 127 366 δε
147 329 213 364 fere
233 330 334 371 usque
352 324 452 360 modo
473 352 480 358 .
507 322 632 358 Solvite
654 329 724 353 eam
747 341 758 356 ,
792 318 824 351 &
851 325 1029 371 permittite

88 367 174 415 eam
189 386 387 421 conregnare
405 376 521 420 sponso
542 373 598 405 suo
622 394 633 410 ‚
670 379 704 402 ut
731 366 910 401 benefaciat
939 363 1030 398 vobis

93 431 209 469 Deus,
235 430 269 462 ὅ(
288 427 426 470 incipiat
447 423 552 459 statim
573 417 794 453 convalescere
806 416 960 460 Regnum
984 425 1029 447 ve·

95 479 216 519 strum,
242 479 276 513 &
289 478 449 511 auferatur
469 469 678 514 opprobrium
699 467 740 500 de
759 466 970 512 generatione
984 475 1032 498 ve-

96 523 182 570 stra,>
207 530 326 571 fiatque
348 537 408 570 pax
423 524 546 558 summa
566 521 602 554 in
623 517 735 552 diebus
755 516 881 549 vestris.
923 514 1032 548 Credi·

98 591 131 618 te
149 577 230 612 mihi
245 603 255 619 ‚
280 573 485 611 *dileaissime
508 569 655 604 Domine
676 593 688 608 ,
724 565 924 622 Sereni-ssime
945 564 1034 598 Prin·

98 641 191 672 ceps.
219 627 348 662 Patiens
366 623 453 656 enim
474 620 646 655 retributor
668 616 713 651 est
736 617 903 650 Dominus
928 637 938 654 ,
962 615 1035 670 lon-

99 679 241 725 ganimis
261 674 474 717 exspestator,
502 669 551 703 sed
573 668 772 713 gravissimus
792 666 900 706 ultor,
928 664 1037 699 audite

102 741 177 769 me,
202 728 234 762 ὅ(
255 723 431 759 benefacite
445 747 452 753 .
481 721 536 757 Sin
558 729 686 758 autem,
712 716 888 750 verendum
902 740 913 755 ,
949 712 1037 758 quod

103 779 209 817 absit,
229 776 270 809 ne
287 773 475 817 accingatur
493 770 604 815 gladio
628 769 720 809 super
739 767 843 801 femur
863 767 954 799 suum
976 764 1038 798 Po·

102 825 313 865 annuimus,
338 823 372 857 ὅ(
395 821 502 855 veniat
525 821 558 853 in
580 829 681 852 manu
700 815 806 851 valida
817 827 893 850 cum
916 813 1040 848 militia

100 867 204 913 inulta
224 872 356 908 liberare
379 872 523 914 sponsam
550 869 638 902 suam
660 878 730 904 non
750 867 817 899 fine
838 865 955 910 grandi
978 863 1040 907 pla-

99 938 143 971 ga
165 924 206 959 de
225 921 424 967 oppreffione
439 921 473 954 δι
497 919 648 952 servitute
669 915 852 950 tribulantis
872 939 880 946 .
905 915 939 948 Si
962 912 1037 947 vero

101 986 154 1011 me
175 972 360 1011 audieritis,
386 970 542 1012 quoniam
565 967 688 1000 necesse
707 965 805 1009 habet
828 965 992 999 Dominus
1006 963 1039 995 in

103 1025 169 1062 hoc
188 1022 322 1060 instanti
345 1018 535 1064 obsequium
559 1017 698 1051 vestrum
728 1016 866 1059 experiri
890 1013 1043 1057 tanquam

103 1072 228 1109 strenui
246 1071 362 1107 militis
382 1071 453 1111 sui,
480 1066 659 1102 benefaciet
681 1066 774 1100 vobis
798 1064 911 1105 Deus,
938 1065 972 1098 &
994 1060 1045 1095 ad-

105 1114 163 1159 det
180 1123 315 1168 gloriam
338 1120 448 1165 gloriae
470 1117 578 1152 vestrae
597 1118 635 1150 in
650 1117 838 1160 progeniem
857 1115 999 1148 filiorum
1013 1113 1046 1146 &

108 1175 250 1208 filiarum
272 1171 442 1205 vestrarum
463 1168 560 1211 usque
581 1166 614 1199 in
633 1176 778 1209 tempora
803 1166 901 1209 ionga
915 1188 923 1195 .
952 1162 1045 1196 Alio-

109 1224 188 1267 quin
212 1231 344 1259 veteot,
369 1218 457 1263 quod
482 1219 573 1252 Deus
591 1226 733 1255 avertat,
760 1214 802 1249 ne
826 1226 893 1247 non
917 1211 1046 1246 deficiat

106 1264 236 1318 gladius
256 1270 296 1303 de
318 1269 435 1302 Domo
455 1265 558 1300 vestra
580 1289 591 1305 ,
627 1264 734 1299 donec
753 1264 861 1298 veniat
882 1263 938 1306 qui
971 1261 1050 1294 ulci-

110 1382 184 1410 ,ωας
208 1382 216 1402 ι
242 1369 321 1403 ficut
343 1378 402 1402 nec
422 1365 462 1400 de
480 1366 583 1399 domo
604 1364 789 1398 Salomonis
811 1388 821 1403 ,
857 1362 875 1395 a
899 1373 987 1406 quo,
1015 1359 1050 1393 li-

109 1420 165 1458 σὲε,
184 1429 259 1454 eum
280 1419 445 1452 Dominus
465 1415 629 1460 elegisset,
653 1414 687 1447 δε
714 1413 904 1448 contulisset
925 1420 1050 1444 tantam

110 1460 342 1515 sapientiam&
366 1477 497 1509 pacem,
523 1476 559 1498 ut
583 1464 741 1498 diceretur
761 1460 1016 1496 ab'hominibus
1041 1483 1051 1500 ,

111 1525 168 1554 Hic
181 1520 217 1560 est
241 1520 336 1554 Filius
353 1515 509 1560 saplentiae
527 1517 559 1548 Q&
577 1519 682 1555 pacis,
711 1513 868 1557 quoniam
892 1520 999 1544 tamen
1010 1520 1053 1542 re·

111 1569 198 1614 eeffit
222 1569 240 1602 a
267 1569 317 1601 via
340 1568 427 1606 Dei,
454 1567 488 1600 &
505 1564 685 1598 ambulavit
706 1565 738 1596 in
766 1563 939 1604 iniquitate
962 1561 1053 1601 super

112 1618 319 1663 iniquitatem
332 1641 343 1657 ,
369 1616 463 1650 scidit
483 1615 575 1647 Deus
596 1623 732 1656 regnum
750 1622 815 1653 eius
826 1635 844 1653 ,b
861 1611 896 1643 ὅ(
914 1609 1002 1642 dedit
1019 1608 1055 1639 il·

114 1669 172 1705 lud
192 1668 259 1709 ejus
275 1667 370 1698 ⁴servo
394 1687 405 1703 ,
441 1663 583 1696 maxime
604 1661 678 1702 quia
700 1672 767 1701 non
786 1658 926 1703 quaefivit
949 1656 1055 1691 subito

114 1717 185 1761 post
210 1715 360 1750 delistum
383 1713 506 1755 placare
525 1711 737 1747 Dominum,
774 1710 854 1742 sicut
885 1709 919 1746 ἀ
945 1705 1056 1739 David

90 1787 92 1789 >
115 1766 211 1805 Pater
230 1765 323 1807 ejus,
349 1762 404 1804 qui
431 1759 534 1796 statim
557 1758 627 1799 post
647 1758 804 1790 offensam
827 1754 1012 1787 humiliavit
1026 1753 1056 1785 se

114 1813 265 1851 Domino
285 1834 297 1852 ‚
329 1808 512 1854 emendavit
533 1805 660 1849 culpam
681 1829 692 1846 ‚
731 1805 842 1847 petivit
874 1801 1054 1838 misericor·

113 1864 204 1901 diam
223 1886 234 1902 ‚
268 1861 301 1895 &
319 1852 465 1894 obtinuit
486 1855 617 1890 veniam.
635 1879 650 1886 .,
680 1854 824 1897 Utinam
848 1853 882 1886 δι
902 1863 960 1886 νος
981 1861 1056 1885 cum

115 1915 180 1954 Dei
199 1910 303 1957 gratia
323 1907 468 1947 similiter
491 1905 649 1949 faciatis.
688 1904 770 1950 Haec
794 1903 886 1937 vobis
906 1902 946 1936 ad
980 1911 1059 1945 prae-

118 1964 190 2000 sens
212 1959 316 1995 scribo
343 1983 353 1999 ‚
375 1965 484 1992 caetera
505 1956 541 1990 in
551 1966 606 1989 ore
628 1953 740 1995 latoris
763 1952 964 1996 praesentium
978 1976 988 1991 ‚
1016 1951 1060 1984 vi·

117 2012 144 2052 ti
167 2009 346 2056 Religiosi,
370 2008 402 2041 &
420 2016 545 2050 magnae
565 2003 735 2046 opinionis
761 2028 770 2043 ‚
797 2002 901 2035 fidelis
921 2001 1021 2035 etiam
1049 2023 1060 2040 ,

118 2052 355 2099 uteredimus,
382 2055 507 2096 vestri,
534 2054 720 2099 posuimus.
750 2051 866 2085 Potius
887 2061 995 2089 tamen
1007 2048 1061 2082 de-

118 2112 290 2146 sideramus
315 2117 391 2142 cum
414 2106 516 2151 gratia
529 2104 627 2138 vestra
643 2103 789 2147 benigno
809 2101 913 2134 vestro
937 2101 984 2135 uti
997 2099 1062 2133 col-

119 2149 234 2207 ioquio
259 2184 267 2194 .
303 2157 393 2195 Bene
415 2157 514 2192 valeat
545 2153 644 2189 semel
672 2153 705 2187 ἃ
743 2153 861 2194 semper
896 2149 1063 2184 Dominus

120 2222 230 2253 meus.

249 2303 659 2343 EPlsToLA
760 2300 912 2336 LX-IV.

258 2404 387 2438 Thomas
413 2401 631 2443 Cantuatienfis
646 2400 731 2434 Archi
744 2418 754 2424 —
768 2398 930 2444 Episcopus

420 2458 543 2487 Hemlco
564 2455 635 2496 Regi
662 2452 776 2493 Angliae
790 2473 798 2481 .

236 2553 457 2590 ESlDERlO
483 2551 657 2585 desideravi
680 2550 787 2584 videte
797 2549 911 2583 faciem
922 2548 1069 2588 vestram,

129 2563 233 2664 D
260 2606 293 2639 ἀ
314 2603 404 2646 loqui
419 2601 605 2636 vobiscum.
634 2599 780 2633 Multum
793 2599 925 2642 quidem
940 2608 1070 2641 propter

270 2665 342 2693 me,
368 2652 420 2686 sed
444 2650 583 2685 maxime
599 2661 725 2693 propter
738 2659 813 2682 vos.
842 2649 977 2691 Propter
998 2657 1071 2686 me,

129 2716 166 2738 ut
188 2706 254 2739 visa
269 2705 351 2739 facie
362 2714 432 2736 mea
453 2699 642 2740 reduceretis
655 2700 694 2732 ad
720 2698 909 2732 memoriam
931 2698 1071 2736 servitia,

131 2767 222 2797 quae,
246 2754 325 2788 dum
349 2763 476 2797 agerem
499 2752 530 2782 in
551 2750 707 2793 obsequio
720 2748 844 2788 vestro,
871 2746 1005 2781 exhibui
1019 2758 1073 2780 vo-

133 2805 184 2840 bis
202 2803 318 2838 devote
340 2804 374 2836 ὅ(
396 2802 535 2835 fideliter
557 2800 644 2841 juxta
680 2797 783 2832 animi
819 2797 882 2830 mei
909 2797 1071 2831 conscien-

135 2854 232 2890 tiam.
256 2855 309 2889 Sic
332 2853 423 2886 Deus
450 2863 501 2885 me
528 2850 656 2891 adiuvet
676 2847 709 2880 in
733 2846 885 2892 examine
921 2846 1038 2880 ultimo
1065 2869 1074 2885 ‚

135 2905 267 2944 quando
289 2913 403 2938 omnes
425 2900 620 2935 adstabimus
641 2909 721 2931 ante
736 2896 877 2931 tribunal
891 2895 1006 2938 ipfius,
1033 2905 1074 2929 re-

140 2953 261 2996 cepturi
272 2963 365 2995 prout
379 2952 562 2995 gesserimus
575 2950 607 2982 in
622 2959 756 2990 corpore
769 2972 778 2987 ‚
805 2947 868 2980 sive
889 2947 1011 2982 bonum
1033 2945 1075 2978 fi·-

140 3014 180 3037 ve
202 3002 342 3035 malum.
369 3001 412 3035 Et
434 3011 471 3034 ut
496 2999 708 3033 moveremini
734 2998 824 3039 super
847 3008 900 3030 me
921 2998 1039 3039 pietate
1066 3018 1076 3034 ‚

139 3061 238 3096 quem
258 3060 387 3093 oportet
413 3048 631 3084 mendicando
664 3048 772 3081 vivere
799 3046 883 3080 inter
915 3047 1040 3080 alienos
1065 3057 1076 3075 :

135 3100 218 3136 'licet
240 3110 350 3134 tamen
372 3099 435 3132 Dei
462 3100 565 3144 gratia
594 3109 670 3132 cum
701 3095 900 3131 abundantia
927 3095 1076 3130 victualia

142 3151 184 3186 ad
210 3147 434 3185 sufficientiam
461 3149 650 3182 habeamus.
682 3148 800 3190 Estque
819 3147 915 3181 nobis
932 3145 1078 3180 consola-

142 3200 192 3235 tio
203 3199 304 3234 multa
318 3222 329 3238 ,
355 3197 442 3241 quod
455 3196 533 3231 dicit
546 3194 741 3241 Apostolus:
770 3200 880 3229 Omnes
904 3202 956 3239 qu}
978 3195 1078 3229 volunt

139 3251 193 3293 pi?
212 3255 316 3282 vivere
338 3253 370 3280 in
394 3245 507 3284 Christo
530 3270 540 3285 ‚
571 3245 792 3289 persecutionem
815 3252 974 3288 patiuntur
999 3270 1006 3277 .
1037 3245 1078 3278 Et

145 3298 324 3341 Propheta:
351 3301 424 3330 Non
436 3297 503 3329 vidi
519 3295 628 3336 justum
638 3296 825 3336 derelillum,
850 3294 1005 3340 necsemen
1016 3298 1079 3337 ejus

147 3359 283 3392 quaerens
303 3354 432 3388 panem.
641 3368 643 3371 ,

197 3400 335 3443 Propter
356 3406 415 3429 vos
428 3405 467 3428 ex
487 3393 590 3428 tribus
609 3393 726 3428 causis.
751 3395 845 3431 Tum
867 3396 944 3441 quia
978 3394 1081 3430 Filius

172 3478 186 3484 ,,
247 3444 352 3486 Christ.
366 3448 442 3487 Lupi
454 3449 552 3487 Opera
562 3446 639 3476 Tom.
649 3444 689 3475 X.

1087 176 1177 201 meus
1195 164 1388 208 spiritualis.
1418 163 1469 200 Ed
1489 166 1578 209 quod
1595 169 1781 215 Dominus,
1806 172 1910 211 debeo
1921 176 2030 214 vobis,

1086 216 1121 250 &
1144 214 1247 248 offero
1268 216 1441 250 confilium
1461 226 1569 250 meum
1584 242 1597 258 ,
1633 219 1665 252 ὃ(
1686 213 1900 266 obsequium,
1925 227 2029 268 quod„

1089 275 1227 308 cumque
1260 264 1357 300 debet
1379 265 1572 310 Episcopus.
1591 269 1742 302 Domino
1765 273 1940 310 secundum
1970 275 2031 309 ho.

1090 328 1203 352 norem
1236 315 1300 350 Dei
1322 317 1356 350 δε
1378 317 1488 363 sanstae
1514 317 1659 351 Ecclefiae
1679 342 1686 349 .
1730 318 1779 351 Εό
1799 324 1884 363 quod
1918 325 1990 359 Rex
2018 348 2030 363 ,

1090 378 1203 402 teneor
1221 365 1262 400 ad
1284 368 1493 401 reverentiam
1516 368 1610 402 vobis
1641 369 1675 402 &
1700 372 1991 408 commonitionem
2020 398 2026 404 .

1094 418 1145 452 Εό
1164 416 1254 461 quod
1275 417 1378 451 Filius
1415 441 1425 457 ‚
1470 418 1581 451 Officii
1615 418 1743 452 ratione
1773 418 1813 452 ad
1853 421 2035 465 castigatio-

1093 479 1166 502 nem
1200 478 1312 500 teneor
1334 467 1367 500 ὅ(
1394 468 1625 502 coercitionem
1650 493 1658 500 .
1698 468 1844 512 Corripit
1864 469 1955 503 enim
1976 471 2036 503 Da—

1093 527 1139 552 ter
1163 518 1284 550 Filium
1307 539 1319 556 ‚
1344 528 1433 550 nunc
1454 516 1603 557 blandis,
1629 528 1717 551 nunc
1738 519 1857 563 asperis
1878 544 1890 560 ,
1925 528 1962 552 ut
1985 520 2038 555 vel

1093 569 1135 602 fic
1154 576 1283 600 revocet
1302 577 1376 614 eum
1395 566 1436 601 ad
1458 566 1540 601 bene
1563 567 1750 602 faciendum
1770 593 1778 600 .
1808 568 1918 603 'Nosse
1944 567 2040 602 debe-

1095 618 1136 654 tis
1150 627 1208 651 vos
1227 616 1291 650 Dei
1315 617 1416 660 gratia
1439 617 1565 662 Regem
1585 617 1649 651 effe
1669 642 1677 649 .
1713 616 1826 652 Primo
1845 643 1855 659 ,
1880 619 1956 661 quia
1980 628 2039 651 vos

1098 668 1198 711 ipsum
1220 666 1347 710 Regem
1370 691 1379 706 ‚
1405 667 1579 710 vitamque
1605 667 1739 700 vestram
1762 668 1886 702 debetis
1905 669 2042 711 optimis

1099 718 1272 751 informare
1292 716 1455 755 moribus,
1481 728 1516 751 ut
1547 717 1638 751 vestri
1659 718 1810 760 exemplo
1830 718 1936 752 caeteri
1962 715 2041 761 ‘pro-

1099 776 1255 801 vocentur
1278 766 1318 799 ad
1342 766 1476 807 melius,
1503 766 1594 809 juxta
1615 766 1698 801 illud
1721 767 1891 810 sapientis:
1921 772 2045 809 Compa-

1101 824 1182 851 nitur
1200 815 1289 848 orbis
1310 818 1399 859 Regis
1422 818 1467 849 ad
1482 817 1648 859 exemplum
1670 842 1677 849 .
1703 817 1902 852 secundario
1925 817 2007 851 alios
2033 828 2042 848 t

1102 867 1176 901 Hos
1195 864 1436 904 demulcendo,
1462 867 1544 900 alios
1564 865 1731 909 puniendo
1742 867 1909 910 potestatis
1930 866 2046 901 autho·

1102 917 1195 951 ritate
1208 939 1219 956 ,
1244 926 1342 960 quam
1353 915 1394 948 ab
1410 916 1550 951 Ecclesia
1561 940 1572 956 ‚
1598 928 1669 950 tum
1683 918 1892 951 Sacramento
1907 916 2047 952 Unffio-

1105 969 1175 1006 nis,
1201 976 1270 1000 tum
1285 964 1398 999 Gladii
1420 966 1532 1000 officio
1548 992 1557 1005 ,
1584 978 1680 1010 quem
1704 967 1836 1012 gestatis
1855 967 1897 1002 ad
1918 967 2048 1001 malefa-

1104 1020 1202 1051 &ores
1227 1015 1370 1049 Ecclesiae
1390 1017 1604 1051 coercendos.
1633 1018 1840 1061 inunguntur
1870 1017 1959 1052 enim
1988 1017 2049 1050 Re-

1105 1077 1162 1112 ges
1180 1065 1280 1100 tribus
1304 1066 1337 1099 iu
1361 1067 1459 1099 locis:
1488 1067 1520 1099 in
1535 1067 1661 1110 capite,
1690 1069 1725 1100 in
1749 1069 1895 1111 pastore,
1921 1067 1955 1100 in
1982 1066 2052 1100 br‘a-

1106 1115 1190 1150 chiis
1210 1141 1217 1148 .
1244 1115 1344 1161 Qod
1368 1116 1547 1159 fignificat,
1569 1118 1709 1161 gloriam
1724 1141 1734 1157 ‚
1761 1118 1931 1152 scientiam
1950 1141 1960 1156 ‚
1987 1117 2054 1150 fot-

1108 1166 1302 1199 titudinem.
1334 1166 1402 1211 Qui
1425 1168 1569 1208 antiquis
1589 1167 1787 1210 temporibus
1806 1167 2052 1209 justificationes

1109 1228 1175 1249 non
1198 1215 1431 1255 observabant,
1460 1216 1652 1257 praevaticati
1675 1218 1749 1250 sunt
1772 1217 1925 1251 mandata
1948 1214 2018 1257 eius
2046 1241 2054 1247 .

1108 1265 1172 1298 His
1192 1264 1311 1298 sublata
1331 1264 1375 1296 est
1395 1265 1519 1308 gloria,
1547 1264 1681 1298 scientia
1704 1288 1716 1304 ,
1742 1265 1928 1299 fortitudo.-
1955 1265 1989 1299 ἀ.
2002 1274 2058 1298 eo·

1109 1322 1180 1349 rum
1201 1311 1424 1359 generationi.
1454 1312 1615 1357 Exemplo
1626 1314 1750 1354 Saulis,
1778 1314 2059 1349 Nabuchodono-

1111 1368 1184 1404 sor,
1209 1363 1415 1404 Salomonis,
1455 1364 1662 1408 aliorumque
1683 1366 1925 1408 quamplurium
1952 1389 1959 1396 .
1987 1363 2058 1410 Qi

1112 1414 1187 1448 vero
1199 1414 1269 1457 post
1293 1414 1447 1447 delistum
1470 1415 1561 1448 suum
1579 1413 1686 1448 cordis
1696 1416 1897 1449 contritione
1910 1413 2061 1448 humilia-

1113 1474 1223 1498 verunt
1245 1464 1276 1498 se
1297 1463 1473 1502 Domino,
1502 1462 1551 1497 his
1561 1465 1664 1507 gratia
1684 1464 1750 1498 Dei
1764 1464 1890 1498 acceffi!
1901 1476 1976 1498 curn
1991 1473 2061 1496 om-

1115 1513 1209 1548 nibus
1230 1512 1416 1555 supradietis
1438 1512 1657 1546 abundantius
1689 1515 1722 1546 ὃς
1747 1514 1912 1555 perfectius
1935 1539 1943 1546 .
1970 1512 2060 1546 Sicut

1114 1562 1242 1600 David,
1272 1560 1440 1600 Ezechiae',
1466 1563 1600 1603 aliisque
1617 1563 1883 1605 quamplurimis.

1164 1609 1313 1645 Christus
1331 1610 1480 1645 fundavit
1501 1611 1678 1644 Ecclesiam
1696 1627 1711 1651 ·‚
1737 1613 1868 1655 ejusque
1889 1624 2061 1655 compara·-

1117 1662 1161 1695 vit
1182 1660 1367 1694 libertatem
1396 1661 1552 1701 sanguine
1588 1661 1720 1701 proptio
1741 1684 1752 1699 ,
1790 1662 1981 1695 sustinendo
2008 1662 2065 1694 fla·

1115 1710 1222 1753 gella,
1248 1709 1362 1750 sputa,
1389 1708 1521 1751 elavos,
1547 1709 1662 1740 mortis
1687 1709 1875 1751 angustias,
1901 1711 1997 1744 nobis
2023 1722 2064 1743 re·

1116 1759 1268 1801 linquens
1292 1756 1476 1798 exemplum
1501 1778 1512 1793 ‚
1544 1765 1579 1788 ut
1611 1757 1780 1801 sequamur
1798 1759 1867 1801 ejus
1897 1760 2032 1805 vestigia
2060 1784 2066 1791 .

1119 1806 1228 1842 Unde
1250 1803 1375 1841 &dicit
1389 1805 1569 1849 Apostolus
1585 1818 1592 1837 ι
1619 1808 1650 1839 si
1662 1815 1855 1848 compatimur
1872 1816 1898 1842 ei
1910 1834 1920 1849 ,
1949 1812 2068 1844 &com-

1116 1856 1303 1900 regriabimus
1338 1879 1344 1886 .
1372 1857 1402 1888 51
1421 1863 1619 1888 commorimur
1649 1857 1926 1901 &conresurgemus
1953 1885 1960 1892 .
2005 1861 2066 1894 Eo-

1118 1907 1208 1940 clefia
1230 1907 1318 1940 enim
1344 1906 1407 1939 Dei
1427 1907 1458 1938 in
1483 1906 1613 1942 duob&
1632 1907 1759 1940 constat
1784 1908 1980 1942 ordinibus:
2005 1911 2069 1942 cle-

1119 1956 1200 1990 ro&
1225 1956 1368 1998 populo.
1397 1954 1432 1988 In
1458 1955 1544 1989 cleto
1565 1957 1637 1989 sunt
1664 1957 1838 1999 Apostoli,
1880 1956 2066 2002 Apostolici

1121 2006 1199 2044 viri,
1232 2005 1405 2047 Episcopi,
1434 2005 1741 2040 &caeteridostores
1755 2008 1920 2051 Ecclesiae,
1947 2008 2066 2052 quibus

1121 2054 1289 2088 commissa
1305 2055 1348 2090 est
1375 2065 1450 2087 cura
1468 2055 1503 2088 ὅ(
1525 2066 1661 2100 regnum
1687 2057 1784 2099 ipsius
1807 2058 1951 2091 Ecclefiae
1974 2083 1984 2098 ,
2011 2059 2067 2101 qui

1123 2106 1254 2139 [νυξὶ-πε
1281 2102 1402 2138 habent
1427 2105 1558 2149 negotia
1581 2105 1799 2140 Ecclesiastica
1814 2132 1822 2146 ‚
1850 2118 1885 2141 ut
1904 2118 2013 2141 totum
2026 2120 2072 2141 re-

1123 2156 1256 2189 ducatur
1267 2154 1307 2187 ad
1318 2154 1450 2187 salutem
1461 2156 1641 2189 animarum
1651 2181 1657 2187 .
1674 2155 1779 2190 Unde
1792 2158 1825 2190 &
1837 2157 1935 2191 Petro
1947 2158 2071 2192 distum

1124 2204 1188 2243 est,
1214 2205 1247 2238 δι
1271 2205 1302 2236 in
1324 2203 1423 2236 Petro
1443 2204 1516 2237 aliis
1530 2204 1678 2239 Ecclefiae
1692 2205 1983 2248 Detkeetoribus,
1997 2219 2069 2242 'non

1126 2254 1354 2298 Regibus‚non
1371 2253 1590 2296 Principibus:
1623 2259 1666 2288 Tu
1677 2267 1707 2288 es
1723 2259 1843 2296 Petrus,
1854 2260 1888 2291 (ν
1894 2256 1982 2300 super
1994 2258 2069 2291 hanc

1129 2308 1251 2338 Petram
1281 2303 1434 2344 aedificabo
1458 2302 1615 2344 Ecclefiam
1638 2317 1735 2339 meam
1758 2330 1769 2346 ,
1805 2309 1839 2341 (τ
1857 2316 1955 2349 portae
1977 2307 2071 2350 Inferi·

1126 2365 1185 2388 non
1202 2353 1417 2396 praevalebam
1441 2354 1589 2387 adversas
1610 2366 1696 2388 eam.
1724 2357 1760 2389 ln
1778 2358 1900 2399 populo
1922 2359 1994 2391 sunt
2008 2358 2070 2392 Re-

1127 2415 1207 2449 ges,
1233 2402 1424 2446 Principes,
1452 2403 1581 2443 Duces,
1609 2405 1778 2446 Comites,
1805 2408 1838 2439 &
1857 2408 1924 2439 aliae
1936 2408 2069 2450 potesta·

1129 2452 1280 2497 tes‚.qui
1292 2453 1446 2488 secularia
1465 2452 1584 2487 habent
1613 2456 1746 2488 trastare
1768 2456 1900 2499 negotia
1924 2480 1933 2495 ‚
1962 2467 2071 2500 utto-

1129 2515 1199 2538 tum
1222 2501 1376 2539 reducant
1395 2503 1435 2537 ad
1459 2514 1568 2545 pacem
1594 2504 1628 2537 δι
1651 2504 1807 2538 unitatem
1834 2502 1998 2539 Ecclefi'ae.
2026 2507 2073 2539 Et-

1129 2554 1205 2598 quia
1227 2564 1352 2588 certum
1372 2552 1418 2587 est
1448 2552 1558 2596 Reges
1577 2554 1766 2595 potestatem
1804 2556 1894 2588 suam
1926 2556 2070 2599 accipere

1131 2603 1353 2641 ab-Ecclefia,
1381 2613 1448 2636 non
1468 2602 1568 2644 ipsam
1591 2602 1632 2636 ab
1655 2603 1722 2637 illis
1741 2627 1752 2643 ‚
1780 2604 1833 2639 sed
1853 2605 1872 2638 a
1895 2605 2031 2639 Christo
2057 2630 2069 2645 ‚

1130 2664 1166 2687 ut
1187 2654 1272 2686 salva
1293 2663 1371 2695 pace
1395 2650 1495 2684 vestra
1517 2652 1631 2694 loquar
1652 2676 1664 2692 ,
1691 2664 1759 2686 non
1782 2651 1909 2688 habetis
1941 2655 2072 2698 Episco-

1133 2704 1180 2747 pis
1198 2703 1381 2745 praecipere,
1409 2699 1574 2735 absolvere
1605 2701 1746 2745 aliquem
1765 2704 1817 2738 vel
1847 2705 2073 2739 excommuni-

1132 2764 1223 2792 care,
1252 2751 1378 2785 trahere
1397 2750 1543 2784 Clericos
1570 2749 1609 2785 ad
1631 2752 1788 2787 saecularia
1817 2755 1970 2789 examina
1990 2779 2001 2796 ‚
2028 2755 2073 2797 ju-

1133 2803 1240 2836 dicare
1262 2801 1303 2834 de
1326 2799 1473 2833 Ecclefiis
1493 2800 1541 2834 vel
1566 2801 1702 2836 decimis
1729 2827 1739 2841 ,
1778 2804 1968 2839 interdicere
1998 2805 2072 2847 Epi-

1135 2853 1238 2895 scopis
1259 2850 1299 2884 ne
1322 2850 1456 2884 tractent
1477 2851 1587 2884 causas
1605 2851 1645 2885 de
1668 2854 1912 2898 transgreffione
1935 2853 2009 2888 fidei
2021 2854 2071 2888 vel

1135 2900 1306 2942 juramenti
1320 2923 1331 2939 ,
1357 2900 1389 2935 δι
1409 2900 1557 2935 multain
1582 2900 1670 2935 hunc
1690 2905 1825 2937 modum
1839 2928 1851 2944 ,
1874 2915 1944 2949 quae
1957 2905 2071 2946 scripta

1137 2953 1209 2984 sunt
1235 2952 1318 2986 inter
1341 2948 1591 2984 confitetud'mes
1615 2952 1750 2993 vestras,
1776 2964 1855 2997 quas
1875 2954 1983 2989 dicitis
1995 2953 2073 2987 Avi-

1137 3011 1202 3034 tas.
1243 3000 1410 3034 Dominus
1433 3001 1524 3034 enim
1544 3000 1648 3035 dicit.-
1685 3006 1777 3044 Leges
1795 3015 1880 3042 meas
1903 3003 2038 3043 custodite
2062 3028 2070 3035 .

1139 3051 1181 3084 Et
1206 3049 1319 3084 iterum
1340 3059 1393 3093 per
1412 3047 1632 3093 prophetam.—
1659 3054 1712 3084 Vae
1741 3055 1749 3087 Ξ
1774 3059 1826 3095 qut
1848 3055 1976 3086 condunt
1994 3054 2072 3097 leges

1137 3106 1275 3141 iniquas,
1302 3101 1336 3133 Gr
1351 3097 1513 3142 scribentes
1524 3098 1701 3142 seripserunt
1723 3103 1907 3143 injustitias,
1933 3113 1966 3136 ut
1978 3108 2071 3145 oppri-

1137 3159 1248 3187 merent
1264 3157 1408 3193 pauperes
1432 3156 1464 3182 m
1476 3151 1603 3190 Judlcio,
1630 3150 1664 3182 6*
1684 3157 1750 3183 vim
1762 3151 1900 3193 facerem
1914 3150 2008 3194 eausae
2021 3151 2072 3183 bu—

1139 3200 1251 3232 milium
1271 3200 1371 3241 populi
1394 3202 1471 3232 Dei.

1191 3248 1314 3288 Audiat
1337 3248 1442 3291 itaque
1464 3249 1629 3283 Dominus
1638 3261 1751 3290 meus,
1776 3251 1798 3284 fi
1826 3252 1926 3294 placet
1940 3273 1951 3289 ‚
1974 3250 2074 3287 consi·

1142 3298 1219 3333 lium
1242 3297 1345 3333 fidelis
1357 3297 1424 3335 sui,
1449 3300 1747 3334 commonitionem
1768 3301 1918 3342 Episcopi
1943 3300 2013 3339 sui,
2039 3299 2074 3332 dc

1141 3348 1384 3393 castigationem
1407 3348 1454 3381 sui
1476 3347 1598 3382 Patris.
1635 3349 1709 3383 Nec
1743 3359 1818 3381 cum
1855 3347 2074 3382 Schismaticis

1140 3398 1282 3443 aliquam
1302 3396 1344 3431 de
1363 3407 1478 3433 σκετο
1509 3396 1608 3432 habet
1636 3397 1888 3432 familiaritatem
1908 3398 1960 3432 vel
1989 3409 2075 3432 com-

1689 3445 1706 3479 1
1910 3449 2037 3482 munio*
