2358 3776
109 208 2064 337 QQQQQQQQQQQQQQQQQQQQQQQ

431 374 1746 464 EPISTOLAE

112 530 196 668 s
237 516 1014 665 ANCTI
1066 507 2068 780 ΤΤΤΟΜέΤ

171 838 175 845 ·
615 837 1569 897 CANTUARIENSIS,

115 965 446 1017 AlexandriIII.
463 961 717 1020 Pontificis‚
754 956 1082 1010 Ludov1c1VII
1096 957 1237 1022 Regis
1257 955 1445 1016 Galliae,
1469 956 1653 1005 Hennci
1667 957 1725 1003 11
1739 955 1877 1017 Regis
1891 954 2078 1019 Angliae,

290 1037 560 1102 aliarumque
586 1034 772 1100 plurium
795 1029 1040 1079 sublimium
1067 1025 1366 1095 personarum,
1401 1041 1709 1077 concernentes
1732 1023 1903 1077 causam

883 1099 1048 1167 praefati
1074 1099 1310 1164 Martyris.

343 1227 937 1385 ,ΜΒ-ἘΒ
1068 1272 1817 1395 PRIMUS.

613 1447 1155 1502 EPISTOLA
1239 1453 1599 1515 PRIMA.

266 1577 447 1625 Thomae
461 1572 758 1628 Cantuarienfi
779 1572 939 1621 Archi·
944 1570 1370 1638 Episcopojoannes
1387 1569 1658 1621 Pictaviensis
1676 1568 1946 1637 Episcopus

130 1693 356 1748 Reuerendtff
355 1708 405 1735 mo
426 1697 592 1740 Domino,
621 1690 657 1730 ό
677 1696 777 1731 ‘Pam
803 1689 984 1743 Beanffimo
999 1691 1152 1737 Thomna,
1181 1694 1245 1729 Dei
1267 1695 1376 1738 gratia
1395 1687 1628 1735 cantuarienst
1653 1689 1784 1726 Archi-
1785 1691 1816 1725 E
1814 1685 1974 1739 ptftopo
2004 1687 2090 1740 fims

415 1757 587 1800 Joanm’s,
616 1748 841 1797 eademgrcma
851 1746 1075 1793 Piffaw‘ensts
1087 1744 1229 1794 Ecclestae
1243 1744 1379 1781 humilis
1390 1742 1568 1792 Sacerdos,
1596 1743 1748 1781 Salutem
1770 1741 1809 1782 ἂ
1888 1752 1890 1755 ’

802 1797 924 1853 fimfiae
941 1797 1191 1853 perseverantiae
1220 1803 1405 1839 vertutem.
1452 1812 1454 1814 ’

160 1931 460 1988 {KP-*³055*
505 1907 688 1950 IXmihi,
714 1909 892 1951 Domine,
910 1910 960 1945 vel
977 1919 1081 1945 unum

160 1976 172 2013 ι,Ἰ
193 1990 196 1991 ⁷
254 1949 390 2028 {Z}
391 1952 462 2045 Q
518 1959 675 1994 diemin
667 1959 790 1995 itineris
810 1962 1012 2005 procinctum
1036 1961 1085 1994 in

172 2015 174 2017 ,
260 2011 272 2025 ,
390 2008 392 2010 -

181 2079 200 2091 3
220 2089 244 2135 ι)
309 2114 323 2125 ³
356 2101 370 2118 ἢ
385 2074 433 2109 (f„

518 2010 599 2044 dulfi
629 2011 696 2053 post
712 2009 890 2044 litterarum
909 2012 1083 2045 vestrarum

520 2061 754 2102 susceptionem
786 2084 796 2100 ,
825 2059 928 2094 {inmo
953 2061 987 2094 ἀ
1014 2071 1083 2094 om·

521 2110 569 2143 nis
583 2108 663 2142 mihi
677 2111 774 2143 etiam
789 2111 887 2143 unius
903 2108 990 2144 horae
1017 2120 1086 2143 rno-

394 2204 405 2206 ᾃ
521 2160 590 2194 rula
610 2159 725 2194 odiosa
752 2169 819 2194 erat
848 2158 919 2203 post
957 2157 1108 2193 illarum

357 2224 361 2231 s
523 2210 754 2252 perlectionem
776 2209 953 2244 litterarum
980 2234 989 2249 ,
1016 2220 1087 2252 quae

523 2257 607 2292 nihil
645 2259 864 2294 continebant
901 2259 957 2293 nisi
984 2259 1084 2292 solam

142 2308 425 2348 obtestationem,
452 2316 565 2342 uttam
580 2309 757 2343 necessario
779 2309 938 2354 negotio,
965 2307 1083 2351 absque

139 2360 231 2403 cujus
243 2359 473 2402 impetratione
496 2369 564 2391 non
575 2358 657 2398 erit,
686 2358 763 2392 licut
788 2358 992 2402 proponitis,
1019 2358 1085 2392 abs-

139 2420 203 2452 que
224 2407 376 2450 scrupulo
402 2406 608 2441 conscientia
640 2407 756 2449 vestra,
785 2419 894 2442 meum
909 2408 1084 2451 praestarem

138 2457 332 2501 obsequium
348 2479 355 2488 .
385 2457 527 2495 Fateor,
553 2456 724 2499 Domine,
750 2458 914 2492 excussisse
938 2457 1020 2492 mibi
1045 2458 1086 2491 la·

138 2505 446 2550 chrymasliterulas
459 2503 550 2539 illas·
578 2518 712 2550 quarum
747 2517 813 2541 tam
828 2507 956 2547 sedula,
983 2507 1086 2541 &sub

139 2558 218 2594 tali
212 2557 444 2600 imprecatione
455 2555 636 2590 obsecratio
649 2556 758 2592 nescio
772 2567 870 2601 quam
883 2559 970 2592 circa
990 2558 1086 2592 fidem

141 2608 254 2644 Amici
266 2604 531 2650 dubitationem
523 2617 697 2649 importare
710 2606 901 2642 videbatur.
927 2607 1023 2641 Malo
1044 2618 1089 2642 ta·

142 2668 243 2698 men,
268 2667 306 2691 ut
319 2657 404 2690 salva
419 2665 495 2699 pace
506 2655 646 2690 Domini
673 2657 737 2690 mei
759 2658 894 2701 loquar,
923 2668 980 2692 vos
998 2658 1090 2701 juxta

144 2707 289 2743 nominis
301 2704 396 2740 vestri
410 2705 638 2748 proprietatem
651 2705 760 2748 parum
777 2707 969 2748 credulum,
993 2707 1089 2752 quam

144 2770 199 2792 me
225 2755 333 2791 minus
354 2755 509 2791 devotum
540 2756 701 2789 inveniri.
734 2756 775 2789 Et
792 2758 943 2799 quamvis
966 2780 979 2797 ,
1005 2758 1087 2791 ficut

147 2807 365 2852 praeeepistis,
389 2804 531 2847 inhujus
557 2805 681 2839 itineris
703 2807 887 2850 arreptione
913 2806 1090 2840 pictavien-

147 2861 227 2892 lium
263 2867 412 2891 meorum
436 2856 687 2898 contempserim
710 2855 943 2899 loquacitatem
960 2881 971 2897 ‚
1000 2856 1091 2891 volui

148 2918 258 2943 tamen
275 2931 286 2947 ,
313 2906 397 2939 salva
411 2905 543 2949 gerendi
563 2906 688 2950 negotii
706 2905 769 2940 fide
784 2930 794 2946 ‚
823 2906 965 2949 ipsorum
986 2905 1092 2941 decli-

151 2967 226 2991 nare
251 2956 471 3000 nugacitatem
488 2980 495 2986 .
523 2955 602 2989 lnde
626 2954 688 2989 suit
711 2955 799 2999 quod
811 2955 916 2999 palam
939 2957 1091 3000 proposui

151 3018 205 3040 me
216 3007 380 3049 Episcopo
395 3005 604 3046 Ebroicenfi,
633 3004 801 3039 Richardo
817 3006 857 3040 de
868 3006 1001 3041 Humez
1027 3006 1093 3041 Co-

154 3055 368 3089 nellabulario
380 3079 390 3095 ‚
420 3053 601 3088 Wilhelrno
612 3055 683 3089 filio
695 3056 861 3090 Hemonis
872 3079 883 3097 ‚
911 3057 1093 3100 caeterisque

156 3106 258 3149 Regis
272 3105 475 3146 officialibus
489 3105 638 3139 Turonis
647 3107 857 3141 occursurum
869 3130 880 3147 ,
904 3107 960 3150 qui
974 3104 1091 3147 eisdem

151 3154 268 3189 diebus
280 3153 326 3187 ibi
342 3155 517 3189 convenire
528 3154 690 3190 debebant
703 3181 713 3197 ,
740 3166 777 3190 ut
789 3157 879 3200 super
891 3167 970 3200 pace
983 3156 1093 3191 Comi·

153 3216 226 3239 tum
241 3201 488 3236 Arvernenfium
500 3206 687 3239 tractarent.
714 3205 852 3239 Consilii
874 3206 1031 3250 siquidem
1058 3205 1093 3239 il-

157 3256 263 3287 lorum
277 3253 372 3286 fidem
385 3252 550 3294 explorare
564 3256 688 3290 necesse*
701 3254 861 3297 habebam
885 3266 1015 3301 propter
1039 3267 1096 3289 no·

157 3313 273 3337 vorum
287 3301 520 3335 Mandatorum
545 3304 728 3339 inauditam
740 3307 921 3347 duritiam,
945 3317 1015 3349 quae
1038 3306 1096 3340 mi-

157 3354 192 3387 hi
212 3353 336 3389 Luscus
349 3353 479 3391 noster,
504 3352 593 3394 cujus
620 3355 654 3388 δε
668 3356 787 3390 mentis
808 3356 943 3391 oculum
966 3356 1095 3399 penitus

157 3401 340 3437 excoecavit
367 3401 479 3442 Deus,
507 3401 626 3437 &cum
647 3405 707 3439 illo
730 3406 844 3442 Simon
869 3405 912 3442 de
932 3405 1094 3440 Turnebu

156 3450 385 3488 Conestabulo
410 3450 623 3492 Toartensis‚
649 3463 688 3486 ex
710 3466 797 3498 parte
823 3456 926 3502 Regis
949 3467 1095 3501 apporta-

258 3501 322 3534 Chr
325 3500 364 3541 st
379 3504 457 3544 Lupi
469 3506 567 3544 Opera
578 3506 655 3534 Tam.
672 3506 712 3537 Χ.

1147 1918 1276 1944 verant.
1303 1907 1454 1944 1111emm
1472 1909 1580 1954 paucis
1602 1908 1716 1945 <liebus
1740 1909 1810 1953 post
1833 1902 1988 1945 Natalem
2004 1906 2098 1964 Apo-

1148 1960 1306 1995 stolorum
1320 1960 1501 1994 Pistavium
1517 1971 1693 2000 venerant,
1723 1960 1872 1994 &solum
1900 1972 1952 2003 me
1975 1960 2008 1993 in
2031 1973 2099 2004 par-

1146 2021 1212 2044 tem
1241 2021 1402 2044 traxerant
1424 2035 1434 2050 ,
1463 2009 1618 2053 tanquam
1649 2010 1768 2054 secreta
1796 2000 1950 2054 habentes
1977 2009 2098 2064 adme

1147 2059 1329 2108 Mandata,
1357 2056 1507 2093 auhibito
1520 2070 1626 2093 tamen
1656 2060 1762 2093 secu'm
1789 2057 1940 2104 ῌεηῐίεο
1956 2050 2097 2093 Paraeta-

1148 2110 1219 2150 rio,
1245 2109 1331 2151 quasi
1344 2108 1539 2154 Legationis
1552 2107 1607 2142 fibi
1623 2108 1772 2155 injunsiae
1785 2098 1924 2143 fideliter
1940 2110 2096 2155 perasla’,

1148 2159 1169 2191 fi
1197 2134 1326 2192 n'aecesse‘:
1350 2157 1456 2200 foret,
1483 2159 1561 2193 teste
1580 2158 1709 2193 futuro.
1738 2152 1894 2203 Cumque
1921 2153 2097 2202 plurimum

1149 2207 1347 2246 insisterem,
1375 2219 1410 2242 ut
1433 2209 1483 2242 vel
1506 2220 1609 2242 unum
1636 2221 1764 2243 mecum
1779 2207 1935 2243 adhibere
1951 2212 2095 2253 possem,

1148 2258 1208 2291 five
1221 2256 1406 2296 Abbatem,
1431 2259 1507 2302 quia
1522 2259 1694 2301 plerosque
1708 2260 1752 2293 ibi
1766 2270 1898 2294 mecum
1912 2258 2099 2301 habebam,

1149 2308 1214 2342 five
1226 2316 1466 2352 quamcumque
1483 2308 1630 2342 Ecclefiae
1643 2320 1722 2343 meae
1734 2309 1938 2350 Personam,
1965 2310 2027 2350 five
2039 2310 2101 2344 sal-

1150 2368 1216 2392 tem
1238 2358 1467 2398 canonicum,
1495 2358 1528 2392 id
1553 2357 1634 2392 mihi
1659 2360 1847 2394 concessum
1875 2372 1941 2394 non
1960 2360 2013 2394 est
2021 2385 2030 2402 ,
2057 2359 2099 2394 εό

1150 2405 1237 2452 quod
1267 2407 1426 2442 Mandata
1440 2407 1482 2442 ad·
1509 2420 1561 2443 me
1574 2410 1700 2443 tantum
1716 2432 1726 2448 ‚
1753 2422 1819 2443 non
1834 2410 1932 2443 etiam
1961 2409 2000 2443 ad
2024 2411 2099 2443 illos

1152 2456 1335 2501 perferenda
1360 2458 1554 2502 accepissent
1584 2485 1590 2491 .
1629 2458 1842 2492 lnhibuerunt
1870 2458 1980 2501 itaque
2017 2458 2099 2492 mihi

1151 2507 1360 2542 subdistricta
1385 2507 1683 2548 interminatione,
1713 2519 1752 2541 ne
1779 2508 1904 2551 aliquid
1929 2510 1966 2542 ad
1994 2506 2099 2553 Regis

1151 2558 1349 2603 dignjtatem
1377 2558 1541 2601 pertinens
1565 2557 1646 2591 mihi
1668 2558 1855 2601 usurparem
1875 2581 1884 2590 .
1910 2558 1975 2591 Cui
2003 2560 2101 2598 Man-

1151 2608 1230 2642 dato
1241 2614 1317 2641 cum
1340 2618 1393 2642 me
1407 2607 1546 2642 libenter
1570 2607 1750 2651 pariturum
1775 2608 2003 2650 respondissem
2021 2633 2031 2649 ‚
2059 2607 2098 2648 ad

1153 2658 1302 2702 specialia
1329 2656 1460 2690 tandem
1484 2657 1741 2697 descenderunt,
1769 2656 1981 2700 prohibentes
1996 2670 2036 2692 ne
2059 2658 2099 2692 ad

1154 2708 1298 2751 querelas
1322 2706 1526 2747 viduarum,
1555 2707 1606 2740 vel
1628 2705 1888 2750 Orphanorum,
1916 2708 1966 2742 vel
1997 2709 2098 2742 Cleri-

1154 2769 1267 2792 corum
1280 2780 1291 2797 ,
1318 2756 1459 2799 aliquem
1472 2754 1752 2791 parochianorum
1765 2768 1912 2792 meorum
1940 2758 2101 2792 intrabere

1156 2810 1377 2851 praesumerem
1391 2807 1481 2849 super
1492 2817 1698 2851 quacumque
1712 2808 1901 2851 possessione
1916 2806 2077 2842 immobili
2091 2834 2099 2847 ‚

1157 2858 1265 2892 donec
1292 2854 1524 2890 Ministeriales
1551 2857 1674 2901 Regis,
1705 2858 1753 2891 vel
1777 2858 2001 2894 Dominorum
2022 2883 2032 2898 ,
2058 2858 2098 2891 ad

1162 2916 1303 2951 quorum
1326 2905 1459 2940 feudum
1485 2918 1534 2940 res
1546 2908 1767 2941 controversia>
1779 2909 1974 2951 pertineret,
2002 2908 2034 2941 in
2058 2909 2100 2941 fa-

1156 2955 1273 2991 cienda
1286 2954 1405 2998 justitia
1421 2957 1468 2991 eis
1481 2956 1689 2990 defecissent.
1717 2957 1850 2995 Deinde
1873 2970 1913 2992 ne
1935 2960 2025 3001 super
2050 2969 2100 2990 ac-

1163 3007 1334 3042 cusatione
1347 3006 1480 3040 foenoris
1494 3010 1687 3050 quemquam
1701 3007 1862 3041 audirem.
1891 3007 2042 3041 Praeterea
2063 3018 2100 3040 ne

1161 3058 1192 3090 in
1206 3057 1349 3100 aliquem
1374 3056 1556 3097 Batonem,
1584 3058 1656 3101 ipsis
1676 3058 1889 3098 inconsultis,
1920 3056 2023 3091 immo
2046 3058 2101 3090 do·

1158 3118 1217 3140 nec
1242 3106 1295 3150 ipfi
1316 3106 1392 3140 illos
1414 3105 1516 3146 mihi,
1550 3107 1582 3139 in
1605 3107 1720 3149 quibus
1732 3107 1907 3148 deberent,
1936 3109 1974 3140 ad
1999 3107 2100 3150 Jussi—

1158 3158 1238 3191 tiam
1259 3156 1412 3191 offerrent
1426 3182 1436 3197 ,
1462 3156 1677 3190 anathematis
1700 3159 1895 3191 sententiam
1917 3155 2098 3200 promulga-

1159 3216 1247 3241 rem.
1276 3207 1357 3240 Haec
1378 3207 1468 3240 enim
1488 3205 1552 3240 fere
1572 3217 1683 3247 erant,
1710 3207 1743 3241 in
1758 3208 1877 3251 quibus
1897 3215 2009 3240 contra
2035 3205 2098 3238 Re-

1158 3257 1246 3302 giam
1259 3267 1354 3301 agere
1377 3255 1508 3291 dicebar
1529 3256 1745 3302 dignitatem.
1773 3258 1816 3291 Et
1840 3255 1997 3301 pra-cipue
2023 3255 2099 3289 Cle·

1158 3307 1242 3341 ticos
1263 3307 1348 3340 circa
1373 3316 1513 3346 quorum
1526 3306 1740 3340 Matrimonia
1763 3308 1803 3340 ad
1827 3307 1911 3347 ipsos
1934 3316 2094 3347 quocum-

1159 3355 1332 3401 quetitulo
1355 3354 1754 3399 devolntaasordidorum
1781 3354 2002 3397 &poenalium
2030 3365 2098 3388 mu-

1164 3408 1274 3440 nerum
1299 3404 1499 3449 praestatione
1521 3407 1727 3440 irreverenter
1749 3403 1921 3438 defendere
1942 3404 2086 3437 dicebar.

1164 3456 1263 3490 Poena
1285 3464 1416 3498 quoque
1442 3454 1495 3490 his
1519 3455 1674 3490 omnibus
1686 3452 1821 3495 subjecta
1833 3454 1897 3495 est,
1923 3454 1943 3487 fi
1967 3454 2032 3487 [τις
2053 3454 2093 3487 de

1685 3504 1710 3536 F
1762 3516 1784 3539 2
1997 3514 2054 3536 ca:-
