2358 3776
297 168 723 219 nonadstitiffesort'unam.
749 166 803 206 Εὸ
814 173 924 206 autem
934 166 1159 218 dediligentia
1185 170 1250 205 cla-

296 224 364 259 rius
376 225 499 268 liquet,
523 217 612 267 quo'd
628 220 699 265 post
713 220 904 256 diuturnam
931 221 966 255 &
993 221 1143 256 odiosam
1167 218 1250 255 mihi

299 284 427 310 moram
446 268 612 306 charitatis
633 269 740 306 vestras
759 270 911 306 sedulitas
932 270 973 305 ad
1001 271 1249 307 instrudiionem

296 323 575 368 meamcompegit
584 322 718 362 omnia,
743 332 812 366 quae
830 331 871 355 ex
881 319 1047 365 opinione
1065 321 1165 356 vestra
1193 333 1251 356 no-

296 374 348 409 bis
369 370 480 408 obesse
500 379 675 416 potuerunt
689 370 739 404 vel
760 369 923 414 prodesse.
951 369 996 404 Et
1009 371 1085 406 licet
1098 371 1244 415 quaedam

297 423 411 459 eorum
422 431 477 466 per
486 420 568 456 alios
579 429 655 455 ante
674 419 906 465 cognoverim,
938 419 1050 454 nullus
1070 429 1180 456 tamen
1207 422 1248 456 fic

294 471 465 518 speciatim
477 471 629 506 universa
641 469 766 514 peregit
777 470 813 505 δε
824 468 949 514 singula
961 494 969 502 .
995 471 1128 505 Fuerint
1139 482 1247 506 autem

294 531 369 558 vera
380 520 494 557 omnia
517 530 587 567 quae
608 518 764 561 audistis,
793 519 868 555 licet
893 519 986 563 plura
1013 519 1091 555 falsa
1101 521 1164 555 effe
1176 532 1243 556 non

293 571 481 617 ambigam,
507 568 588 614 quid
600 567 765 604 aliudsine
776 569 951 614 dispendio
962 567 1066 604 facere
1078 571 1205 614 possum
1231 596 1243 614 ‚

293 623 395 667 quam
407 619 546 666 quodex
570 619 762 655 testimonio
783 619 996 654 conscientiae
1018 620 1247 664 praescribitra·

292 674 344 708 tio
353 697 365 714 ‚
388 672 423 706 δε
437 671 503 715 ipsa
514 668 614 705 officii
626 671 691 704 mei
703 669 870 704 neeeffitas
884 669 1053 705 inexorata
1063 671 1247 715 compellit?

291 722 421 757 Nonne
430 719 658 756 cumDomini
669 718 774 765 Regis
793 719 835 753 ad
846 719 990 754 Curiam
1013 720 1205 756 accessissem
1232 746 1245 762 ,

293 772 331 805 in
341 765 437 806 omni
451 770 638 806 humilitate
648 771 787 805 offerens
796 778 1040 814 quamcumque
1057 769 1244 806 satisfactio-

291 832 371 861 nem
384 821 454 865 jura
464 822 709 864 permitterent,
734 818 783 853 vel
805 819 960 854 voluntas
981 822 1038 856 su'a
1052 819 1137 856 mihi
1161 821 1243 856 indi·

290 866 749 909 derethonestateincoiumi‚
776 870 927 904 exclusus
940 871 1036 906 suma
1058 871 1164 907 forma
1189 882 1242 916 pa-

291 919 343 958 cis
353 945 365 963 ,
391 932 461 966 quae
471 931 551 956 tunc
566 921 722 966 magistro
735 917 894 963 Phiiippo
906 919 1018 956 oblat'a
1029 922 1074 956 e‘st
1086 922 1120 957 &
1131 921 1244 957 allata?

292 963 470 1018 Quidnam
481 981 548 1006 erat
560 969 694 1005 ulterius
706 969 917 1006 faciendum?
943 968 1117 1017 Numquid
1129 972 1242 1016 posses-

290 1011 400 1072 fiones
410 1018 495 1056 mihi
510 1021 654 1066 prolege
668 1020 734 1054 Dei
745 1019 905 1055 violenter
916 1021 951 1056 ἃ,
964 1020 1139 1057 crudeliter
1158 1020 1242 1056 abla-

290 1078 356 1112 tae',
380 1071 470 1112 quod
498 1070 605 1105 secure
625 1069 783 1115 protestor
802 1081 914 1105 coram
926 1071 1027 1113 Deo,
1053 1074 1134 1116 qui,
1161 1071 1240 1105 velit

286 1120 373 1156 nolit
385 1115 559 1160 Mundus,
584 1119 842 1164 judicaturusest
862 1122 990 1155 causam
1014 1120 1107 1156 istam
1131 1145 1144 1162 ,
1171 1131 1240 1156 tam

288 1171 375 1215 turpi
393 1180 487 1206 erant
513 1170 717 1205 commercio
737 1169 956 1211 redimendae‚
981 1180 1019 1205 ut
1039 1171 1176 1214 jurarem
1187 1182 1240 1205 me

289 1217 535 1256 observaturum
549 1219 804 1254 consuetudines
813 1244 825 1261 ,
851 1231 930 1262 quas
944 1222 997 1255 lex
1011 1221 1075 1255 Dei
1087 1220 1239 1255 condem-

288 1270 369 1312 inat,
393 1270 573 1305 &omnem
597 1268 701 1303 Archi
714 1269 902 1313 -Episcopo
920 1281 997 1305 meo
1015 1269 1239 1306 obedientiam

291 1317 477 1364 abjurarem
492 1320 509 1352 ,ἕ
533 1318 668 1353 Pofl‘ent
678 1317 748 1353 haec
759 1319 800 1353 ad
813 1318 1051 1355 subversionem
1071 1321 1151 1356 fidei
1161 1331 1239 1356 meae

288 1371 436 1411 sufficere
450 1395 462 1410 ,
487 1369 541 1404 sed
565 1376 675 1404 tamen
699 1367 836 1404 ulterius
854 1370 1035 1412 processum
1046 1369 1092 1405 est
1115 1371 1202 1406 inea
1227 1395 1240 1412 ,

285 1415 357 1464 ‘qum
375 1420 476 1454 etiam
495 1418 539 1453 ab
558 1418 748 1453 adversariis
769 1416 941 1454 honestius
961 1421 1063 1454 essent
1099 1419 1199 1455 tacita
1228 1441 1241 1462 ,

284 1469 383 1512 quim
395 1469 537 1511 expressa
547 1491 556 1500 .
582 1468 663 1502 Non
679 1469 790 1512 itaque
802 1468 838 1502 in
858 1468 988 1514 Regem
1004 1468 1064 1504 isla
1076 1469 1217 1505 refundo
1228 1494 1241 1511 ,

286 1514 388 1553 sedin
399 1517 457 1552 eos
470 1541 481 1557 ‚
507 1515 565 1562 qui
590 1518 623 1551 se
641 1517 790 1551 animum
807 1516 877 1560 ejus
897 1518 1026 1561 plenius
1053 1519 1145 1553 nosse
1155 1518 1239 1554 dice·

286 1566 392 1609 bant,
417 1574 597 1612 erantque,
623 1565 887 1610 utjastitabant,
913 1566 1105 1611 interpretes
1123 1568 1240 1611 volun-

286 1621 364 1653 tatis
376 1617 445 1662 ejus
460 1641 469 1648 .
495 1616 565 1661 lpse
575 1615 666 1650 enim
679 1615 903 1652 meaudiente
924 1627 994 1651 non
1016 1615 1125 1659 dixit,
1150 1617 1241 1663 quod

287 1676 345 1704 au't
356 1678 464 1703 meam
475 1675 530 1701 aut
543 1662 642 1708 ipsius
652 1664 806 1699 dedeceat
819 1663 1039 1702 honestatem:
1071 1668 1107 1702 in
1130 1679 1173 1703 eo
1193 1669 1239 1703 so·

286 1719 324 1753 lo
338 1719 443 1762 ipsum
455 1716 582 1760 polium
594 1720 728 1758 arguere
739 1737 751 1753 ,
778 1713 869 1757 quod
891 1724 969 1749 cum
990 1717 1176 1758 responsum
1186 1717 1241 1751 fla·

286 1767 429 1814 girarem
451 1765 493 1801 de
512 1764 688 1809 dispendio
710 1764 745 1798 &
771 1763 928 1807 temporis
950 1774 1174 1808 conquerens,
1199 1765 1241 1799 sic

287 1816 504 1861 detorquebat
514 1813 675 1855 verbum,
701 1821 817 1848 uttam
842 1812 1000 1857 majestati
1025 1814 1058 1849 &
1077 1812 1240 1850 honestati

285 1868 349 1903 suae
360 1892 372 1908 ‚
396 1865 496 1909 quam
509 1873 587 1898 meae
598 1861 775 1897 neceffitati
786 1862 865 1897 esset
886 1863 1149 1908 usque-quaque
1170 1864 1242 1898 inu-

289 1917 371 1954 tile.
399 1910 515 1950 Sciens
525 1911 804 1958 ergo&prudens
824 1923 884 1956 pro
906 1913 1063 1948 instantia
1083 1914 1241 1959 temporis

289 1965 383 2002 abeo
398 1962 540 2002 diverti,
566 1971 604 1996 ut
623 1962 844 2003 innocentiae,
872 1963 1072 2003 necessitati,
1097 1965 1131 1999 &
1150 1975 1242 1999 vere-

283 2016 414 2053 cundiae
437 2022 517 2049 mea:
536 2012 753 2056 prospicerem
768 2036 780 2053 ,
807 2011 914 2046 immo
933 2013 967 2047 ἀ
989 2013 1104 2048 caussae
1134 2013 1202 2048 Dei
1228 2026 1241 2047 .-

287 2065 472 2102 reversurus
484 2072 595 2098 tamen
610 2087 622 2103 ‚
648 2061 725 2097 Deo
736 2062 880 2106 propitio
893 2085 905 2103 ,
930 2063 953 2096 si
970 2061 1126 2107 quando,
1150 2061 1238 2107 quod

285 2118 404 2162 spero,
430 2111 513 2149 mihi
533 2123 611 2147 cum
635 2111 852 2147 indemnitate
876 2112 1128 2148 conscientiae&
1149 2114 1242 2148 famae

287 2167 372 2202 reeta
382 2163 566 2209 apparuerit
578 2163 666 2209 pacis
679 2162 731 2197 via
743 2188 751 2196 .
778 2161 944 2208 Alioquin
961 2161 1132 2205 antunihi
1155 2170 1242 2197 rnor-

273 2227 356 2252 1tem
379 2215 498 2250 inferat
518 2212 732 2258 temporalem
752 2212 826 2257 pius
849 2211 939 2254 Jesus
955 2235 968 2253 ,
1003 2212 1103 2254 quam
1124 2211 1231 2255 ipsum

286 2265 347 2313 pro
367 2277 446 2310 pace
466 2261 519 2299 vel
537 2261 641 2310 g'ratia
666 2259 813 2297 hominis
843 2259 1062 2305 recuperanda
1099 2261 1237 2296 scienter

290 2309 478 2352 offendam.

298 2400 302 2404 .
340 2358 402 2403 Sed
413 2374 450 2399 tu
463 2363 585 2398 multas
594 2359 751 2407 proponis
763 2357 972 2395 difficultates
986 2385 993 2393 .
1007 2359 1137 2402 Primo,
1149 2360 1239 2404 quod

288 2415 434 2452 Ecclesia
455 2413 667 2458 Anglorum,
694 2411 729 2445 in
752 2422 863 2458 arcum
885 2411 1196 2456 pravum-conversa
1223 2433 1234 2450 ‚

290 2465 482 2502 calcaneum
492 2463 592 2507 erigit
612 2459 766 2496 adversus
786 2456 992 2497 Dol'fiinu'm.
1022 2458 1065 2496 Et
1087 2461 1239 2506 Episcopi

290 2515 349 2551 sub
365 2512 599 2560 appellationis
619 2521 774 2556 praetextu
798 2511 960 2546 maiitiam
982 2511 1071 2557 suam
1084 2511 1234 2545 nituntur

289 2567 436 2602 colorare
454 2586 465 2604 ‚
498 2564 533 2598 &
555 2568 712 2597 evacuare
733 2557 929 2608 sentent-iam
949 2568 963 2602 ,
996 2564 1065 2605 qu'ae
1085 2559 1128 2595 de
1147 2558 1238 2610 Sedis

292 2611 827 2659 Apostolicaejudicioemanavit.
853 2608 916 2646 Sed
956 2607 1132 2651 roseriam
1149 2611 1241 2645 Deus

292 2664 466 2700 nobiscum
476 2662 544 2702 est,
569 2660 676 2695 immo
696 2661 773 2704 quia
793 2656 848 2705 per
872 2623 1129 2696 migricordiam
1151 2662 1239 2695 suam

294 2714 467 2750 nobiscum
478 2709 522 2745 est
536 2735 546 2751 ‚
564 2717 622 2754 pro
633 2712 662 2745 se
674 2710 871 2755 patientibus
883 2711 917 2755 dc
933 2711 1137 2755 proscriptis,
1162 2711 1239 2756 quia

294 2766 327 2800 ei
339 2765 373 2798 in
386 2763 492 2798 caussa
504 2759 561 2795 ista
573 2772 614 2795 ex
627 2760 828 2796 conscientia
838 2760 947 2796 nostra
968 2761 1170 2796 decrevimus
1196 2762 1243 2796 fa-

294 2813 413 2850 mulari
435 2811 534 2856 usque
554 2811 594 2845 ad
618 2821 780 2852 mortem,
806 2810 912 2855 plures
936 2811 1109 2847 nobiscum
1130 2813 1203 2846 sunt
1230 2837 1241 2853 ,

294 2866 394 2909 quam
407 2873 482 2897 cum
499 2860 566 2894 illis
577 2885 584 2892 .
612 2862 818 2903 Certumque
829 2860 874 2894 est
888 2861 1010 2896 amodo
1022 2886 1033 2901 ,
1059 2861 1149 2906 quod
1163 2861 1238 2906 Epi·

295 2910 841 2956 scopisimminetlabor&dolor,
868 2912 927 2944 nisi
952 2911 1120 2947 salubriori
1131 2911 1242 2966 xconli-

293 2965 345 3000 lio
357 2962 594 3006 acquiescentes
605 2985 615 3001 ,
643 2972 756 3005 pacem
770 2960 919 2994 Ecclesiae
930 2984 951 3000 ,v
968 2961 1064 3005 quam
1079 2973 1147 2997 non
1170 2973 1241 3006 pro-

298 3014 439 3048 dendam
453 3036 463 3052 ‚
490 3011 542 3045 sed
554 3010 801 3045 custodiendam
816 3010 1039 3054 susceperunt,
1069 3011 1166 3047 citius
1179 3011 1245 3046 stu·

298 3063 396 3099 deant
415 3061 586 3097 reformare
604 3085 611 3093 .
639 3060 757 3095 Rexin
770 3061 967 3103 Imperatore
975 3061 1113 3095 considit
1126 3087 1137 3103 ‚
1161 3063 1195 3096 ἀ
1207 3062 1243 3095 in

298 3113 452 3157 captione
462 3110 605 3145 Domini
619 3109 731 3155 Papae,
759 3121 858 3154 quam
877 3109 909 3144 ei
920 3102 1142 3146 vaticinantur
1164 3111 1245 3146 Pro·

301 3164 403 3208 phetae
425 3161 528 3202 Baal,
554 3160 635 3194 falsa
659 3159 982 3200 videntes&stulta,
1007 3161 1175 3211 quia-non
1197 3161 1244 3194 lo·

300 3210 655 3257 quunturaDomino.
682 3211 744 3245 Sed
769 3210 815 3245 ita
838 3208 959 3245 Achab
982 3208 1157 3254 deceptum
1181 3211 1245 3245 effe

304 3313 421 3357 gladiis
433 3311 584 3346 corruisse
598 3335 606 3342 .
630 3307 764 3354 Sapiens
774 3309 905 3344 interim
918 3309 1029 3345 audiat
1040 3310 1058 3344 Ξ
1071 3304 1202 3354 Catone
1234 3324 1245 3344 .-

285 3404 289 3407 ⁴
305 3366 342 3395 ln
354 3371 442 3394 morte
463 3363 586 3396 alterius
590 3358 675 3404 spem
686 3361 970 3402 tutusp‘onerenoli.
997 3356 1178 3395 Praesertim
1199 3360 1246 3394 in-

305 3409 680 3455 nocentis&Doinini,
704 3408 893 3457 cujus’dlem
915 3411 1090 3455 praevenire
1112 3409 1165 3446 vel
1186 3421 1247 3446 vo·
1270 3418 1272 3421 ’

1001 47 1571 135 -EPtST-oLAE

1311 171 1372 211 to,
1397 165 1744 215 parricidiiinffarest.
1773 165 1923 204 seduco
1934 170 2259 216 authoreD‘ominus'

1310 214 1398 265 Papa
1409 222 1610 265 prosperatur
1619 242 1630 259 ,
1653 219 1688 253 ἃ
1697 227 1794 263 capto
1806 230 1910 264 nuper
1922 219 2054 258 Albano
2065 248 2077 266 ,
2096 225 2174 259 sicut
2182 235 2251 258 cer-

1311 269 1427 305 tissime
1444 269 1590 311 constat,
1616 268 1746 304 dilatati
1761 269 1835 303 sunt
1856 269 1976 315 gressus
1996 271 2080 315 ejus.
2092 279 2099 284 ”
2117 274 2207 309 Cum
2226 273 2253 308 e*

1310 330 1424 355 contra
1435 316 1643 355 Theutonici
1656 319 1810 364 tyranni,
1833 319 1867 354 δε
1878 317 2089 356 haerefiarchai
2106 324 2156 359 sui
2177 325 2247 360 vias

1311 370 1410 414 sepiat
1430 371 1521 405 Deus
1541 369 1692 415 quotidie
1716 368 1835 413 spinis.
1873 368 1918 404 Et
1938 370 2030 415 quod
2054 367 2248 410 dissimulare

1311 425 1377 454 non
1391 421 1545 464 possunt,
1568 431 1684 455 eorum
1694 420 1884 455 minuantur
1894 420 1999 462 vires,
2023 420 2059 456 de
2078 425 2248 459 evanescat

1310 469 1507 506 authoritas.
1546 471 1650 518 Qiod
1670 469 1807 505 audistis
1829 470 1872 505 de
1883 469 2018 519 Siculo,
2050 470 2247 510 salsissimum

1307 519 1370 554 esse
1390 519 1506 555 dicunt
1525 520 1648 556 milites
1659 520 1857 560 Remenses,
1881 521 1939 566 qui
1958 520 2161 565 stipendiarii
2180 521 2251 566 eju‘s

1309 570 1440 605 fuerunt
1451 581 1542 606 anno
1552 571 1683 617 integro
1695 595 1707 611 ‚
1734 571 1768 607 &
1781 571 1886 616 pridie
1894 572 2008 607 reversi
2020 572 2094 607 sunt
2105 596 2114 604 .

1357 620 1460 667 Qod
1473 620 1522 655 illi
1534 631 1602 655 non
1615 621 1780 656 evitantur
1789 645 1802 662 ,
1827 630 1910 666 quos
1919 622 2090 657 Dominus
2100 620 2244 658 Cantua-

1309 668 1418 704 riensis
1426 668 1634 706 denunciavit
1646 672 1953 708 excommunicatos
1961 697 1973 713 ,
1986 683 2054 707 non
2065 683 2133 707 tam
2144 672 2251 717 ipsum

1310 719 1418 761 laedit,
1440 727 1541 763 quam
1553 720 1629 756 illos
1639 723 1695 766 qui
1713 721 1759 756 eis
1779 721 2048 757 communicant.
2075 722 2136 767 Ipsi
2159 721 2251 757 vide-

1309 771 1374 803 rint
1382 795 1394 811 ,
1411 781 1475 815 qua
1485 771 1687 807 conscientia
1697 773 1946 808 communicent
1957 784 1966 805 :
1996 773 2040 808 Et
2050 773 2107 817 qui
2119 778 2250 808 excom-

1309 820 1467 869 municati
1479 821 1554 856 sunt
1562 845 1576 862 ,
1600 830 1663 865 qua
1679 822 1867 857 innocentia
1879 833 1935 858 aut
1947 829 2074 869 negent
2082 832 2139 858 aut
2150 833 2248 857 excu-

1310 869 1379 904 sent
1406 870 1567 912 crimina,
1593 882 1662 916 quie
1684 872 1730 907 eis
1749 873 1979 918 impinguntur
1997 897 2005 905 .
2041 874 2118 919 Ego
2139 871 2208 907 scio
2234 896 2247 913 ,

1306 918 1395 964 qu'od
1405 931 1511 965 neque
1523 921 1556 956 in
1567 920 1699 957 ferenda
1723 923 1881 958 sententia
1900 924 2093 967 praesensvfui
2105 947 2118 964 ,
2141 932 2249 966 neque

1306 969 1490 1006 deconlilio
1502 981 1576 1006 meo
1590 982 1648 1007 aut
1670 971 1711 1007 de
1731 973 1930 1007 conscientia
1941 973 2006 1008 lata
2026 973 2090 1008 est.
2117 970 2164 1007 Et
2174 983 2248 1007 nec·

1305 1019 1405 1061 dum,
1430 1020 1509 1055 Deo
1519 1020 1617 1063 reste,
1644 1021 1804 1065 quosdam
1816 1023 2142 1067 eorum‚quivocati
2153 1023 2245 1064 sunt,

1304 1119 1440 1164 utique,
1466 1130 1504 1154 ut
1524 1121 1697 1154 consulitis
1721 1145 1733 1160 ‚
1766 1119 2107 1166 Archi-Episcopum
2123 1115 2251 1156 flestere

1304 1180 1362 1213 pro
1375 1166 1478 1203 Archi
1489 1187 1499 1194 —
1509 1170 1665 1205 Diacono
1678 1169 1868 1205 Pistavienfi
1880 1195 1892 1212 ,
1917 1171 1938 1205 si
1949 1181 2059 1206 tamen
2072 1170 2250 1205 intellexe-

1303 1219 1374 1253 ritis
1385 1243 1398 1260 ,
1423 1218 1513 1264 quod
1523 1218 1563 1254 ad
1575 1227 1688 1263 pacem
1701 1219 1851 1255 Ecclesia:
1873 1221 1968 1264 poffit
1989 1220 2144 1265 proficere
2154 1219 2248 1255 labor

1303 1278 1414 1304 meus.
1441 1268 1605 1313 Alioquin
1619 1270 1812 1314 probrosum
1831 1271 1955 1306 esset&
1974 1279 2067 1316 turpe
2079 1295 2090 1312 ,
2115 1269 2248 1305 Patrem'

1301 1319 1804 1355 c*ircumvenir·e&Dominum.
1830 1318 1892 1355 Sed
1906 1320 2041 1362 nostris,
2068 1319 2249 1365 quodcum

1303 1367 1368 1404 hoc
1378 1368 1419 1402 ab
1428 1380 1518 1403 anno
1530 1370 1690 1413 praterito
1699 1371 1862 1416 egerimus
1871 1395 1882 1412 ,
1910 1381 1971 1405 nec
1983 1370 2081 1406 semel
2091 1370 2187 1405 nobis
2200 1373 2248 1418 re-

1296 1415 1457 1466 ,sponsum
1470 1419 1516 1453 est
1529 1419 1572 1454 ab
1582 1418 1710 1455 Archi·
1722 1421 1877 1455 Diacono
1886 1431 1990 1455 unum
2010 1420 2161 1455 verbum.
2190 1421 2248 1465 De

1303 1469 1420 1504 itinere
1442 1478 1553 1503 autem
1574 1469 1678 1504 vestro
1700 1470 1781 1514 quid
1802 1470 1992 1511 consulam,
2022 1471 2155 1506 nescio.
2181 1469 2248 1505 Sed

1303 1518 1364 1553 iter
1375 1518 1689 1561 praecisedistarem,
1715 1520 1774 1555 nifi
1785 1521 1861 1565 quia
1873 1531 1942 1555 non
1964 1520 2082 1562 video,
2108 1529 2254 1565 quomo-

1303 1566 1349 1601 do
1361 1567 1379 1602 a
1391 1567 1565 1612 participio
1589 1571 1953 1605 excommunicatorum
1976 1571 2100 1616 possitis
2110 1567 2249 1606 abstine-

1303 1626 1355 1651 re.
1382 1615 1473 1650 Nam
1492 1616 1653 1661 quoniam
1671 1619 1867 1653 sententiam
1888 1628 2078 1654 meruerunt
2100 1643 2113 1660 ,
2149 1618 2247 1654 nobis

1304 1666 1510 1709 aliquatenus
1521 1690 1532 1708 ,
1559 1665 1693 1701 sediliis
1703 1678 1744 1702 ex
1756 1668 1949 1703 testimonio
1958 1667 2165 1703 conscientiae
2184 1666 2251 1716 pler

1305 1715 1378 1749 nius
1389 1715 1509 1758 liquet.
1538 1716 1625 1750 Eum
1647 1717 1704 1758 qui
1727 1717 1863 1752 seminat
1884 1719 1971 1752 inter
1992 1719 2103 1754 fratres
2121 1717 2250 1753 discor-

1303 1763 1393 1804 dias,
1419 1763 1595 1798 detestatur
1614 1766 1725 1799 anima
1753 1767 1839 1799 Dei:
1866 1766 1946 1807 quid
1965 1777 2045 1811 ergo
2065 1776 2164 1809 eum,
2189 1767 2248 1811 qui

1303 1821 1378 1847 cum
1389 1811 1534 1848 Idumaeo
1556 1813 1694 1848 satellite
1715 1815 1913 1860 persequitur
1932 1816 2123 1852 Sacerdotes
2142 1816 2249 1858 ,vTa-

1305 1862 1470 1897 bernaculi
1484 1863 1628 1900 Domini
1647 1864 1812 1899 succendit
1826 1864 1933 1900 vicum
1944 1890 1956 1907 ,
1981 1867 2016 1901 ἀ
2033 1866 2146 1911 gladio
2153 1864 2250 1911 Ptin*

1303 1912 1386 1957 cipis
1402 1912 1437 1946 in
1455 1911 1643 1948 Leviticum
1665 1913 1816 1950 ordinem
1848 1914 2064 1951 debacchatur
2077 1914 2094 1940 ἓ
2119 1915 2157 1951 1⁷n
2176 1913 2248 1951 {loc

1302 1970 1382 2006 ergo
1395 1961 1537 1997 articulo
1548 1962 1711 1999 consulite
1720 1964 1978 2005 conscientiam„
2001 1967 2034 2000 δε
2043 1965 2185 2009 aliquem
2193 1976 2247 2001 se*

1306 2011 1458 2056 ligiosum
1480 2012 1515 2046 ἀ
1536 2012 1709 2049 discretum
1731 2015 1888 2050 arbitrum
1911 2014 2087 2052 adhibete:
2113 2016 2148 2051 ἀ
2165 2023 2246 2051 cum

1303 2059 1479 2095 effuderitis
1490 2073 1548 2103 cor
1557 2062 1694 2098 vestrum
1706 2063 1741 2098 in
1763 2066 1935 2110 conspeetu
1953 2061 2043 2112 ejus,
2070 2064 2248 2112 sequimini

1304 2111 1392 2157 quod
1404 2111 1573 2146 Dominus
1581 2113 1751 2157 inspirabit
1759 2138 1767 2145 .
1975 2126 1977 2130 ’

1351 2160 1475 2196 sivero
1488 2172 1545 2196 vos
1555 2160 1595 2196 ad
1609 2163 1742 2198 Curiam
1763 2163 1976 2211 suadentibus
2000 2166 2117 2202 amicis
2136 2167 2246 2202 conti-

1299 2208 1386 2255 'gerit
1398 2211 1557 2255 proficisci
1569 2233 1588 2251 ‚·
1606 2212 1708 2247 Archi
1721 2231 1731 2237 -
1742 2210 1934 2251 Diaconum
1944 2207 1966 2259 ,ξ
1980 2212 2079 2260 quem
2090 2215 2245 2262 diligitis,

1301 2260 1336 2295 ἀ
1347 2271 1433 2305 ego,
1459 2259 1622 2305 quatenus
1634 2264 1792 2306 permittit
1810 2265 2168 2306 sinceritasxchariratis,
2194 2275 2246 2302 to*

1302 2319 1335 2344 ta
1346 2320 1456 2345 mente
1468 2317 1602 2346 veneror
1611 2312 1645 2346 ἀ
1656 2313 1828 2356 ιωρῐεέἱοι·
1836 2339 1848 2356 ,
1877 2312 2065 2359 persuadete
2072 2328 2089 2357 '‚·—
2105 2326 2142 2351 ut
2150 2315 2247 2360 juxta.

1302 2359 1391 2404 quod
1414 2358 1581 2404 Propheta
1603 2367 1736 2402 monet,
1763 2363 1904 2397 reflectat
1925 2365 2041 2399 oculos
2060 2367 2183 2401 mentis
2201 2366 2246 2401 a'd.

1303 2409 1415 2444 suas&
1428 2410 1570 2444 Domini
1584 2410 1631 2444 sui
1644 2411 1711 2446 vias
1722 2435 1733 2451 ,
1759 2412 1794 2445 &
1806 2421 1907 2455 ponat
1918 2422 1974 2447 eor
1987 2414 2079 2457 super
2089 2414 2160 2448 illas
2170 2438 2182 2455 ,
2207 2417 2245 2451 de

1304 2470 1371 2495 non
1392 2459 1516 2495 amodo
1538 2459 1686 2503 subjiciat
1696 2461 1727 2495 ei
1750 2461 1887 2501 mollia,
1912 2463 2038 2507 sperans
2059 2464 2093 2497 in
2116 2463 2245 2500 incerto

1302 2509 1513 2550 divitiarum,
1537 2510 1571 2544 ἀ
1591 2511 1686 2545 variis
1707 2510 1928 2546 lenocinantis
1948 2514 2087 2547 fortunae
2110 2511 2246 2549 blaudia

1303 2561 1442 2595 mentis.
1468 2559 1748 2604 Memineritqne,
1773 2559 1862 2603 quod
1876 2562 2010 2596 summis
2032 2564 2244 2607 negatnmest

1293 2610 1383 2646 ²stare
1394 2610 1452 2645 diu
1463 2634 1479 2658 ι,
1489 2612 1523 2645 &
1532 2620 1608 2644 aute
1620 2610 1749 2645 ruinam
1761 2611 1922 2646 exaltatur
1932 2623 1989 2647 cor
2001 2637 2008 2645 .
2036 2613 2126 2647 Nam
2137 2613 2243 2657 quau·

1303 2670 1515 2704 tumcumque
1534 2660 1710 2695 dissimulet
1720 2684 1731 2701 ,
1758 2661 1854 2695 novit
1865 2661 2058 2696 sententiam
2071 2661 2213 2706 pastoris
2231 2673 2245 2705 ,

1301 2711 1383 2755 justa
1394 2711 1432 2745 sit
1444 2721 1486 2745 an
1510 2709 1648 2753 injusta,
1673 2712 1736 2745 effe
1757 2711 1957 2745 timendam.
1984 2712 2076 2758 Qd
2098 2714 2201 2749 multa
2225 2716 2241 2749 ἓ

1303 2762 1337 2797 Si
1350 2770 1443 2806 potes
1456 2758 1546 2796 Loth
1557 2762 1620 2796 esse
1631 2762 1665 2795 in
1679 2758 1852 2802 Sodomis,
1878 2759 1994 2805 Ioseph
2008 2766 2040 2796 in
2058 2761 2144 2797 Aula
2158 2762 2243 2798 Pha-

1303 2811 1435 2852 raonis,
1463 2809 1632 2845 Chusaiin
1643 2810 1818 2854 colloquiis
1841 2811 1876 2845 δι
1893 2811 2036 2845 consiliis
2056 2810 2201 2847 Absalon
2227 2838 2243 2855 ,

1304 2860 1476 2896 Abdiasin
1489 2860 1648 2905 obsequio
1661 2859 1779 2895 Achab
1798 2861 1833 2894 δε
1856 2861 2023 2896 consortio
2043 2862 2190 2905 jezabel,
2217 2861 2241 2898 si

1304 2911 1426 2947 Daniel
1438 2911 1472 2944 in
1486 2910 1676 2955 Babylone,
1704 2909 1783 2944 illuc
1797 2910 1964 2945 salubriter
1975 2910 2034 2945 tibi
2047 2913 2080 2946 &
2091 2912 2156 2945 illis
2169 2921 2242 2957 pro·

1303 2960 1454 2997 ficisceris
1474 2985 1487 3002 ,
1512 2960 1630 3006 quibus
1641 2957 1844 3003 persuadebis
1858 2983 1870 3000 ,
1894 2970 1931 2994 ut
1952 2961 2244 2998 custodiantinno·

1304 3011 1447 3047 centiam
1460 3033 1472 3051 ,
1496 3007 1674 3046 &videant
1685 3010 1870 3054 aequitatem
1884 3035 1895 3052 ‚
1920 3013 2081 3054 quoniam
2101 3013 2181 3047 sunt·
2193 3012 2241 3048 τὸ·

1305 3061 1411 3104 liquiae
1420 3058 1549 3095 homini
1563 3059 1719 3104 pacifico.
1747 3060 1878 3096 Etcum
1892 3060 2003 3105 injusti
2024 3062 2118 3096 simul
2137 3061 2241 3106 dispe·

1305 3120 1413 3152 reant,
1442 3110 1530 3145 salus
1547 3109 1707 3154 justorum
1727 3110 1926 3154 exspectatur
1944 3112 1961 3146 a
1984 3102 2155 3151 Domino,
2181 3112 2242 3153 qui

1288 3159 1292 3172 l

1304 3159 1407 3196 fidelis
1425 3160 1472 3195 est
1486 3161 1521 3194 in
1530 3159 1689 3205 promissis
1702 3183 1714 3200 ‚
1735 3160 1770 3195 ἀ
1788 3160 1905 3195 electos
1917 3162 1989 3195 suos
2000 3161 2091 3204 supra
2104 3162 2136 3195 id
2148 3161 2242 3204 quod

1287 3173 1456 3257 ,posthum
1481 3208 1677 3244 tentarinon
1691 3211 1833 3253 patitur,
1859 3210 1912 3246 sed
1923 3212 1976 3245 eis‘
1993 3212 2141 3245 universa
2162 3220 2242 3246 coo-

307 3262 520 3303 memineris,
554 3254 590 3295 &
609 3260 689 3295 dum
711 3261 849 3304 speraret
872 3261 1062 3300 victoriam,
1099 3258 1244 3295 hostium
1286 3256 1500 3306 iperanturin
1513 3258 1658 3296 bonnm.
1686 3260 1751 3297 lter
1768 3261 1982 3298 &adinstuos
1991 3260 2114 3307 dirigat
2123 3261 2243 3298 Domi·

1288 3302 1291 3326 ¹
1306 3318 1380 3348 nus'.

1804 3396 1826 3417 l:-

2066 3421 2225 3497 81²1ss

1306 1069 1410 1111 novi,
1435 1080 1562 1114 neque,
1595 1071 1686 1115 quod
1707 1070 1928 1111 meminerim,
1957 1071 2048 1105 vidi.
2084 1069 2249 1107 Tentabo
2315 1096 2318 1099 -
