2358 3776
375 177 469 226 372

296 543 630 598 Pontificatus'nosiri
643 556 732 587 anno
743 545 840 581 tertio
854 569 863 578 .

507 646 545 683 T
571 645 604 681 R
630 644 662 681 A
689 645 721 689 C
745 646 783 681 T
809 645 842 681 A
869 645 907 679 T
935 644 976 682 U
1002 646 1024 684 S

346 751 467 783 nmini
482 746 629 791 stephani
653 746 883 790 Cantuarlenfis
905 744 1171 791 Archi-Episcope,

344 849 426 886 DE
452 817 954 884 TkANsLATioNE
993 846 1187 882 BEATI

414 899 687 953 „THOMAE
714 898 1069 936 MARTYRls.

292 1013 322 1039 1.
441 1001 664 1037 Ranslationis
677 1001 770 1036 Beati
795 999 939 1035 Thomae
960 999 1154 1036 memoriam
1181 1010 1234 1035 an-

465 1064 534 1086 nuae
543 1053 731 1087 devotionis
742 1051 851 1086 studio
863 1052 1042 1086 recolentes
1055 1050 1130 1086 ante
1145 1061 1229 1085 men-

285 1101 330 1136 tis
337 1102 455 1136 oculos
466 1101 641 1137 statuamus
651 1127 663 1144 ,
689 1103 779 1146 quod
802 1101 1055 1137 debellatoribus
1083 1101 1231 1135 Ecclesia

288 1152 460 1196 primitiva:
469 1151 590 1188 dicitur
603 1165 660 1197 per
671 1151 869 1198 prophetam
884 1177 895 1194 ,
922 1162 958 1186 ut
970 1153 1084 1186 nostrae
1096 1152 1214 1186 servitu

287 1203 331 1236 tis
339 1202 486 1237 debitum
499 1203 629 1238 fidelius
641 1204 866 1248 persolvamus
877 1228 888 1244 ,
914 1205 946 1237 ὅ(
959 1203 999 1237 ad
1012 1202 1229 1236 ministerium

287 1252 432 1287 nostrum
446 1254 651 1297 implendum
664 1253 804 1288 validius
816 1256 1029 1298 accingamur
1041 1278 1048 1285 .
1061 1254 1120 1287 Ait
1135 1253 1227 1297 siqui-

283 1303 359 1337 dem
373 1303 566 1337 Zacharias:
597 1305 743 1336 Bibenres
764 1303 991 1335 inebriabuntur
1012 1301 1097 1345 quast
1115 1309 1191 1335 vino
1218 1327 1228 1342 ‚

283 1352 516 1395 &replebuntur
527 1361 561 1385 ut
575 1351 696 1385 Phiala
705 1376 716 1392 ,
744 1353 778 1385 (9
800 1350 885 1394 quast
906 1363 1014 1385 cornua
1033 1353 1146 1385 altaris
1155 1376 1166 1392 ,
1195 1354 1229 1385 (θ’

282 1400 422 1445 salvabn
433 1413 480 1434 eos
495 1404 639 1434 Dominus
657 1404 738 1434 Deus
751 1412 847 1434 eorum
856 1408 894 1434 sn
904 1405 953 1435 dre
966 1404 1020 1434 illa
1031 1425 1043 1445 ,
1069 1410 1101 1434 ut
1107 1412 1227 1444 gregem

277 1451 381 1494 populi
387 1448 436 1493 sul
451 1473 462 1489 ,
490 1455 563 1492 quia
584 1451 700 1490 lapides
722 1448 819 1493 [anm
842 1449 1039 1483 elevabuntur
1053 1447 1146 1492 super
1169 1459 1226 1483 eer-

279 1512 353 1535 ram
365 1526 372 1533 .
403 1499 499 1533 Nulli
514 1499 591 1533 vero
604 1499 750 1532 videatur
766 1498 921 1533 indecens
934 1509 989 1532 aut
1011 1499 1187 1543 indignum
1215 1523 1225 1540 ,

281 1551 371 1595 quod
384 1560 481 1597 agere
494 1550 684 1587 volentibus
695 1549 782 1582 diem
797 1549 914 1582 festum
928 1548 1098 1583 bellatores
1109 1559 1224 1593 propo·

281 1605 389 1639 nimus
401 1604 434 1637 in
449 1600 636 1644 exemplum
651 1625 657 1631 .
685 1598 909 1633 Necessarium
921 1600 965 1633 est
978 1600 1066 1632 enim
1080 1623 1092 1640 ,
1119 1609 1155 1633 ut
1173 1600 1224 1632 *so-

279 1654 404 1692 lemnia
416 1652 615 1687 celebrantes
627 1652 688 1685 sint
698 1652 738 1684 ad
747 1650 910 1693 spirituale
930 1650 1073 1694 praelium
1097 1649 1224 1692 expedi-

280 1706 328 1746 ti,
352 1717 397 1739 -ne
409 1703 489 1738 dum
499 1703 682 1736 sanctorum
694 1702 808 1734 merita
831 1709 1045 1740 venerantur,
1073 1699 1238 1741 inimico,

282 1752 727 1799 ruminalis-vulnerentur.
755 1749 856 1797 Qod
882 1750 964 1784 bene
984 1749 1144 1794 significat
1168 1750 1237 1796 ille>v

279 1805 426 1850 *bellator
437 1804 603 1848 egregius,
633 1799 893 1845 Judasvidelicet
911 1799 1141 1839 Machameus,
1167 1802 1237 1843 qui

276 1857 385 1891 ‘sansta
399 1852 555 1888 mundare
566 1851 784 1894 disponens&
797 1850 979 1893 Templum
1007 1850 1149 1884 Domini
1169 1850 1219 1883 de-

277 1905 463 1941 dicationis
484 1905 598 1938 officio
623 1911 798 1941 renovare,
824 1899 989 1934 ordinavit
1011 1900 1096 1933 viros
1118 1925 1128 1940 ,
1163 1899 1220 1941 qui

279 1966 466 2002 pugnarent
480 1954 608 1988 interim
624 1951 776 1986 adversus
792 1961 868 1991 eos,
897 1950 1055 1994 quierant
1073 1950 1108 1983 in
1131 1958 1202 1982 arce
1216 1974 1223 1981 .

331 2019 361 2045 2-
391 2005 502 2048 Hujus
514 2003 668 2047 exemplo
690 2000 1078 2049 solemniusinsiflentes,
1107 2007 1222 2032 contra

280 2058 448 2102 malignos
459 2056 587 2098 spiritus
608 2055 641 2087 in
665 2064 736 2087 arce
760 2049 911 2095 superbiae
935 2049 1105 2084 residentes
1123 2047 1223 2082 virili-

278 2119 328 2144 ter
349 2107 564 2142 dimicemus.
595 2104 665 2152 Qi
689 2103 814 2147 peccati
840 2112 1003 2136 venenum
1038 2099 1221 2135 festivitatis

278 2160 361 2194 vino
383 2158 554 2192 miscentes
576 2155 778 2189 interficiunt
792 2153 965 2193 infelices,
993 2149 1221 2196 quisolemni-

278 2219 384 2243 tatum
406 2207 547 2242 obtentu
570 2206 744 2250 negotium
766 2203 886 2238 ventris
908 2211 1033 2248 agunt,
1068 2201 1102 2236 ἀ
1127 2199 1221 2244 spiri-

276 2260 367 2294 tuale
388 2258 547 2304 gaudium
574 2255 780 2290 exultatione
809 2253 932 2288 carnali
970 2259 1186 2292 corrumpunt
1212 2273 1219 2280 .

279 2311 451 2346 Imitemur
471 2318 550 2350 ergo
565 2330 575 2344 ‚
603 2304 776 2337 charissimi
789 2327 800 2343 ‚
827 2298 1054 2334 Mathathiam
1074 2299 1110 2332 &
1130 2297 1215 2331 filios

279 2359 350 2403 ejus
377 2382 389 2399 ,
426 2357 484 2400 qui
505 2364 585 2389 cum
619 2351 771 2386 fidelibus
802 2347 974 2383 Antiocho
1006 2347 1220 2382 resistentibus

304 2408 412 2443 rovide
433 2406 637 2441 statuerunt,
661 2411 698 2434 ut
713 2409 828 2433 contra
848 2409 985 2442 gentes,
1006 2408 1219 2442 quaetetnpo-

277 2453 574 2495 re'Sabbathorum
597 2451 632 2484 in
651 2460 714 2483 eos.
729 2449 899 2492 insurgent
909 2471 939 2488 ›,-
956 2448 1154 2482 unanimiter
1173 2446 1220 2481 di-

279 2511 439 2545 micarent
461 2530 468 2538 .
502 2504 576 2538 Nos
601 2509 743 2544 namque
760 2497 932 2542 prudenter
953 2498 1135 2531 &sortiter
1165 2496 1222 2530 ho·

277 2561 381 2594 stibus
403 2555 584 2590 resistamus
606 2575 617 2591 ,
645 2550 700 2594 qui
716 2547 878 2583 Sabbatha
898 2547 1003 2582 nostra
1018 2547 1220 2591 perturbant,

277 2613 313 2646 ὅ(
334 2607 457 2652 iniquis
470 2598 732 2646 subreptionibus
748 2598 1000 2638 machinantur,
1022 2607 1062 2631 ut
1074 2597 1218 2641 spiritua-

279 2662 311 2696 le
330 2657 509 2705 gaudium,
535 2655 569 2686 in
610 2651 785 2694 perniciem
825 2649 965 2683 transeat
999 2648 1181 2682 animarum
1210 2672 1220 2687 ,

278 2708 370 2756 quod
383 2707 424 2741 ad
436 2714 546 2739 earum
558 2700 738 2735 remedium
762 2698 805 2731 est
821 2699 975 2732 statutum
989 2722 997 2729 .
1025 2698 1058 2731 Si
1070 2698 1158 2732 enim
1174 2698 1219 2730 12-

276 2761 358 2795 titiae
368 2759 465 2792 fraena
478 2755 625 2789 laxantes
638 2759 792 2794 praetextu
819 2749 954 2786 laetitiae,
978 2748 1144 2781 lasciviam
1156 2758 1217 2781 am-

283 2811 480 2856 plestamur,
505 2805 538 2839 ἀ
551 2801 675 2843 abieno
688 2798 824 2843 cingulo
837 2798 1015 2841 disciplina
1038 2797 1097 2832 viri
1112 2797 1219 2832 Eccle-

279 2858 396 2894 siastici
410 2855 530 2889 fuerint
544 2851 711 2890 diffoluti,
738 2849 842 2882 hostes
866 2848 1038 2882 Ecclesiam
1058 2848 1220 2882 intuentes

281 2910 352 2954 ejus
362 2903 523 2943 Sabbatha
532 2899 726 2935 deridebunt
738 2923 746 2930 .
776 2898 861 2931 Cum
877 2899 977 2945 igitur
990 2899 1022 2932 in
1035 2897 1166 2933 Psalmo
1179 2898 1217 2932 le·

282 2968 399 3005 gamus
410 2980 420 2996 ‚
446 2953 535 2996 quod
550 2953 581 2984 in
594 2950 751 2993 justorum
764 2948 1004 2983 Tabernaculis
1016 2960 1080 2982 vox
1091 2947 1219 2982 exulta-

281 3009 387 3044 tionis
401 3002 571 3040 resonet&
584 3001 713 3039 salutis,
741 2999 762 3031 si
775 2997 849 3041 justi
861 2999 922 3031 esse
933 2998 1103 3037 volumus,
1120 3009 1219 3033 atten-

279 3060 312 3094 te
324 3065 475 3093 curemus
488 3077 498 3094 ,
525 3061 559 3086 ut
571 3051 591 3083 fi
604 3048 688 3093 apud
701 3060 761 3082 nos
784 3049 879 3082 fuerit
901 3059 966 3080 vox
986 3048 1199 3082 exultationis
1209 3071 1218 3087 ,

281 3109 395 3145 eadem
409 3107 445 3139 sit
466 3104 500 3138 δε
525 3101 652 3135 salutis.
682 3099 756 3132 Nec
775 3096 938 3132 exultatio
959 3098 1095 3132 salutem
1113 3098 1220 3142 exclu-

282 3161 361 3199 dat,
388 3167 441 3190 aut
466 3150 642 3196 temporale
663 3148 820 3194 gaudium
849 3147 997 3182 dolorem
1028 3159 1220 3192 perpetuum

283 3208 486 3245 introducat.

335 3271 364 3306 3.
390 3258 483 3291 Tota
506 3251 625 3287 mentis
642 3249 829 3285 intentione
865 3248 1002 3282 vitemus
1021 3273 1031 3288 ,
1060 3260 1100 3282 ne
1128 3251 1219 3292 juxta

283 3307 449 3342 Thaddaei
470 3303 698 3340 testimonium
711 3300 773 3334 Dei
787 3299 885 3332 nostri
898 3298 1035 3344 gratiam
1049 3299 1082 3331 in
1095 3299 1221 3334 saneto-

284 3369 354 3392 rum
367 3354 694 3400 gloriaconstitutam
719 3350 754 3383 in
777 3348 938 3382 luxuriam
960 3349 1186 3384 transferamus
1214 3373 1220 3381 .

285 3409 460 3453 Quoniam
475 3407 507 3437 in
518 3405 678 3446 judicium
693 3402 766 3435 sunt
781 3399 947 3442 prolcripti
959 3421 968 3437 ,
995 3399 1027 3432 δε
1039 3398 1210 3433 damnatio

285 3459 340 3493 nis
351 3456 451 3490 titulo
463 3454 523 3495 jam
536 3452 640 3486 notati
651 3477 662 3493 ,
674 3451 729 3495 qui
741 3448 932 3484 temeritatis
949 3447 1042 3491 hujus
1053 3451 1220 3484 audaciam

285 3514 445 3542 attentare
457 3503 663 3548 praesumunt.
692 3501 772 3535 Dies
782 3499 871 3534 enirn
884 3498 993 3534 Festos
1005 3510 1085 3545 quos
1100 3500 1134 3535 in
1161 3498 1223 3535 hac

1021 154 1622 214 EpisTOL'AE·

300 248 378 284 cum
395 248 464 282 dies
476 246 570 291 ipsius
594 244 808 286 solemnitatis
830 245 1002 286 advenerit
1015 269 1026 286 ,
1051 244 1086 278 in
1106 246 1240 280 occursu

299 299 395 333 vestri
408 296 592 333 sanctissimi
607 297 764 341 Martyris
774 298 809 332 δι
834 295 966 339 patroni
990 295 1096 338 ipsum
1119 296 1243 340 poffitis

297 347 555 383 honorificentia
566 348 676 388 debita
691 347 798 381 taliter
815 344 957 384 venerari
975 369 985 384 ,
1010 344 1100 387 quod
1123 347 1238 381 docea-

298 398 342 432 tis
352 396 434 432 alios
445 409 499 441 per
507 399 692 442 exemplum
706 419 717 435 ,
737 403 897 438 quantum
909 395 972 428 esse
982 392 1097 429 debeat
1106 396 1240 430 celebris

301 459 357 494 per
368 447 488 488 diversa
501 447 625 487 Mundi
639 446 768 479 climata
781 445 901 488 praefati
917 444 1074 493 Martyris
1086 450 1241 487 memoria

298 498 441 544 gloriosa
455 523 462 531 .
491 497 575 531 Data
589 494 743 537 Laterani
755 492 871 530 octavo
884 493 1048 530 Calendas
1059 494 1239 540 Februarii,

1291 246 1371 281 vita
1393 246 1503 283 letitia
1526 248 1752 293 prosequitur,
1777 246 1956 287 inhonesta
1982 248 2058 287 vitae
2078 254 2239 293 terminus

1303 297 1393 341 juxta
1406 298 1537 333 verbum
1555 298 1789 344 Proplieticum
1812 301 1847 336 in
1872 302 2141 339 lamentationem
2160 319 2238 343 con-

1306 347 1445 383 vertet&
1458 349 1488 383 lu
1494 351 1580 383 ctum
1591 373 1600 383 .
1620 350 1708 398 Qis
1720 361 1858 395 namque
1869 354 2006 388 miretur
2014 377 2026 394 ,
2053 354 2076 387 fi
2088 354 2239 393 Domino

1304 398 1420 432 servire
1442 410 1604 446 cogantur
1627 402 1661 434 in
1687 403 1809 445 poenis,
1835 403 1891 448 qui
1912 414 1987 438 eum
2009 414 2189 449 coegerunt
2203 406 2238 441 in

1305 448 1366 482 suis
1387 449 1498 484 servite
1520 451 1662 494 peccatis
1683 475 1694 491 ,
1731 450 1818 493 juxta
1841 454 1930 497 quod
1954 455 2164 498 conqueritur
2185 466 2240 498 per

1306 496 1496 544 propheram
1509 501 1665 545 quisnam
1678 503 1712 535 dc
1722 501 1913 537 sanctorum
1925 505 2064 549 gloriam
2075 505 2116 539 ad
2137 505 2236 539 volu·

1304 557 1422 591 ptatem
1434 551 1625 585 retorserunt
1634 551 1669 586 ὅ(
1680 553 1809 596 culpam
1821 554 1840 586 ,2
1850 553 1993 590 Modum
2006 565 2115 589 autem
2127 554 2159 589 δι
2173 556 2238 589 for·

1303 610 1388 633 mam
1409 600 1667 636 solemnitatibus
1690 603 1895 639 celebrandis
1918 605 2071 649 scriptura
2097 605 2235 649 praescri·

1304 650 1372 690 bit,
1392 660 1461 692 quae
1484 651 1646 693 cujusdam
1668 653 1851 688 festivitatis
1873 655 2087 690 celeberrimae
2114 654 2236 700 gaudia

1302 701 1495 742 prosequens
1505 703 1607 740 asserit
1620 714 1755 738 omnem
1770 705 1947 740 secundnm
1960 706 2077 740 faciem
2104 705 2236 739 Sanno-

1302 761 1371 783 rum
1385 751 1475 783 fuine
1486 750 1664 793 jucundum
1684 779 1691 786 .
1714 754 1833 800 Qalis
1844 758 1922 789 vero
1933 756 1970 789 flt
1997 756 2055 790 ista
2080 755 2239 790 solemni-

1300 810 1366 844 tas,
1396 800 1573 842 Apostolus
1584 802 1679 838 docet
1700 804 1812 839 dicens
1827 819 1838 838 .·
1866 809 2055 847 Fornicatio,
2082 807 2117 840 tir
2140 810 2237 838 omnis

1298 853 1487 884 immunditia
1497 876 1508 892 ,
1534 862 1585 886 aut
1596 860 1733 889 avaritia
1748 879 1759 895 ,
1786 867 1837 889 nec
1849 863 2016 891 nominetur
2026 862 2060 889 in
2072 854 2155 890 vobis
2169 879 2180 896 ,
2197 853 2234 897 fi·

1297 912 1345 933 cut
1354 902 1436 935 decet
1457 903 1602 946 sandes,
1630 915 1684 937 aut
1707 908 1879 946 turpitudo,
1905 916 1959 940 aut
1976 907 2194 949 stultiloquium
2221 929 2234 946 ,

1297 960 1349 984 aut
1354 950 1520 994 scurrilitas
1534 977 1544 993 ,
1569 965 1637 997 quae
1648 956 1692 987 ad
1712 966 1774 987 rem
1797 967 1855 987 non
1875 963 2006 996 pertinet
2019 981 2029 997 ,
2052 955 2110 1000 sed
2132 960 2231 999 magis

1291 1002 1461 1044 gratiarum
1474 1003 1569 1035 allio.
1598 1004 1661 1037 Vir
1670 1004 1760 1037 enim
1773 1005 1920 1044 sanetus,
1948 1006 2022 1040 licet
2043 1007 2076 1039 in
2102 1005 2233 1049 Iericho

1294 1055 1522 1091 conversetur,
1547 1053 1662 1088 faciem
1685 1063 1792 1087 tamen
1831 1056 1940 1087 euntis
1966 1056 1999 1087 in
2024 1054 2232 1090 Hierusalem

1296 1114 1360 1136 non
1375 1103 1494 1137 amittit
1508 1115 1520 1136 .·
1540 1104 1616 1147 quia
1630 1106 1705 1137 licet
1717 1103 1837 1137 eumin
1852 1102 1985 1138 Mundo
1996 1103 2142 1138 detineat
2153 1104 2234 1139 con‘-

1293 1155 1428 1187 versatio
1440 1154 1637 1196 corporalis,
1667 1154 1784 1188 faciem
1797 1163 1906 1189 tamen
1930 1155 2051 1190 retinet
2073 1152 2116 1189 ad
2139 1152 2236 1189 coele·

1291 1202 1350 1237 stia
1377 1205 1583 1247 suspirantis.
1620 1215 1623 1219 ·

1340 1263 1374 1299 4.
1402 1254 1579 1289 Bellatores
1595 1254 1704 1299 itaque
1718 1255 1900 1299 primitivos
1912 1279 1922 1295 ,
1939 1254 2030 1291 vsicut
2044 1254 2194 1302 dix-imus
2219 1277 2232 1294 ,

1291 1303 1458 1336 imitemur
1469 1328 1479 1343 ‚
1507 1315 1646 1346 quorum
1662 1306 1807 1348 probitas
1822 1317 1880 1339 nos
1891 1305 2012 1340 invitat
2029 1330 2039 1346 ,
2065 1304 2149 1340 utin
2164 1303 2239 1339 die-

1290 1354 1348 1387 bus
1361 1354 1446 1387 festis
1460 1353 1568 1387 hostes
1590 1354 1716 1389 fortiter
1739 1356 1985 1399 impugnemus.
2019 1357 2134 1389 Sermo
2159 1354 2240 1388 Pro-

1290 1402 1437 1445 pheticus
1452 1403 1587 1436 laudans
1597 1403 1640 1435 ait
1654 1415 1662 1434 z
1692 1403 1839 1437 Bibenm
1853 1403 2082 1438 inebriabuntur
2094 1402 2234 1447 quafivl-

1290 1463 1325 1483 no
1339 1475 1350 1491 ,
1375 1453 1410 1484 Cr
1420 1452 1615 1494 replebuntur
1627 1461 1661 1485 ut
1678 1450 1798 1486 Phialae
1811 1475 1822 1492 ,
1848 1454 1883 1486 <9
1894 1452 1980 1493 quast
1986 1464 2093 1485 cornua
2106 1454 2241 1494 altaris,

1290 1500 1441 1535 &anHaec
1454 1499 1549 1534 verba
1574 1512 1643 1534 non
1668 1499 1775 1534 solum
1800 1501 1997 1544 praeliatores
2011 1500 2133 1546 primos
2155 1501 2242 1535 indi—

1289 1561 1365 1584 cant
1376 1575 1389 1592 ‚
1417 1551 1469 1585 sed
1482 1551 1515 1585 δε
1527 1551 1721 1585 Sannorum
1736 1551 1895 1586 solemnia
1918 1550 2120 1586 celebrantes
2142 1551 2243 1586 refor-

1290 1612 1399 1635 mant.
1428 1600 1511 1635 Tria
1533 1612 1675 1645 namque
1689 1611 1847 1636 notantur
1869 1601 1903 1635 in
1929 1600 1982 1635 his
2005 1601 2114 1636 verbis
2130 1624 2141 1641 ,
2168 1610 2239 1645 pro·

1290 1660 1357 1695 pter
1365 1662 1435 1695 quae
1448 1651 1617 1686 salubriter
1628 1652 1784 1686 statutum
1797 1650 1842 1685 est
1855 1675 1866 1692 ,
1897 1651 2037 1687 Ecclesia
2049 1649 2237 1687 solemniter

1288 1701 1427 1736 celebret
1437 1702 1529 1736 Festa
1539 1703 1751 1738 Sannorum.
1773 1700 1881 1736 Prima
1894 1703 1990 1736 causa
2005 1700 2051 1736 est
2061 1700 2238 1747 gaudium.

1267 1753 1274 1783 l
1286 1762 1324 1785 ut
1338 1753 1370 1785 in
1384 1753 1524 1786 domino
1536 1753 1738 1797 gaudeamus
1748 1764 1862 1787 eorum
1878 1752 2084 1787 Beatitudini
2096 1761 2239 1796 congau-

1287 1801 1402 1835 dentes
1415 1825 1425 1840 ‚
1451 1812 1534 1844 quos
1549 1804 1615 1844 ipse
1626 1803 1678 1846 pie
1691 1801 1809 1836 dilexit
1819 1827 1831 1843 ,
1858 1802 2058 1837 excellenter
2081 1801 2214 1836 ornavit
2225 1825 2237 1840 ,

1269 1849 1368 1904 istola
1383 1851 1496 1896 gloriae
1511 1849 1639 1892 induit,
1666 1851 1700 1884 &
1716 1851 1893 1896 magnifice
1919 1851 2113 1887 coronavit.
2141 1851 2237 1885 Gau-

1270 1900 1500 1935 'diumautem
1524 1910 1617 1935 notat
1641 1900 1742 1943 prima
1767 1901 1910 1935 clausula
1937 1903 2026 1937 verbi
2041 1900 2237 1946 prophetici

1287 1948 1378 1994 supra
1400 1949 1566 1993 praemiffi.
1593 1949 1742 1983 Secunda
1764 1951 1857 1985 causa
1877 1951 1923 1985 est
1949 1953 2141 1995 exemplum
2161 1975 2172 1992 ,
2199 1959 2237 1985 ut

1289 1999 1416 2044 nosqui
1435 2000 1626 2034 Sanctorum
1639 1999 1753 2034 merita
1765 2001 1990 2042 recensemus,
2017 2003 2052 2035 in
2070 1999 2234 2036 sensubo·

1269 2061 1403 2084 rnorum
1414 2059 1551 2093 operum
1574 2059 1689 2084 eorum
1711 2049 1859 2096 vestigiis
1877 2050 2064 2086 insistamus
2085 2074 2098 2092 ,
2122 2051 2157 2086 dt
2177 2054 2235 2084 eos

1288 2102 1405 2134 mentis
1421 2100 1577 2144 gressibus
1601 2100 1788 2140 imitemur,
1814 2100 1857 2134 de
1879 2112 2022 2144 quorum
2046 2099 2233 2145 patrocinio

1267 2150 1467 2196 {gloriamur
1490 2175 1497 2182 .
1525 2149 1673 2185 Secunda
1699 2149 1839 2183 clausula
1864 2151 2057 2193 supraposita
2095 2149 2233 2184 denotat

1267 2200 1269 2204 ⁴
1286 2199 1372 2233 hanc
1383 2202 1511 2234 causam
1527 2224 1534 2231 .
1566 2199 1635 2246 Qi
1650 2199 1738 2232 enim
1753 2210 1811 2241 pro
1830 2199 1948 2241 virium
1972 2199 2131 2234 facultate
2154 2199 2236 2235 San-

1284 2253 1406 2284 &orum
1419 2249 1572 2295 operibus
1584 2251 1614 2283 se
1625 2250 1838 2284 conformant
1850 2274 1861 2290 ,
1889 2251 2038 2295 congrue
2052 2251 2128 2285 vasis
2139 2249 2234 2284 sacris

1284 2300 1316 2332 &
1331 2300 1454 2334 Altaris
1464 2298 1620 2334 cornibus
1628 2301 1845 2334 conseruntur
1856 2324 1866 2340 ,
1894 2310 1931 2334 ut
1946 2302 2112 2345 sequentia
2122 2299 2232 2335 decla·

1285 2349 1402 2383 rabunt
1416 2374 1423 2382 .
1452 2350 1571 2384 Tertia
1587 2351 1683 2384 causa
1697 2350 1742 2384 est
1759 2349 1933 2385 subsidium
1946 2373 1958 2390 ,
1985 2362 2021 2385 ut
2033 2352 2091 2396 qui
2101 2351 2235 2385 δεδια-

1284 2400 1407 2433 &orum
1431 2399 1552 2433 meritis
1577 2400 1784 2444 gratulantur
1807 2425 1818 2441 ‚
1844 2400 1885 2434 de
1907 2411 2022 2436 eorum
2044 2399 2232 2444 patrocini·

1283 2448 1481 2492 glorientur.
1515 2448 1586 2481 Nec
1607 2450 1654 2481 eis
1680 2450 1713 2481 in
1741 2449 1868 2482 auxilio
1893 2451 2000 2484 Sancti
2024 2450 2151 2489 desint,
2177 2448 2233 2484 sed

1282 2498 1475 2542 obsequium
1487 2496 1543 2531 fibi
1557 2498 1678 2531 factum
1702 2497 1924 2533 vicissitudine
1949 2509 2041 2542 grata
2066 2508 2230 2542 compen·-

1283 2549 1351 2582 sent
1363 2571 1371 2580 .
1394 2548 1493 2581 Hanc
1504 2547 1633 2582 tertiam
1647 2549 1776 2581 causam
1791 2558 1885 2580 notat
1897 2549 1992 2580 tertia
2003 2547 2148 2581 clausula
2164 2557 2232 2581 ver·-

1285 2598 1316 2632 bi
1329 2598 1495 2640 praemiffi.
1525 2596 1704 2631 Viator-em·
1725 2596 1764 2629 ad
1790 2597 1926 2638 superna
1949 2595 2139 2632 tendentem
2157 2617 2169 2636 ‚
2197 2595 2231 2631 dc

1285 2659 1338 2691 per
1349 2647 1558 2681 festivitatem
1580 2655 1724 2679 annuam
1737 2645 1777 2679 ad
1799 2646 1993 2680 continuam
2017 2647 2229 2690 suspirantem

1284 2699 1472 2743 refrigerant
1484 2695 1542 2729 ista
1555 2695 1632 2728 tria.
1663 2695 1834 2742 Qoniam
1856 2695 1898 2730 ab
1920 2696 2072 2739 exemplo
2095 2695 2231 2731 deduci·

1285 2759 1357 2787 tur,
1383 2748 1401 2781 a
1428 2746 1565 2781 subsidio
1591 2745 1785 2780 sustentatur
1803 2769 1814 2785 ‚
1839 2745 1858 2779 ὲ
1880 2745 2004 2790 gaudio
2028 2746 2194 2780 refovetur
2219 2770 2228 2779 .

1289 2797 1484 2841 Exemplum
1496 2796 1586 2830 enim
1615 2794 1744 2829 obtinet
1769 2795 2021 2835 vicemDucis,
2052 2795 2227 2830 subsidium

1288 2847 1477 2891 Adjutoris,
1503 2847 1538 2881 &
1562 2856 1603 2880 ne
1629 2845 1781 2879 solatium
1804 2845 1837 2880 ei
1857 2845 1935 2878 desit
1954 2869 1966 2886 ‚
1992 2845 2152 2890 gaudium
2175 2843 2227 2879 his

1286 2898 1414 2933 duobus
1426 2895 1535 2930 assistit
1549 2921 1556 2928 .
1878 2902 1882 2906 ’
2127 2936 2137 2939 ..

1336 2959 1366 2994 5.
1392 2947 1485 2995 Qid
1512 2956 1622 2980 autem
1641 2945 1744 2990 magis
1762 2943 1893 2987 expedit
1928 2944 2043 2980 viatori
2065 2971 2076 2987 ,
2115 2944 2216 2988 tinam

1287 3008 1321 3033 ut
1333 2998 1391 3031 iter
1413 2998 1480 3040 ejus
1504 2997 1542 3029 sit
1562 3004 1705 3034 certum,
1732 2995 1875 3028 securum
1890 3018 1902 3034 ,
1927 2995 2092 3029 &vlaetum
2116 2994 2134 3027 ἕ
2161 2992 2216 3030 Ad

1287 3059 1355 3092 quae
1365 3047 1478 3081 omnia
1493 3044 1654 3080 suffic‘iunt
1667 3043 1725 3077 ista
1737 3044 1796 3078 tria
1810 3057 1818 3077 ι
1847 3043 2019 3090 Qioniam
2032 3045 2222 3089 exemplum

1285 3095 1514 3132 certitudinem
1527 3121 1538 3136 ‚
1565 3093 1736 3134 subsidium
1751 3095 1952 3128 securitatem
1966 3119 1976 3134 ,
1999 3094 2156 3140 gaudium
2168 3094 2220 3128 lae-

1285 3149 1366 3183 tiam
1378 3147 1589 3181 administratv
1605 3169 1613 3177 .
1641 3144 1726 3178 Ecce
1750 3154 1872 3188 quanta
1895 3145 2035 3180 suavitas
2055 3156 2098 3180 ex
2115 3142 2222 3179 obser·

1287 3197 1392 3232 vantia
1402 3196 1613 3239 festivitatum
1625 3202 1754 3229 emanat
1768 3218 1779 3234 ,
1806 3205 1875 3239 quae
1896 3204 1951 3237 per
1969 3195 2148 3240 gaudium,
2177 3192 2220 3228 de

1285 3260 1352 3292 quo
1362 3247 1507 3283 diximus
1518 3271 1529 3287 ,
1541 3243 1702 3279 indicatur
1713 3268 1721 3276 .
1751 3245 1838 3279 Ecce
1849 3244 1905 3288 qui
1917 3244 2037 3280 fructus
2049 3246 2089 3279 de
2102 3243 2220 3279 solem·

1290 3298 1444 3332 nitatibus
1456 3296 1655 3340 colliguntur
1666 3318 1678 3335 ,
1699 3295 1720 3328 si
1733 3294 1783 3337 pia
1793 3294 1971 3329 devotione
1981 3295 2101 3330 fuerint
2115 3292 2218 3328 obser-

1289 3359 1366 3383 vatae
1377 3362 1388 3381 .·
1416 3357 1497 3391 quos
1509 3344 1682 3379 subsidium
1696 3345 1730 3378 δε
1742 3344 1929 3387 exemplum
1945 3346 2086 3388 superius
2098 3340 2219 3387 expres·

1292 3400 1319 3432 sa
1332 3397 1518 3441 designant.
1550 3394 1654 3429 Unde
1667 3405 1742 3428 cum
1764 3393 1926 3438 Propheta
1946 3396 2078 3430 Sanaos
2096 3391 2215 3436 lapides

1291 3450 1506 3491 superterram
1530 3444 1707 3479 elevandos
1728 3444 1856 3478 dixisset
1880 3468 1891 3484 ,
1917 3445 2056 3489 insinuat
2079 3453 2133 3487 per
2153 3440 2218 3475 hoc

1292 3508 1339 3533 ver
1347 3496 1422 3532 bum
1432 3495 1621 3531 Sanctorum
1632 3505 1766 3541 corpora
1777 3493 1917 3541 gloriose
1928 3493 1968 3530 de
1979 3494 2113 3581 tumultis
2121 3501 2219 3525 trans·

1296 3567 1300 3570 -
2092 3551 2181 3583 eren!
