<?xml version="1.0" encoding="UTF-8"?>
<!DOCTYPE html PUBLIC "-//W3C//DTD XHTML 1.0 Transitional//EN"
    "http://www.w3.org/TR/xhtml1/DTD/xhtml1-transitional.dtd">
<html xmlns="http://www.w3.org/1999/xhtml" xml:lang="en" lang="en">
 <head>
  <title>
</title>
<meta http-equiv="Content-Type" content="text/html;charset=utf-8" />
  <meta name='ocr-system' content='tesseract 3.04.00' />
  <meta name='ocr-capabilities' content='ocr_page ocr_carea ocr_par ocr_line ocrx_word'/>
</head>
<body>
  <div class='ocr_page' id='page_1' title='image "./operaomniastudio10lupuuoft_0243.png"; bbox 0 0 2358 3776; ppageno 0'>
   <div class='ocr_carea' id='block_1_1' title="bbox 555 100 1692 160">
    <p class='ocr_par' dir='ltr' id='par_1_1' title="bbox 555 100 1692 160">
     <span class='ocr_line' id='line_1_1' title="bbox 555 100 1692 160; baseline -0.002 -1"><span class='ocrx_word' id='word_1_1' title='bbox 555 111 596 159; x_wconf 89' lang='lat' dir='ltr'>S.</span> <span class='ocrx_word' id='word_1_2' title='bbox 643 106 931 160; x_wconf 77' lang='lat' dir='ltr'>THOMAE</span> <span class='ocrx_word' id='word_1_3' title='bbox 961 100 1395 155; x_wconf 66' lang='lat' dir='ltr'>CANTUA‘R:</span> <span class='ocrx_word' id='word_1_4' title='bbox 1432 104 1567 152; x_wconf 87' lang='lat' dir='ltr'><strong>LIB.</strong></span> <span class='ocrx_word' id='word_1_5' title='bbox 1619 110 1692 157; x_wconf 87' lang='lat'>11.</span> 
     </span>
    </p>
   </div>
   <div class='ocr_carea' id='block_1_2' title="bbox 1900 120 2025 168">
    <p class='ocr_par' dir='ltr' id='par_1_2' title="bbox 1900 120 2025 168">
     <span class='ocr_line' id='line_1_2' title="bbox 1900 120 2025 168; baseline 0.024 -5"><span class='ocrx_word' id='word_1_6' title='bbox 1900 120 2025 168; x_wconf 57' lang='lat' dir='ltr'>:ffzzct&#39;</span> 
     </span>
    </p>
   </div>
   <div class='ocr_carea' id='block_1_3' title="bbox 158 187 2092 246">
    <p class='ocr_par' dir='ltr' id='par_1_3' title="bbox 158 187 2092 246">
     <span class='ocr_line' id='line_1_3' title="bbox 158 187 2092 246; baseline -0.009 -8"><span class='ocrx_word' id='word_1_7' title='bbox 158 199 722 246; x_wconf 62' lang='lat' dir='ltr'>fflmEpiscopum&#39;absolverunt,</span> <span class='ocrx_word' id='word_1_8' title='bbox 748 204 804 233; x_wconf 88' lang='lat' dir='ltr'>aut</span> <span class='ocrx_word' id='word_1_9' title='bbox 825 194 1013 240; x_wconf 83' lang='lat' dir='ltr'>ignoravit,</span> <span class='ocrx_word' id='word_1_10' title='bbox 1038 203 1095 229; x_wconf 88' lang='lat' dir='ltr'>aut</span> <span class='ocrx_word' id='word_1_11' title='bbox 1136 199 1293 241; x_wconf 50' lang='lat' dir='ltr'>‘excepto</span> <span class='ocrx_word' id='word_1_12' title='bbox 1315 187 1407 233; x_wconf 81' lang='lat' dir='ltr'>quod</span> <span class='ocrx_word' id='word_1_13' title='bbox 1421 195 1499 225; x_wconf 84' lang='lat' dir='ltr'>non</span> <span class='ocrx_word' id='word_1_14' title='bbox 1516 195 1945 242; x_wconf 50' lang='lat' dir='ltr'>‘teneatur&#39;Pifflvfenfibug</span> <span class='ocrx_word' id='word_1_15' title='bbox 1963 214 1982 243; x_wconf 39' lang='grc' dir='ltr'><em>ί</em></span> <span class='ocrx_word' id='word_1_16' title='bbox 2010 204 2092 239; x_wconf 46' lang='grc' dir='ltr'>εἰῶ</span> 
     </span>
    </p>
   </div>
   <div class='ocr_carea' id='block_1_4' title="bbox 132 244 1096 3327">
    <p class='ocr_par' dir='ltr' id='par_1_4' title="bbox 132 244 1096 3327">
     <span class='ocr_line' id='line_1_4' title="bbox 159 244 1093 296; baseline -0.009 -9"><span class='ocrx_word' id='word_1_17' title='bbox 159 245 263 296; x_wconf 54' lang='grc' dir='ltr'><strong>ᾑεαπι</strong></span> <span class='ocrx_word' id='word_1_18' title='bbox 277 251 460 287; x_wconf 76' lang='lat' dir='ltr'>habendam</span> <span class='ocrx_word' id='word_1_19' title='bbox 470 252 531 286; x_wconf 77' lang='lat' dir='ltr'>effe</span> <span class='ocrx_word' id='word_1_20' title='bbox 555 260 624 285; x_wconf 88' lang='lat' dir='ltr'>non</span> <span class='ocrx_word' id='word_1_21' title='bbox 643 246 780 282; x_wconf 90' lang='lat' dir='ltr'>credidit</span> <span class='ocrx_word' id='word_1_22' title='bbox 793 269 802 279; x_wconf 95' lang='lat'><em>.</em></span> <span class='ocrx_word' id='word_1_23' title='bbox 827 244 1020 280; x_wconf 87' lang='lat' dir='ltr'>Obtinuerat</span> <span class='ocrx_word' id='word_1_24' title='bbox 1041 256 1093 279; x_wconf 87' lang='lat' dir='ltr'>au·</span> 
     </span>
     <span class='ocr_line' id='line_1_5' title="bbox 158 294 1092 345; baseline -0.011 -7"><span class='ocrx_word' id='word_1_25' title='bbox 158 311 228 338; x_wconf 83' lang='lat' dir='ltr'>tem</span> <span class='ocrx_word' id='word_1_26' title='bbox 240 302 327 337; x_wconf 88' lang='lat' dir='ltr'>idem</span> <span class='ocrx_word' id='word_1_27' title='bbox 347 301 527 345; x_wconf 84' lang='lat' dir='ltr'>Episcopus</span> <span class='ocrx_word' id='word_1_28' title='bbox 547 299 622 335; x_wconf 75' lang='lat' dir='ltr'>ante</span> <span class='ocrx_word' id='word_1_29' title='bbox 641 298 761 333; x_wconf 83' lang='lat' dir='ltr'>litteras</span> <span class='ocrx_word' id='word_1_30' title='bbox 786 295 851 331; x_wconf 79' lang='lat' dir='ltr'>fere</span> <span class='ocrx_word' id='word_1_31' title='bbox 873 294 1056 330; x_wconf 80' lang='lat' dir='ltr'><strong>consimiles</strong></span> <span class='ocrx_word' id='word_1_32' title='bbox 1081 319 1092 335; x_wconf 92' lang='lat'>,</span> 
     </span>
     <span class='ocr_line' id='line_1_6' title="bbox 157 345 1093 396; baseline -0.009 -11"><span class='ocrx_word' id='word_1_33' title='bbox 157 362 230 395; x_wconf 81' lang='lat' dir='ltr'>quae</span> <span class='ocrx_word' id='word_1_34' title='bbox 253 362 361 386; x_wconf 86' lang='lat' dir='ltr'>tamen</span> <span class='ocrx_word' id='word_1_35' title='bbox 382 352 488 396; x_wconf 85' lang='lat' dir='ltr'>ipsum</span> <span class='ocrx_word' id='word_1_36' title='bbox 511 352 546 386; x_wconf 76' lang='grc' dir='ltr'>ὃ(</span> <span class='ocrx_word' id='word_1_37' title='bbox 565 351 638 383; x_wconf 88' lang='lat' dir='ltr'>suos</span> <span class='ocrx_word' id='word_1_38' title='bbox 672 358 741 382; x_wconf 86' lang='lat' dir='ltr'>non</span> <span class='ocrx_word' id='word_1_39' title='bbox 772 345 951 380; x_wconf 88' lang='lat' dir='ltr'>onerabant</span> <span class='ocrx_word' id='word_1_40' title='bbox 983 345 1093 388; x_wconf 86' lang='lat' dir='ltr'>aliquo</span> 
     </span>
     <span class='ocr_line' id='line_1_7' title="bbox 159 394 1094 444; baseline 0.001 -10"><span class='ocrx_word' id='word_1_41' title='bbox 159 401 345 444; x_wconf 75' lang='lat' dir='ltr'>juramento</span> <span class='ocrx_word' id='word_1_42' title='bbox 365 426 379 443; x_wconf 92' lang='lat'>,</span> <span class='ocrx_word' id='word_1_43' title='bbox 414 401 470 436; x_wconf 82' lang='lat' dir='ltr'>sed</span> <span class='ocrx_word' id='word_1_44' title='bbox 491 401 538 435; x_wconf 90' lang='lat' dir='ltr'>eis</span> <span class='ocrx_word' id='word_1_45' title='bbox 557 397 706 434; x_wconf 85' lang='lat' dir='ltr'>nondum</span> <span class='ocrx_word' id='word_1_46' title='bbox 727 397 802 430; x_wconf 89' lang='lat' dir='ltr'>usus</span> <span class='ocrx_word' id='word_1_47' title='bbox 820 395 865 431; x_wconf 82' lang='lat' dir='ltr'>&#39;est</span> <span class='ocrx_word' id='word_1_48' title='bbox 887 418 899 435; x_wconf 72' lang='lat'><em>2</em></span> <span class='ocrx_word' id='word_1_49' title='bbox 935 394 986 427; x_wconf 70' lang='lat' dir='ltr'>vel</span> <span class='ocrx_word' id='word_1_50' title='bbox 1018 394 1094 438; x_wconf 62' lang='lat' dir='ltr'>quia</span> 
     </span>
     <span class='ocr_line' id='line_1_8' title="bbox 160 443 1094 496; baseline -0.006 -11"><span class='ocrx_word' id='word_1_51' title='bbox 160 451 250 496; x_wconf 83' lang='lat' dir='ltr'>Regi</span> <span class='ocrx_word' id='word_1_52' title='bbox 271 451 523 495; x_wconf 85' lang='lat' dir='ltr'>displicuerunt,</span> <span class='ocrx_word' id='word_1_53' title='bbox 551 449 602 483; x_wconf 93' lang='lat' dir='ltr'>vel</span> <span class='ocrx_word' id='word_1_54' title='bbox 624 448 700 492; x_wconf 88' lang='lat' dir='ltr'>quia</span> <span class='ocrx_word' id='word_1_55' title='bbox 720 445 855 481; x_wconf 85' lang='lat' dir='ltr'>minoris</span> <span class='ocrx_word' id='word_1_56' title='bbox 878 443 1027 479; x_wconf 69' lang='lat' dir='ltr'>efficaciae</span> <span class='ocrx_word' id='word_1_57' title='bbox 1049 456 1094 479; x_wconf 89' lang='lat' dir='ltr'>re-</span> 
     </span>
     <span class='ocr_line' id='line_1_9' title="bbox 156 495 1094 547; baseline -0.007 -12"><span class='ocrx_word' id='word_1_58' title='bbox 156 511 283 544; x_wconf 70' lang='lat' dir='ltr'>putatae</span> <span class='ocrx_word' id='word_1_59' title='bbox 311 502 398 537; x_wconf 87' lang='lat' dir='ltr'>sunt.</span> <span class='ocrx_word' id='word_1_60' title='bbox 433 498 636 547; x_wconf 75' lang='lat' dir='ltr'>Quemvero</span> <span class='ocrx_word' id='word_1_61' title='bbox 658 495 1094 538; x_wconf 85' lang='lat' dir='ltr'>calculumreportaturifint</span> 
     </span>
     <span class='ocr_line' id='line_1_10' title="bbox 154 545 1092 591; baseline 0.001 -6"><span class='ocrx_word' id='word_1_62' title='bbox 154 552 326 591; x_wconf 76' lang='lat' dir='ltr'>alterutri,</span> <span class='ocrx_word' id='word_1_63' title='bbox 350 551 550 588; x_wconf 78' lang='lat' dir='ltr'>nesciebatur</span> <span class='ocrx_word' id='word_1_64' title='bbox 573 545 681 583; x_wconf 89' lang='lat' dir='ltr'>adhuc</span> <span class='ocrx_word' id='word_1_65' title='bbox 698 570 709 586; x_wconf 76' lang='grc'>,</span> <span class='ocrx_word' id='word_1_66' title='bbox 735 545 867 591; x_wconf 67' lang='lat' dir='ltr'>quando</span> <span class='ocrx_word' id='word_1_67' title='bbox 888 546 1026 579; x_wconf 65' lang='lat' dir='ltr'>reversus</span> <span class='ocrx_word' id='word_1_68' title='bbox 1047 545 1092 579; x_wconf 74' lang='lat' dir='ltr'>est</span> 
     </span>
     <span class='ocr_line' id='line_1_11' title="bbox 156 594 1094 645; baseline -0.005 -10"><span class='ocrx_word' id='word_1_69' title='bbox 156 601 376 645; x_wconf 67' lang='lat' dir='ltr'>praedistarum</span> <span class='ocrx_word' id='word_1_70' title='bbox 398 600 537 645; x_wconf 87' lang='lat' dir='ltr'>portitor</span> <span class='ocrx_word' id='word_1_71' title='bbox 548 598 747 638; x_wconf 84' lang='lat' dir='ltr'>litterarum,</span> <span class='ocrx_word' id='word_1_72' title='bbox 771 595 825 630; x_wconf 84' lang='lat' dir='ltr'>sed</span> <span class='ocrx_word' id='word_1_73' title='bbox 845 595 1012 629; x_wconf 89' lang='lat' dir='ltr'>Dominus</span> <span class='ocrx_word' id='word_1_74' title='bbox 1035 594 1094 630; x_wconf 87' lang='lat' dir='ltr'>Pa·</span> 
     </span>
     <span class='ocr_line' id='line_1_12' title="bbox 156 645 1091 694; baseline -0.005 -9"><span class='ocrx_word' id='word_1_75' title='bbox 156 662 201 694; x_wconf 81' lang='lat' dir='ltr'>pa</span> <span class='ocrx_word' id='word_1_76' title='bbox 222 650 373 694; x_wconf 85' lang='lat' dir='ltr'>rescripsit</span> <span class='ocrx_word' id='word_1_77' title='bbox 395 647 667 687; x_wconf 86' lang='lat' dir='ltr'>Christianiffimo</span> <span class='ocrx_word' id='word_1_78' title='bbox 679 646 786 692; x_wconf 83' lang='lat' dir='ltr'>Regi,</span> <span class='ocrx_word' id='word_1_79' title='bbox 813 647 846 680; x_wconf 90' lang='lat' dir='ltr'>se</span> <span class='ocrx_word' id='word_1_80' title='bbox 867 645 1014 679; x_wconf 84' lang='lat' dir='ltr'>Ecclefiae</span> <span class='ocrx_word' id='word_1_81' title='bbox 1025 646 1091 680; x_wconf 93' lang='lat' dir='ltr'>Dei</span> 
     </span>
     <span class='ocr_line' id='line_1_13' title="bbox 156 695 1091 740; baseline -0.007 -5"><span class='ocrx_word' id='word_1_82' title='bbox 156 701 194 735; x_wconf 69' lang='grc' dir='ltr'>ἀ</span> <span class='ocrx_word' id='word_1_83' title='bbox 215 703 275 736; x_wconf 87' lang='lat' dir='ltr'>suo</span> <span class='ocrx_word' id='word_1_84' title='bbox 298 700 522 736; x_wconf 86' lang='lat' dir='ltr'>Cantuarienfi</span> <span class='ocrx_word' id='word_1_85' title='bbox 539 709 609 733; x_wconf 87' lang='lat' dir='ltr'>non</span> <span class='ocrx_word' id='word_1_86' title='bbox 620 698 825 737; x_wconf 87' lang='lat' dir='ltr'>defuturum,</span> <span class='ocrx_word' id='word_1_87' title='bbox 852 695 1005 740; x_wconf 88' lang='lat' dir='ltr'>quamdiu</span> <span class='ocrx_word' id='word_1_88' title='bbox 1027 706 1091 739; x_wconf 85' lang='lat' dir='ltr'>par-</span> 
     </span>
     <span class='ocr_line' id='line_1_14' title="bbox 153 745 1092 793; baseline -0.004 -9"><span class='ocrx_word' id='word_1_89' title='bbox 153 760 227 785; x_wconf 66' lang='lat' dir='ltr'>tem</span> <span class='ocrx_word' id='word_1_90' title='bbox 249 750 317 793; x_wconf 85' lang='lat' dir='ltr'>ejus</span> <span class='ocrx_word' id='word_1_91' title='bbox 350 750 473 793; x_wconf 84' lang='lat' dir='ltr'>justitia</span> <span class='ocrx_word' id='word_1_92' title='bbox 489 749 611 785; x_wconf 86' lang='lat' dir='ltr'>comite</span> <span class='ocrx_word' id='word_1_93' title='bbox 633 746 750 791; x_wconf 88' lang='lat' dir='ltr'>poterit</span> <span class='ocrx_word' id='word_1_94' title='bbox 772 745 951 780; x_wconf 88' lang='lat' dir='ltr'>sublevare.</span> <span class='ocrx_word' id='word_1_95' title='bbox 989 747 1092 781; x_wconf 90' lang='lat' dir='ltr'>Nunc</span> 
     </span>
     <span class='ocr_line' id='line_1_15' title="bbox 151 797 1092 843; baseline -0.003 -10"><span class='ocrx_word' id='word_1_96' title='bbox 151 799 199 833; x_wconf 67' lang='lat' dir='ltr'>ad</span> <span class='ocrx_word' id='word_1_97' title='bbox 223 801 353 843; x_wconf 86' lang='lat' dir='ltr'>Regum</span> <span class='ocrx_word' id='word_1_98' title='bbox 377 801 560 835; x_wconf 88' lang='lat' dir='ltr'>nostrorum</span> <span class='ocrx_word' id='word_1_99' title='bbox 582 797 750 840; x_wconf 85' lang='lat' dir='ltr'>colloquia</span> <span class='ocrx_word' id='word_1_100' title='bbox 773 797 988 831; x_wconf 87' lang='lat' dir='ltr'>transeamus.</span> <span class='ocrx_word' id='word_1_101' title='bbox 1015 797 1092 830; x_wconf 80' lang='lat' dir='ltr'>nlu-</span> 
     </span>
     <span class='ocr_line' id='line_1_16' title="bbox 150 845 1092 891; baseline -0.001 -9"><span class='ocrx_word' id='word_1_102' title='bbox 150 848 234 882; x_wconf 66' lang='lat' dir='ltr'>ures</span> <span class='ocrx_word' id='word_1_103' title='bbox 256 849 316 883; x_wconf 84' lang='lat' dir='ltr'>viri</span> <span class='ocrx_word' id='word_1_104' title='bbox 339 873 366 890; x_wconf 77' lang='lat'><em>„</em></span> <span class='ocrx_word' id='word_1_105' title='bbox 386 849 502 885; x_wconf 82' lang='lat' dir='ltr'>harum</span> <span class='ocrx_word' id='word_1_106' title='bbox 535 847 788 891; x_wconf 80' lang='lat' dir='ltr'>Campaniarum</span> <span class='ocrx_word' id='word_1_107' title='bbox 811 870 823 888; x_wconf 90' lang='lat'>,</span> <span class='ocrx_word' id='word_1_108' title='bbox 860 848 894 882; x_wconf 78' lang='grc' dir='ltr'>ὅτ.</span> <span class='ocrx_word' id='word_1_109' title='bbox 921 845 1092 890; x_wconf 78' lang='lat' dir='ltr'><strong>Philippus</strong></span> 
     </span>
     <span class='ocr_line' id='line_1_17' title="bbox 151 896 1092 941; baseline -0.002 -9"><span class='ocrx_word' id='word_1_110' title='bbox 151 896 404 932; x_wconf 84' lang='lat' dir='ltr'>Flandrensium</span> <span class='ocrx_word' id='word_1_111' title='bbox 425 899 569 938; x_wconf 86' lang='lat' dir='ltr'>Comes,</span> <span class='ocrx_word' id='word_1_112' title='bbox 598 907 850 941; x_wconf 89' lang='lat' dir='ltr'>procuraverunt</span> <span class='ocrx_word' id='word_1_113' title='bbox 862 897 895 931; x_wconf 91' lang='lat' dir='ltr'>in</span> <span class='ocrx_word' id='word_1_114' title='bbox 917 896 1092 931; x_wconf 86' lang='lat' dir='ltr'>Conventu</span> 
     </span>
     <span class='ocr_line' id='line_1_18' title="bbox 148 946 1092 992; baseline 0 -10"><span class='ocrx_word' id='word_1_115' title='bbox 148 946 371 983; x_wconf 72' lang='lat' dir='ltr'>»Sueffionensi</span> <span class='ocrx_word' id='word_1_116' title='bbox 382 950 510 983; x_wconf 87' lang='lat' dir='ltr'>causam</span> <span class='ocrx_word' id='word_1_117' title='bbox 531 947 634 992; x_wconf 89' lang='lat' dir='ltr'>Regis</span> <span class='ocrx_word' id='word_1_118' title='bbox 654 947 841 992; x_wconf 88' lang='lat' dir='ltr'>Anglorum</span> <span class='ocrx_word' id='word_1_119' title='bbox 851 947 936 991; x_wconf 90' lang='lat' dir='ltr'>apud</span> <span class='ocrx_word' id='word_1_120' title='bbox 955 947 1092 982; x_wconf 83' lang='lat' dir='ltr'>Cristia-</span> 
     </span>
     <span class='ocr_line' id='line_1_19' title="bbox 141 997 1092 1043; baseline 0.001 -12"><span class='ocrx_word' id='word_1_121' title='bbox 141 997 324 1038; x_wconf 55' lang='lat' dir='ltr'>„niffimum</span> <span class='ocrx_word' id='word_1_122' title='bbox 345 998 492 1043; x_wconf 72' lang='lat' dir='ltr'>Regem,</span> <span class='ocrx_word' id='word_1_123' title='bbox 520 997 554 1031; x_wconf 78' lang='grc' dir='ltr'>δε</span> <span class='ocrx_word' id='word_1_124' title='bbox 577 997 710 1031; x_wconf 84' lang='lat' dir='ltr'>tandem</span> <span class='ocrx_word' id='word_1_125' title='bbox 730 998 823 1041; x_wconf 81' lang='lat' dir='ltr'>juxta</span> <span class='ocrx_word' id='word_1_126' title='bbox 843 1009 948 1041; x_wconf 85' lang='lat' dir='ltr'>preces</span> <span class='ocrx_word' id='word_1_127' title='bbox 969 1008 1092 1032; x_wconf 88' lang='lat' dir='ltr'>memo·</span> 
     </span>
     <span class='ocr_line' id='line_1_20' title="bbox 152 1046 1089 1092; baseline 0 -11"><span class='ocrx_word' id='word_1_128' title='bbox 152 1047 221 1082; x_wconf 75' lang='lat' dir='ltr'>sati</span> <span class='ocrx_word' id='word_1_129' title='bbox 241 1047 346 1092; x_wconf 88' lang='lat' dir='ltr'>Regis</span> <span class='ocrx_word' id='word_1_130' title='bbox 366 1047 540 1092; x_wconf 82' lang='lat' dir='ltr'>Angliaein</span> <span class='ocrx_word' id='word_1_131' title='bbox 551 1046 638 1081; x_wconf 86' lang='lat' dir='ltr'>hanc</span> <span class='ocrx_word' id='word_1_132' title='bbox 650 1048 791 1082; x_wconf 83' lang='lat' dir='ltr'>formam</span> <span class='ocrx_word' id='word_1_133' title='bbox 815 1048 902 1092; x_wconf 84' lang='lat' dir='ltr'>pacis</span> <span class='ocrx_word' id='word_1_134' title='bbox 922 1046 1089 1082; x_wconf 85' lang='lat' dir='ltr'>decursum</span> 
     </span>
     <span class='ocr_line' id='line_1_21' title="bbox 147 1095 1090 1143; baseline -0.001 -11"><span class='ocrx_word' id='word_1_135' title='bbox 147 1096 226 1132; x_wconf 70' lang='lat' dir='ltr'>est.-</span> <span class='ocrx_word' id='word_1_136' title='bbox 250 1096 325 1131; x_wconf 86' lang='lat' dir='ltr'>Rex</span> <span class='ocrx_word' id='word_1_137' title='bbox 347 1098 480 1143; x_wconf 85' lang='lat' dir='ltr'>Angliae</span> <span class='ocrx_word' id='word_1_138' title='bbox 491 1097 629 1134; x_wconf 87' lang='lat' dir='ltr'>debebat</span> <span class='ocrx_word' id='word_1_139' title='bbox 650 1095 752 1132; x_wconf 88' lang='lat' dir='ltr'>redire</span> <span class='ocrx_word' id='word_1_140' title='bbox 762 1098 796 1131; x_wconf 88' lang='lat' dir='ltr'>in</span> <span class='ocrx_word' id='word_1_141' title='bbox 808 1098 1008 1132; x_wconf 87' lang='lat' dir='ltr'>Hominium</span> <span class='ocrx_word' id='word_1_142' title='bbox 1029 1098 1090 1140; x_wconf 85' lang='lat' dir='ltr'>Re-</span> 
     </span>
     <span class='ocr_line' id='line_1_22' title="bbox 153 1145 1088 1191; baseline 0.001 -11"><span class='ocrx_word' id='word_1_143' title='bbox 153 1146 209 1191; x_wconf 79' lang='lat' dir='ltr'>gis</span> <span class='ocrx_word' id='word_1_144' title='bbox 231 1145 434 1183; x_wconf 84' lang='lat' dir='ltr'>Francorum</span> <span class='ocrx_word' id='word_1_145' title='bbox 447 1171 459 1188; x_wconf 91' lang='lat'>,</span> <span class='ocrx_word' id='word_1_146' title='bbox 484 1149 519 1183; x_wconf 76' lang='grc' dir='ltr'>ὅτ.</span> <span class='ocrx_word' id='word_1_147' title='bbox 539 1147 603 1182; x_wconf 86' lang='lat' dir='ltr'>fide</span> <span class='ocrx_word' id='word_1_148' title='bbox 613 1147 820 1191; x_wconf 81' lang='lat' dir='ltr'>corporaliter</span> <span class='ocrx_word' id='word_1_149' title='bbox 841 1147 1015 1191; x_wconf 76' lang='lat' dir='ltr'>&amp;publice</span> <span class='ocrx_word' id='word_1_150' title='bbox 1036 1147 1088 1181; x_wconf 90' lang='lat' dir='ltr'>da-</span> 
     </span>
     <span class='ocr_line' id='line_1_23' title="bbox 143 1197 1088 1241; baseline -0.002 -11"><span class='ocrx_word' id='word_1_151' title='bbox 143 1205 191 1235; x_wconf 55' lang='lat' dir='ltr'>ga</span> <span class='ocrx_word' id='word_1_152' title='bbox 213 1206 322 1232; x_wconf 89' lang='lat' dir='ltr'>coram</span> <span class='ocrx_word' id='word_1_153' title='bbox 344 1197 498 1232; x_wconf 87' lang='lat' dir='ltr'>omnibus</span> <span class='ocrx_word' id='word_1_154' title='bbox 521 1197 686 1241; x_wconf 90' lang='lat' dir='ltr'>profiteri,</span> <span class='ocrx_word' id='word_1_155' title='bbox 712 1197 800 1240; x_wconf 80' lang='lat' dir='ltr'>quod</span> <span class='ocrx_word' id='word_1_156' title='bbox 810 1197 840 1231; x_wconf 93' lang='lat' dir='ltr'>ei</span> <span class='ocrx_word' id='word_1_157' title='bbox 854 1206 1008 1239; x_wconf 86' lang='lat' dir='ltr'>tanquam</span> <span class='ocrx_word' id='word_1_158' title='bbox 1021 1197 1088 1229; x_wconf 91' lang='lat' dir='ltr'>Do-</span> 
     </span>
     <span class='ocr_line' id='line_1_24' title="bbox 152 1244 1088 1285; baseline -0.002 -4"><span class='ocrx_word' id='word_1_159' title='bbox 152 1246 255 1281; x_wconf 78' lang='lat' dir='ltr'>mino</span> <span class='ocrx_word' id='word_1_160' title='bbox 277 1245 336 1280; x_wconf 89' lang='lat' dir='ltr'>suo</span> <span class='ocrx_word' id='word_1_161' title='bbox 364 1247 405 1280; x_wconf 87' lang='lat' dir='ltr'>de</span> <span class='ocrx_word' id='word_1_162' title='bbox 427 1248 560 1282; x_wconf 85' lang='lat' dir='ltr'>Ducatu</span> <span class='ocrx_word' id='word_1_163' title='bbox 583 1247 798 1280; x_wconf 81' lang='lat' dir='ltr'>Normanniae</span> <span class='ocrx_word' id='word_1_164' title='bbox 820 1246 946 1278; x_wconf 85' lang='lat' dir='ltr'>serviret</span> <span class='ocrx_word' id='word_1_165' title='bbox 962 1269 974 1285; x_wconf 90' lang='lat'>,</span> <span class='ocrx_word' id='word_1_166' title='bbox 1008 1244 1088 1279; x_wconf 87' lang='lat' dir='ltr'>ficut</span> 
     </span>
     <span class='ocr_line' id='line_1_25' title="bbox 150 1293 1090 1338; baseline 0.001 -11"><span class='ocrx_word' id='word_1_167' title='bbox 150 1294 397 1338; x_wconf 68' lang='lat' dir='ltr'>predecessores</span> <span class='ocrx_word' id='word_1_168' title='bbox 417 1295 464 1328; x_wconf 92' lang='lat' dir='ltr'>sui</span> <span class='ocrx_word' id='word_1_169' title='bbox 487 1296 597 1328; x_wconf 86' lang='lat' dir='ltr'>Duces</span> <span class='ocrx_word' id='word_1_170' title='bbox 618 1295 856 1328; x_wconf 87' lang='lat' dir='ltr'>consueverunt</span> <span class='ocrx_word' id='word_1_171' title='bbox 867 1294 982 1327; x_wconf 89' lang='lat' dir='ltr'>servire</span> <span class='ocrx_word' id='word_1_172' title='bbox 992 1293 1090 1328; x_wconf 87' lang='lat' dir='ltr'>Fran-</span> 
     </span>
     <span class='ocr_line' id='line_1_26' title="bbox 153 1342 1089 1389; baseline 0 -11"><span class='ocrx_word' id='word_1_173' title='bbox 153 1354 270 1378; x_wconf 84' lang='lat' dir='ltr'>corum</span> <span class='ocrx_word' id='word_1_174' title='bbox 292 1344 461 1388; x_wconf 87' lang='lat' dir='ltr'>Regibus-</span> <span class='ocrx_word' id='word_1_175' title='bbox 475 1343 698 1377; x_wconf 86' lang='lat' dir='ltr'>-Comitatum</span> <span class='ocrx_word' id='word_1_176' title='bbox 717 1342 794 1377; x_wconf 75' lang='lat' dir='ltr'>vero</span> <span class='ocrx_word' id='word_1_177' title='bbox 817 1342 1089 1389; x_wconf 88' lang='lat' dir='ltr'>Andegavensem</span> 
     </span>
     <span class='ocr_line' id='line_1_27' title="bbox 148 1391 1091 1437; baseline 0 -9"><span class='ocrx_word' id='word_1_178' title='bbox 148 1391 481 1428; x_wconf 77' lang='lat' dir='ltr'>&amp;Cenomanensem</span> <span class='ocrx_word' id='word_1_179' title='bbox 496 1418 508 1434; x_wconf 95' lang='lat'>,</span> <span class='ocrx_word' id='word_1_180' title='bbox 532 1393 766 1427; x_wconf 87' lang='lat' dir='ltr'>&amp;fidelitatem</span> <span class='ocrx_word' id='word_1_181' title='bbox 788 1403 957 1437; x_wconf 88' lang='lat' dir='ltr'>procerum</span> <span class='ocrx_word' id='word_1_182' title='bbox 967 1393 1008 1427; x_wconf 86' lang='lat' dir='ltr'>ad</span> <span class='ocrx_word' id='word_1_183' title='bbox 1026 1404 1091 1428; x_wconf 88' lang='lat' dir='ltr'>me-</span> 
     </span>
     <span class='ocr_line' id='line_1_28' title="bbox 150 1442 1092 1486; baseline 0.001 -10"><span class='ocrx_word' id='word_1_184' title='bbox 150 1451 298 1477; x_wconf 84' lang='lat' dir='ltr'>moratos</span> <span class='ocrx_word' id='word_1_185' title='bbox 318 1443 460 1477; x_wconf 88' lang='lat' dir='ltr'>honores</span> <span class='ocrx_word' id='word_1_186' title='bbox 489 1443 721 1486; x_wconf 86' lang='lat' dir='ltr'>pertinentium</span> <span class='ocrx_word' id='word_1_187' title='bbox 744 1467 755 1482; x_wconf 93' lang='lat'>‚</span> <span class='ocrx_word' id='word_1_188' title='bbox 781 1442 893 1478; x_wconf 86' lang='lat' dir='ltr'>cedere</span> <span class='ocrx_word' id='word_1_189' title='bbox 921 1443 1092 1481; x_wconf 86' lang='lat' dir='ltr'>tenebatur</span> 
     </span>
     <span class='ocr_line' id='line_1_29' title="bbox 156 1491 1090 1535; baseline 0.001 -10"><span class='ocrx_word' id='word_1_190' title='bbox 156 1491 310 1526; x_wconf 83' lang='lat' dir='ltr'>Domino</span> <span class='ocrx_word' id='word_1_191' title='bbox 329 1492 478 1526; x_wconf 88' lang='lat' dir='ltr'>Henrico</span> <span class='ocrx_word' id='word_1_192' title='bbox 502 1492 573 1525; x_wconf 86' lang='lat' dir='ltr'>filio</span> <span class='ocrx_word' id='word_1_193' title='bbox 596 1493 676 1532; x_wconf 90' lang='lat' dir='ltr'>suo,</span> <span class='ocrx_word' id='word_1_194' title='bbox 714 1493 769 1535; x_wconf 90' lang='lat' dir='ltr'>qui</span> <span class='ocrx_word' id='word_1_195' title='bbox 790 1492 868 1527; x_wconf 89' lang='lat' dir='ltr'>inde</span> <span class='ocrx_word' id='word_1_196' title='bbox 889 1493 1090 1527; x_wconf 89' lang='lat' dir='ltr'>Hominium</span> 
     </span>
     <span class='ocr_line' id='line_1_30' title="bbox 150 1540 1092 1586; baseline 0.001 -11"><span class='ocrx_word' id='word_1_197' title='bbox 150 1541 189 1575; x_wconf 71' lang='grc' dir='ltr'>ἃ</span> <span class='ocrx_word' id='word_1_198' title='bbox 208 1540 399 1580; x_wconf 84' lang='lat' dir='ltr'>fidelitatem</span> <span class='ocrx_word' id='word_1_199' title='bbox 422 1543 510 1586; x_wconf 87' lang='lat' dir='ltr'>Regi</span> <span class='ocrx_word' id='word_1_200' title='bbox 522 1542 723 1576; x_wconf 88' lang='lat' dir='ltr'>Francorum</span> <span class='ocrx_word' id='word_1_201' title='bbox 734 1552 850 1577; x_wconf 82' lang='lat' dir='ltr'>contra</span> <span class='ocrx_word' id='word_1_202' title='bbox 858 1553 973 1577; x_wconf 86' lang='lat' dir='ltr'>omnes</span> <span class='ocrx_word' id='word_1_203' title='bbox 986 1541 1092 1576; x_wconf 89' lang='lat' dir='ltr'>homi·</span> 
     </span>
     <span class='ocr_line' id='line_1_31' title="bbox 152 1591 1092 1635; baseline 0 -11"><span class='ocrx_word' id='word_1_204' title='bbox 152 1601 214 1625; x_wconf 77' lang='lat' dir='ltr'>nes</span> <span class='ocrx_word' id='word_1_205' title='bbox 237 1592 376 1626; x_wconf 62' lang='lat' dir='ltr'>facturus</span> <span class='ocrx_word' id='word_1_206' title='bbox 398 1602 488 1631; x_wconf 88' lang='lat' dir='ltr'>erat,</span> <span class='ocrx_word' id='word_1_207' title='bbox 517 1603 576 1625; x_wconf 89' lang='lat' dir='ltr'>nec</span> <span class='ocrx_word' id='word_1_208' title='bbox 597 1591 724 1635; x_wconf 86' lang='lat' dir='ltr'>aliquid</span> <span class='ocrx_word' id='word_1_209' title='bbox 743 1591 907 1627; x_wconf 87' lang='lat' dir='ltr'>debiturus</span> <span class='ocrx_word' id='word_1_210' title='bbox 935 1591 1024 1626; x_wconf 88' lang='lat' dir='ltr'>Patri</span> <span class='ocrx_word' id='word_1_211' title='bbox 1042 1592 1092 1626; x_wconf 90' lang='lat' dir='ltr'>vel</span> 
     </span>
     <span class='ocr_line' id='line_1_32' title="bbox 151 1640 1092 1686; baseline 0.003 -12"><span class='ocrx_word' id='word_1_212' title='bbox 151 1640 330 1681; x_wconf 78' lang='lat' dir='ltr'>fratribus,</span> <span class='ocrx_word' id='word_1_213' title='bbox 357 1641 418 1675; x_wconf 87' lang='lat' dir='ltr'>nifi</span> <span class='ocrx_word' id='word_1_214' title='bbox 438 1640 527 1684; x_wconf 86' lang='lat' dir='ltr'>quod</span> <span class='ocrx_word' id='word_1_215' title='bbox 554 1640 660 1686; x_wconf 84' lang='lat' dir='ltr'>exigit</span> <span class='ocrx_word' id='word_1_216' title='bbox 682 1641 765 1677; x_wconf 90' lang='lat' dir='ltr'>ratio</span> <span class='ocrx_word' id='word_1_217' title='bbox 785 1642 891 1676; x_wconf 88' lang='lat' dir='ltr'>meriti</span> <span class='ocrx_word' id='word_1_218' title='bbox 913 1642 966 1676; x_wconf 88' lang='lat' dir='ltr'>vel</span> <span class='ocrx_word' id='word_1_219' title='bbox 999 1651 1092 1677; x_wconf 84' lang='lat' dir='ltr'>natu·</span> 
     </span>
     <span class='ocr_line' id='line_1_33' title="bbox 152 1688 1095 1736; baseline 0.004 -14"><span class='ocrx_word' id='word_1_220' title='bbox 152 1701 196 1722; x_wconf 78' lang='lat' dir='ltr'>1ae</span> <span class='ocrx_word' id='word_1_221' title='bbox 210 1713 217 1720; x_wconf 90' lang='lat'><strong>.</strong></span> <span class='ocrx_word' id='word_1_222' title='bbox 243 1690 409 1725; x_wconf 87' lang='lat' dir='ltr'>Ducatum</span> <span class='ocrx_word' id='word_1_223' title='bbox 423 1690 499 1725; x_wconf 74' lang='lat' dir='ltr'>vero</span> <span class='ocrx_word' id='word_1_224' title='bbox 511 1688 699 1734; x_wconf 67' lang='lat' dir='ltr'>Aquitaniae</span> <span class='ocrx_word' id='word_1_225' title='bbox 709 1692 782 1736; x_wconf 87' lang='lat' dir='ltr'>lege</span> <span class='ocrx_word' id='word_1_226' title='bbox 794 1692 890 1725; x_wconf 80' lang='lat' dir='ltr'>simili</span> <span class='ocrx_word' id='word_1_227' title='bbox 902 1692 977 1726; x_wconf 89' lang='lat' dir='ltr'>Rex</span> <span class='ocrx_word' id='word_1_228' title='bbox 996 1693 1095 1726; x_wconf 87' lang='lat' dir='ltr'>Fran-</span> 
     </span>
     <span class='ocr_line' id='line_1_34' title="bbox 153 1738 1092 1784; baseline 0 -11"><span class='ocrx_word' id='word_1_229' title='bbox 153 1749 272 1774; x_wconf 82' lang='lat' dir='ltr'>corum</span> <span class='ocrx_word' id='word_1_230' title='bbox 289 1738 456 1773; x_wconf 89' lang='lat' dir='ltr'>Richardo</span> <span class='ocrx_word' id='word_1_231' title='bbox 481 1739 553 1773; x_wconf 89' lang='lat' dir='ltr'>filio</span> <span class='ocrx_word' id='word_1_232' title='bbox 574 1741 678 1784; x_wconf 81' lang='lat' dir='ltr'>Regis</span> <span class='ocrx_word' id='word_1_233' title='bbox 695 1740 828 1784; x_wconf 74' lang='lat' dir='ltr'>Anglia:</span> <span class='ocrx_word' id='word_1_234' title='bbox 856 1740 1055 1775; x_wconf 84' lang='lat' dir='ltr'>concedebat</span> <span class='ocrx_word' id='word_1_235' title='bbox 1082 1765 1092 1780; x_wconf 91' lang='lat'>,</span> 
     </span>
     <span class='ocr_line' id='line_1_35' title="bbox 145 1785 1092 1827; baseline 0.002 -7"><span class='ocrx_word' id='word_1_236' title='bbox 145 1785 236 1821; x_wconf 76' lang='lat' dir='ltr'>dans</span> <span class='ocrx_word' id='word_1_237' title='bbox 257 1787 288 1821; x_wconf 92' lang='lat' dir='ltr'>ei</span> <span class='ocrx_word' id='word_1_238' title='bbox 313 1788 349 1821; x_wconf 88' lang='lat' dir='ltr'>in</span> <span class='ocrx_word' id='word_1_239' title='bbox 370 1788 618 1822; x_wconf 83' lang='lat' dir='ltr'>matrimonium</span> <span class='ocrx_word' id='word_1_240' title='bbox 637 1788 742 1821; x_wconf 85' lang='lat' dir='ltr'>filiam</span> <span class='ocrx_word' id='word_1_241' title='bbox 754 1790 862 1827; x_wconf 88' lang='lat' dir='ltr'>suam,</span> <span class='ocrx_word' id='word_1_242' title='bbox 888 1789 941 1821; x_wconf 87' lang='lat' dir='ltr'>sed</span> <span class='ocrx_word' id='word_1_243' title='bbox 960 1787 1092 1822; x_wconf 89' lang='lat' dir='ltr'>sinedo-</span> 
     </span>
     <span class='ocr_line' id='line_1_36' title="bbox 144 1836 1091 1880; baseline 0.001 -9"><span class='ocrx_word' id='word_1_244' title='bbox 144 1845 191 1871; x_wconf 60' lang='lat' dir='ltr'>xe</span> <span class='ocrx_word' id='word_1_245' title='bbox 204 1859 216 1877; x_wconf 90' lang='lat'>‚</span> <span class='ocrx_word' id='word_1_246' title='bbox 241 1846 310 1879; x_wconf 69' lang='lat' dir='ltr'>quat</span> <span class='ocrx_word' id='word_1_247' title='bbox 330 1846 439 1870; x_wconf 86' lang='lat' dir='ltr'>tamen</span> <span class='ocrx_word' id='word_1_248' title='bbox 463 1845 531 1870; x_wconf 87' lang='lat' dir='ltr'>erat</span> <span class='ocrx_word' id='word_1_249' title='bbox 542 1846 601 1879; x_wconf 86' lang='lat' dir='ltr'>pro</span> <span class='ocrx_word' id='word_1_250' title='bbox 613 1836 710 1870; x_wconf 89' lang='lat' dir='ltr'>libitu</span> <span class='ocrx_word' id='word_1_251' title='bbox 724 1837 865 1880; x_wconf 87' lang='lat' dir='ltr'>parentis</span> <span class='ocrx_word' id='word_1_252' title='bbox 875 1836 1091 1873; x_wconf 88' lang='lat' dir='ltr'>donationem</span> 
     </span>
     <span class='ocr_line' id='line_1_37' title="bbox 141 1885 1092 1931; baseline 0.003 -12"><span class='ocrx_word' id='word_1_253' title='bbox 141 1925 145 1929; x_wconf 45' lang='grc'><strong><em>,</em></strong></span> <span class='ocrx_word' id='word_1_254' title='bbox 152 1894 287 1930; x_wconf 82' lang='lat' dir='ltr'>propter</span> <span class='ocrx_word' id='word_1_255' title='bbox 310 1886 440 1930; x_wconf 77' lang='lat' dir='ltr'>nuptias</span> <span class='ocrx_word' id='word_1_256' title='bbox 462 1896 652 1931; x_wconf 84' lang='lat' dir='ltr'>acceptura.</span> <span class='ocrx_word' id='word_1_257' title='bbox 679 1886 734 1920; x_wconf 92' lang='lat' dir='ltr'>De</span> <span class='ocrx_word' id='word_1_258' title='bbox 755 1885 907 1921; x_wconf 76' lang='lat' dir='ltr'>Tholosa</span> <span class='ocrx_word' id='word_1_259' title='bbox 931 1898 992 1922; x_wconf 89' lang='lat' dir='ltr'>nec</span> <span class='ocrx_word' id='word_1_260' title='bbox 1004 1899 1092 1922; x_wconf 90' lang='lat' dir='ltr'>men-</span> 
     </span>
     <span class='ocr_line' id='line_1_38' title="bbox 152 1934 1093 1981; baseline 0 -10"><span class='ocrx_word' id='word_1_261' title='bbox 152 1935 207 1971; x_wconf 76' lang='lat' dir='ltr'>tio</span> <span class='ocrx_word' id='word_1_262' title='bbox 225 1934 334 1970; x_wconf 83' lang='lat' dir='ltr'>habita</span> <span class='ocrx_word' id='word_1_263' title='bbox 345 1935 390 1970; x_wconf 86' lang='lat' dir='ltr'>est</span> <span class='ocrx_word' id='word_1_264' title='bbox 404 1960 412 1968; x_wconf 91' lang='lat'><em>.</em></span> <span class='ocrx_word' id='word_1_265' title='bbox 438 1934 567 1970; x_wconf 84' lang='lat' dir='ltr'>Milites</span> <span class='ocrx_word' id='word_1_266' title='bbox 587 1936 646 1979; x_wconf 89' lang='lat' dir='ltr'>qui</span> <span class='ocrx_word' id='word_1_267' title='bbox 656 1936 845 1971; x_wconf 87' lang='lat' dir='ltr'>altrinsecus</span> <span class='ocrx_word' id='word_1_268' title='bbox 866 1938 953 1981; x_wconf 92' lang='lat' dir='ltr'>capti</span> <span class='ocrx_word' id='word_1_269' title='bbox 964 1948 1055 1971; x_wconf 89' lang='lat' dir='ltr'>erant</span> <span class='ocrx_word' id='word_1_270' title='bbox 1082 1961 1093 1977; x_wconf 93' lang='lat'>‚</span> 
     </span>
     <span class='ocr_line' id='line_1_39' title="bbox 152 1984 1093 2030; baseline 0 -11"><span class='ocrx_word' id='word_1_271' title='bbox 152 1984 321 2020; x_wconf 82' lang='lat' dir='ltr'>debebant</span> <span class='ocrx_word' id='word_1_272' title='bbox 340 1984 465 2019; x_wconf 86' lang='lat' dir='ltr'>liberari</span> <span class='ocrx_word' id='word_1_273' title='bbox 479 2010 489 2026; x_wconf 94' lang='lat'>,</span> <span class='ocrx_word' id='word_1_274' title='bbox 514 1985 547 2018; x_wconf 90' lang='lat'>&amp;</span> <span class='ocrx_word' id='word_1_275' title='bbox 559 1985 600 2019; x_wconf 86' lang='lat' dir='ltr'>fic</span> <span class='ocrx_word' id='word_1_276' title='bbox 611 1985 809 2020; x_wconf 87' lang='lat' dir='ltr'>consolidari</span> <span class='ocrx_word' id='word_1_277' title='bbox 829 1988 935 2030; x_wconf 86' lang='lat' dir='ltr'>pax&amp;</span> <span class='ocrx_word' id='word_1_278' title='bbox 958 1997 1093 2021; x_wconf 87' lang='lat' dir='ltr'>concor-</span> 
     </span>
     <span class='ocr_line' id='line_1_40' title="bbox 148 2034 1094 2080; baseline -0.002 -10"><span class='ocrx_word' id='word_1_279' title='bbox 148 2035 211 2070; x_wconf 77' lang='lat' dir='ltr'>dia</span> <span class='ocrx_word' id='word_1_280' title='bbox 233 2035 384 2079; x_wconf 88' lang='lat' dir='ltr'>Regum.</span> <span class='ocrx_word' id='word_1_281' title='bbox 411 2036 498 2070; x_wconf 77' lang='lat' dir='ltr'>Cum</span> <span class='ocrx_word' id='word_1_282' title='bbox 511 2034 588 2069; x_wconf 73' lang='lat' dir='ltr'>vero</span> <span class='ocrx_word' id='word_1_283' title='bbox 606 2035 680 2068; x_wconf 81' lang='lat' dir='ltr'>Rex</span> <span class='ocrx_word' id='word_1_284' title='bbox 701 2035 835 2080; x_wconf 79' lang='lat' dir='ltr'>Angliae</span> <span class='ocrx_word' id='word_1_285' title='bbox 869 2036 939 2070; x_wconf 89' lang='lat' dir='ltr'>voti</span> <span class='ocrx_word' id='word_1_286' title='bbox 958 2045 1094 2078; x_wconf 89' lang='lat' dir='ltr'>compos</span> 
     </span>
     <span class='ocr_line' id='line_1_41' title="bbox 138 2083 1094 2126; baseline 0 -8"><span class='ocrx_word' id='word_1_287' title='bbox 138 2083 284 2125; x_wconf 58' lang='lat' dir='ltr'>r,audiret</span> <span class='ocrx_word' id='word_1_288' title='bbox 305 2085 475 2120; x_wconf 84' lang='lat' dir='ltr'>Comitem</span> <span class='ocrx_word' id='word_1_289' title='bbox 497 2085 682 2120; x_wconf 89' lang='lat' dir='ltr'>Henricum</span> <span class='ocrx_word' id='word_1_290' title='bbox 694 2085 735 2118; x_wconf 89' lang='lat' dir='ltr'>ad</span> <span class='ocrx_word' id='word_1_291' title='bbox 758 2086 791 2119; x_wconf 90' lang='lat' dir='ltr'>se</span> <span class='ocrx_word' id='word_1_292' title='bbox 813 2085 945 2126; x_wconf 87' lang='lat' dir='ltr'>venire,</span> <span class='ocrx_word' id='word_1_293' title='bbox 971 2095 1008 2119; x_wconf 93' lang='lat' dir='ltr'>ut</span> <span class='ocrx_word' id='word_1_294' title='bbox 1029 2085 1094 2119; x_wconf 85' lang='lat' dir='ltr'>haec</span> 
     </span>
     <span class='ocr_line' id='line_1_42' title="bbox 142 2133 1094 2176; baseline -0.001 -6"><span class='ocrx_word' id='word_1_295' title='bbox 142 2135 309 2176; x_wconf 16' lang='lat' dir='ltr'>,ineundae</span> <span class='ocrx_word' id='word_1_296' title='bbox 329 2133 514 2170; x_wconf 81' lang='lat' dir='ltr'>concordiae</span> <span class='ocrx_word' id='word_1_297' title='bbox 534 2135 638 2169; x_wconf 90' lang='lat' dir='ltr'>forma</span> <span class='ocrx_word' id='word_1_298' title='bbox 658 2135 907 2169; x_wconf 85' lang='lat' dir='ltr'>confirmaretur</span> <span class='ocrx_word' id='word_1_299' title='bbox 927 2159 940 2176; x_wconf 92' lang='lat'>,</span> <span class='ocrx_word' id='word_1_300' title='bbox 965 2134 1094 2170; x_wconf 84' lang='lat' dir='ltr'>deman-</span> 
     </span>
     <span class='ocr_line' id='line_1_43' title="bbox 140 2183 1092 2229; baseline 0.001 -11"><span class='ocrx_word' id='word_1_301' title='bbox 140 2183 249 2224; x_wconf 69' lang='lat' dir='ltr'>,davit</span> <span class='ocrx_word' id='word_1_302' title='bbox 271 2184 324 2225; x_wconf 90' lang='lat' dir='ltr'>ei,</span> <span class='ocrx_word' id='word_1_303' title='bbox 361 2196 404 2220; x_wconf 90' lang='lat' dir='ltr'>ne</span> <span class='ocrx_word' id='word_1_304' title='bbox 426 2185 670 2229; x_wconf 84' lang='lat' dir='ltr'>progrederetur</span> <span class='ocrx_word' id='word_1_305' title='bbox 691 2186 898 2228; x_wconf 86' lang='lat' dir='ltr'>proficiscens</span> <span class='ocrx_word' id='word_1_306' title='bbox 927 2185 964 2219; x_wconf 89' lang='lat' dir='ltr'>in</span> <span class='ocrx_word' id='word_1_307' title='bbox 995 2184 1092 2220; x_wconf 66' lang='lat' dir='ltr'>Pista-</span> 
     </span>
     <span class='ocr_line' id='line_1_44' title="bbox 154 2233 1095 2278; baseline 0.001 -11"><span class='ocrx_word' id='word_1_308' title='bbox 154 2235 246 2268; x_wconf 84' lang='lat' dir='ltr'>viam</span> <span class='ocrx_word' id='word_1_309' title='bbox 260 2257 273 2274; x_wconf 82' lang='lat'>‚</span> <span class='ocrx_word' id='word_1_310' title='bbox 309 2243 346 2267; x_wconf 86' lang='lat' dir='ltr'>ut</span> <span class='ocrx_word' id='word_1_311' title='bbox 367 2233 575 2268; x_wconf 86' lang='lat' dir='ltr'>Liziniacum</span> <span class='ocrx_word' id='word_1_312' title='bbox 590 2235 730 2269; x_wconf 86' lang='lat' dir='ltr'>castrum</span> <span class='ocrx_word' id='word_1_313' title='bbox 740 2236 878 2270; x_wconf 84' lang='lat' dir='ltr'>auferret</span> <span class='ocrx_word' id='word_1_314' title='bbox 897 2233 1095 2278; x_wconf 83' lang='lat' dir='ltr'>proceribus,</span> 
     </span>
     <span class='ocr_line' id='line_1_45' title="bbox 151 2282 1095 2326; baseline 0.002 -10"><span class='ocrx_word' id='word_1_315' title='bbox 151 2283 218 2326; x_wconf 64' lang='lat' dir='ltr'>»qui</span> <span class='ocrx_word' id='word_1_316' title='bbox 237 2282 320 2316; x_wconf 90' lang='lat' dir='ltr'>illud</span> <span class='ocrx_word' id='word_1_317' title='bbox 342 2282 531 2326; x_wconf 76' lang='lat' dir='ltr'>reaedificare</span> <span class='ocrx_word' id='word_1_318' title='bbox 553 2295 774 2319; x_wconf 88' lang='lat' dir='ltr'>convenerant</span> <span class='ocrx_word' id='word_1_319' title='bbox 794 2286 983 2320; x_wconf 89' lang='lat' dir='ltr'>&amp;munire.</span> <span class='ocrx_word' id='word_1_320' title='bbox 1009 2285 1095 2319; x_wconf 88' lang='lat' dir='ltr'>Cau·</span> 
     </span>
     <span class='ocr_line' id='line_1_46' title="bbox 149 2331 1095 2377; baseline 0.002 -12"><span class='ocrx_word' id='word_1_321' title='bbox 149 2334 227 2367; x_wconf 61' lang='lat' dir='ltr'>&gt;sam</span> <span class='ocrx_word' id='word_1_322' title='bbox 250 2331 350 2373; x_wconf 70' lang='lat' dir='ltr'>vero,</span> <span class='ocrx_word' id='word_1_323' title='bbox 378 2334 476 2377; x_wconf 72' lang='lat' dir='ltr'>quam</span> <span class='ocrx_word' id='word_1_324' title='bbox 488 2345 565 2368; x_wconf 89' lang='lat' dir='ltr'>cum</span> <span class='ocrx_word' id='word_1_325' title='bbox 585 2335 721 2369; x_wconf 87' lang='lat' dir='ltr'>Francis</span> <span class='ocrx_word' id='word_1_326' title='bbox 734 2333 908 2374; x_wconf 66' lang='lat' dir='ltr'>tractabat,</span> <span class='ocrx_word' id='word_1_327' title='bbox 933 2335 1095 2368; x_wconf 87' lang='lat' dir='ltr'>commisit</span> 
     </span>
     <span class='ocr_line' id='line_1_47' title="bbox 153 2380 1094 2428; baseline 0.004 -14"><span class='ocrx_word' id='word_1_328' title='bbox 153 2380 464 2425; x_wconf 71' lang='lat' dir='ltr'>Archi-Episcopo</span> <span class='ocrx_word' id='word_1_329' title='bbox 485 2382 769 2428; x_wconf 88' lang='lat' dir='ltr'>Rotbomagenfi,</span> <span class='ocrx_word' id='word_1_330' title='bbox 806 2383 841 2420; x_wconf 74' lang='grc' dir='ltr'>δε,</span> <span class='ocrx_word' id='word_1_331' title='bbox 863 2383 1031 2418; x_wconf 91' lang='lat' dir='ltr'>Richardo</span> <span class='ocrx_word' id='word_1_332' title='bbox 1053 2384 1094 2419; x_wconf 92' lang='lat' dir='ltr'>de</span> 
     </span>
     <span class='ocr_line' id='line_1_48' title="bbox 141 2429 1093 2474; baseline 0.003 -9"><span class='ocrx_word' id='word_1_333' title='bbox 141 2431 314 2474; x_wconf 31' lang='lat' dir='ltr'>JHumaz,</span> <span class='ocrx_word' id='word_1_334' title='bbox 339 2430 373 2463; x_wconf 89' lang='lat'>&amp;</span> <span class='ocrx_word' id='word_1_335' title='bbox 392 2429 560 2466; x_wconf 85' lang='lat' dir='ltr'>Richardo</span> <span class='ocrx_word' id='word_1_336' title='bbox 580 2432 622 2467; x_wconf 88' lang='lat' dir='ltr'>de</span> <span class='ocrx_word' id='word_1_337' title='bbox 645 2433 727 2467; x_wconf 92' lang='lat' dir='ltr'>Luci</span> <span class='ocrx_word' id='word_1_338' title='bbox 740 2433 920 2468; x_wconf 89' lang='lat' dir='ltr'>finiendam</span> <span class='ocrx_word' id='word_1_339' title='bbox 943 2435 1013 2468; x_wconf 88' lang='lat' dir='ltr'>vice</span> <span class='ocrx_word' id='word_1_340' title='bbox 1026 2436 1093 2474; x_wconf 85' lang='lat' dir='ltr'>sua,</span> 
     </span>
     <span class='ocr_line' id='line_1_49' title="bbox 133 2479 1094 2524; baseline 0.003 -11"><span class='ocrx_word' id='word_1_341' title='bbox 133 2491 301 2524; x_wconf 45' lang='lat' dir='ltr'>,quorum</span> <span class='ocrx_word' id='word_1_342' title='bbox 325 2479 504 2523; x_wconf 83' lang='lat' dir='ltr'>juramenta</span> <span class='ocrx_word' id='word_1_343' title='bbox 526 2492 640 2517; x_wconf 85' lang='lat' dir='ltr'>contra</span> <span class='ocrx_word' id='word_1_344' title='bbox 661 2482 867 2519; x_wconf 85' lang='lat' dir='ltr'>voluntatem</span> <span class='ocrx_word' id='word_1_345' title='bbox 889 2484 1031 2518; x_wconf 86' lang='lat' dir='ltr'>Domini</span> <span class='ocrx_word' id='word_1_346' title='bbox 1047 2484 1094 2517; x_wconf 89' lang='lat' dir='ltr'>sui</span> 
     </span>
     <span class='ocr_line' id='line_1_50' title="bbox 132 2529 1095 2575; baseline 0.004 -12"><span class='ocrx_word' id='word_1_347' title='bbox 132 2560 135 2563; x_wconf 77' lang='grc'>,</span> <span class='ocrx_word' id='word_1_348' title='bbox 154 2530 276 2564; x_wconf 87' lang='lat' dir='ltr'>Franci</span> <span class='ocrx_word' id='word_1_349' title='bbox 288 2529 390 2563; x_wconf 85' lang='lat' dir='ltr'>nostri</span> <span class='ocrx_word' id='word_1_350' title='bbox 407 2541 477 2564; x_wconf 88' lang='lat' dir='ltr'>non</span> <span class='ocrx_word' id='word_1_351' title='bbox 496 2533 718 2575; x_wconf 85' lang='lat' dir='ltr'>appretiantur</span> <span class='ocrx_word' id='word_1_352' title='bbox 740 2534 793 2568; x_wconf 88' lang='lat' dir='ltr'>vel</span> <span class='ocrx_word' id='word_1_353' title='bbox 804 2533 959 2568; x_wconf 89' lang='lat' dir='ltr'>obulum.</span> <span class='ocrx_word' id='word_1_354' title='bbox 988 2534 1095 2569; x_wconf 91' lang='lat' dir='ltr'>Unde</span> 
     </span>
     <span class='ocr_line' id='line_1_51' title="bbox 151 2579 1094 2619; baseline 0.004 -7"><span class='ocrx_word' id='word_1_355' title='bbox 151 2579 235 2613; x_wconf 72' lang='lat' dir='ltr'>„Rex</span> <span class='ocrx_word' id='word_1_356' title='bbox 257 2580 401 2613; x_wconf 83' lang='lat' dir='ltr'>Francus</span> <span class='ocrx_word' id='word_1_357' title='bbox 421 2590 508 2615; x_wconf 88' lang='lat' dir='ltr'>ratus</span> <span class='ocrx_word' id='word_1_358' title='bbox 528 2582 559 2614; x_wconf 89' lang='lat' dir='ltr'>se</span> <span class='ocrx_word' id='word_1_359' title='bbox 580 2581 731 2617; x_wconf 87' lang='lat' dir='ltr'>delusum</span> <span class='ocrx_word' id='word_1_360' title='bbox 752 2584 816 2618; x_wconf 79' lang='lat' dir='ltr'>effe</span> <span class='ocrx_word' id='word_1_361' title='bbox 834 2583 916 2618; x_wconf 90' lang='lat' dir='ltr'>dolo</span> <span class='ocrx_word' id='word_1_362' title='bbox 937 2583 1040 2619; x_wconf 85' lang='lat' dir='ltr'>Partis</span> <span class='ocrx_word' id='word_1_363' title='bbox 1051 2584 1094 2618; x_wconf 90' lang='lat' dir='ltr'>al-</span> 
     </span>
     <span class='ocr_line' id='line_1_52' title="bbox 141 2627 1096 2677; baseline 0.004 -14"><span class='ocrx_word' id='word_1_364' title='bbox 141 2630 277 2672; x_wconf 55' lang='lat' dir='ltr'>acrius,</span> <span class='ocrx_word' id='word_1_365' title='bbox 304 2627 466 2664; x_wconf 87' lang='lat' dir='ltr'>Bituricas</span> <span class='ocrx_word' id='word_1_366' title='bbox 485 2629 662 2675; x_wconf 83' lang='lat' dir='ltr'>indignans</span> <span class='ocrx_word' id='word_1_367' title='bbox 691 2631 847 2675; x_wconf 72' lang='lat' dir='ltr'>profestus</span> <span class='ocrx_word' id='word_1_368' title='bbox 874 2634 944 2673; x_wconf 88' lang='lat' dir='ltr'>est,</span> <span class='ocrx_word' id='word_1_369' title='bbox 985 2633 1096 2677; x_wconf 82' lang='lat' dir='ltr'>ibique</span> 
     </span>
     <span class='ocr_line' id='line_1_53' title="bbox 157 2678 1096 2729; baseline 0.004 -16"><span class='ocrx_word' id='word_1_370' title='bbox 157 2680 179 2713; x_wconf 70' lang='lat' dir='ltr'>a</span> <span class='ocrx_word' id='word_1_371' title='bbox 199 2678 384 2727; x_wconf 80' lang='lat' dir='ltr'>proceribus</span> <span class='ocrx_word' id='word_1_372' title='bbox 407 2679 614 2714; x_wconf 68' lang='lat' dir='ltr'>Pistavorum</span> <span class='ocrx_word' id='word_1_373' title='bbox 633 2680 812 2724; x_wconf 85' lang='lat' dir='ltr'>juramenta</span> <span class='ocrx_word' id='word_1_374' title='bbox 825 2684 969 2726; x_wconf 84' lang='lat' dir='ltr'>recepit,</span> <span class='ocrx_word' id='word_1_375' title='bbox 991 2683 1096 2729; x_wconf 60' lang='lat' dir='ltr'>&amp;cb-</span> 
     </span>
     <span class='ocr_line' id='line_1_54' title="bbox 153 2728 1096 2776; baseline 0.005 -14"><span class='ocrx_word' id='word_1_376' title='bbox 153 2728 262 2768; x_wconf 67' lang='lat' dir='ltr'>fides,</span> <span class='ocrx_word' id='word_1_377' title='bbox 287 2729 376 2773; x_wconf 87' lang='lat' dir='ltr'>quod</span> <span class='ocrx_word' id='word_1_378' title='bbox 399 2729 525 2764; x_wconf 89' lang='lat' dir='ltr'>nullam</span> <span class='ocrx_word' id='word_1_379' title='bbox 546 2731 611 2764; x_wconf 88' lang='lat' dir='ltr'>fine</span> <span class='ocrx_word' id='word_1_380' title='bbox 633 2731 812 2766; x_wconf 85' lang='lat' dir='ltr'>consilio&amp;</span> <span class='ocrx_word' id='word_1_381' title='bbox 833 2732 1002 2767; x_wconf 83' lang='lat' dir='ltr'>voluntate</span> <span class='ocrx_word' id='word_1_382' title='bbox 1028 2732 1096 2776; x_wconf 84' lang='lat' dir='ltr'>ejus</span> 
     </span>
     <span class='ocr_line' id='line_1_55' title="bbox 154 2777 1094 2824; baseline 0.004 -12"><span class='ocrx_word' id='word_1_383' title='bbox 154 2789 238 2812; x_wconf 76' lang='lat' dir='ltr'>cum</span> <span class='ocrx_word' id='word_1_384' title='bbox 254 2777 349 2824; x_wconf 89' lang='lat' dir='ltr'>Rege</span> <span class='ocrx_word' id='word_1_385' title='bbox 373 2778 561 2824; x_wconf 86' lang='lat' dir='ltr'>Anglorum</span> <span class='ocrx_word' id='word_1_386' title='bbox 583 2780 704 2816; x_wconf 91' lang='lat' dir='ltr'>facient</span> <span class='ocrx_word' id='word_1_387' title='bbox 715 2791 844 2824; x_wconf 86' lang='lat' dir='ltr'>pacem,</span> <span class='ocrx_word' id='word_1_388' title='bbox 870 2780 915 2815; x_wconf 88' lang='lat' dir='ltr'>eis</span> <span class='ocrx_word' id='word_1_389' title='bbox 934 2782 1094 2816; x_wconf 84' lang='lat' dir='ltr'>auxilium</span> 
     </span>
     <span class='ocr_line' id='line_1_56' title="bbox 155 2830 1095 2875; baseline 0.005 -13"><span class='ocrx_word' id='word_1_390' title='bbox 155 2839 310 2871; x_wconf 81' lang='lat' dir='ltr'>mutuum</span> <span class='ocrx_word' id='word_1_391' title='bbox 333 2830 580 2873; x_wconf 86' lang='lat' dir='ltr'>repromittens,</span> <span class='ocrx_word' id='word_1_392' title='bbox 606 2831 639 2865; x_wconf 75' lang='grc' dir='ltr'>δε</span> <span class='ocrx_word' id='word_1_393' title='bbox 671 2831 854 2875; x_wconf 87' lang='lat' dir='ltr'>juramento</span> <span class='ocrx_word' id='word_1_394' title='bbox 879 2831 967 2865; x_wconf 89' lang='lat' dir='ltr'>Petri</span> <span class='ocrx_word' id='word_1_395' title='bbox 988 2833 1095 2867; x_wconf 84' lang='lat' dir='ltr'>fratris</span> 
     </span>
     <span class='ocr_line' id='line_1_57' title="bbox 159 2878 1095 2923; baseline 0.009 -14"><span class='ocrx_word' id='word_1_396' title='bbox 159 2878 210 2910; x_wconf 75' lang='lat' dir='ltr'>sui</span> <span class='ocrx_word' id='word_1_397' title='bbox 232 2901 243 2917; x_wconf 96' lang='lat'>,</span> <span class='ocrx_word' id='word_1_398' title='bbox 276 2879 310 2913; x_wconf 85' lang='lat'>&amp;</span> <span class='ocrx_word' id='word_1_399' title='bbox 329 2879 473 2914; x_wconf 87' lang='lat' dir='ltr'>Comitis</span> <span class='ocrx_word' id='word_1_400' title='bbox 496 2881 652 2923; x_wconf 85' lang='lat' dir='ltr'>Stephani</span> <span class='ocrx_word' id='word_1_401' title='bbox 671 2905 683 2922; x_wconf 90' lang='lat'>,</span> <span class='ocrx_word' id='word_1_402' title='bbox 721 2882 754 2915; x_wconf 68' lang='lat' dir='ltr'>ec</span> <span class='ocrx_word' id='word_1_403' title='bbox 778 2879 952 2916; x_wconf 85' lang='lat' dir='ltr'>Wilhelmi</span> <span class='ocrx_word' id='word_1_404' title='bbox 980 2882 1095 2917; x_wconf 87' lang='lat' dir='ltr'>militis</span> 
     </span>
     <span class='ocr_line' id='line_1_58' title="bbox 157 2924 1092 2975; baseline 0.007 -16"><span class='ocrx_word' id='word_1_405' title='bbox 157 2924 368 2964; x_wconf 84' lang='lat' dir='ltr'>Carnotenfis</span> <span class='ocrx_word' id='word_1_406' title='bbox 387 2930 540 2972; x_wconf 87' lang='lat' dir='ltr'>firmans,</span> <span class='ocrx_word' id='word_1_407' title='bbox 566 2931 657 2973; x_wconf 90' lang='lat' dir='ltr'>quod</span> <span class='ocrx_word' id='word_1_408' title='bbox 678 2942 739 2966; x_wconf 91' lang='lat' dir='ltr'>nec</span> <span class='ocrx_word' id='word_1_409' title='bbox 763 2932 830 2975; x_wconf 88' lang='lat' dir='ltr'>ipse</span> <span class='ocrx_word' id='word_1_410' title='bbox 853 2942 965 2975; x_wconf 88' lang='lat' dir='ltr'>pacem</span> <span class='ocrx_word' id='word_1_411' title='bbox 979 2931 1092 2973; x_wconf 87' lang='lat' dir='ltr'>saciet,</span> 
     </span>
     <span class='ocr_line' id='line_1_59' title="bbox 150 2975 1093 3023; baseline 0.01 -16"><span class='ocrx_word' id='word_1_412' title='bbox 150 2975 221 3016; x_wconf 67' lang='lat' dir='ltr'>mili</span> <span class='ocrx_word' id='word_1_413' title='bbox 241 2977 323 3011; x_wconf 71' lang='lat' dir='ltr'>facta</span> <span class='ocrx_word' id='word_1_414' title='bbox 339 2990 417 3023; x_wconf 86' lang='lat' dir='ltr'>pace</span> <span class='ocrx_word' id='word_1_415' title='bbox 435 2992 572 3020; x_wconf 90' lang='lat' dir='ltr'>eorum,</span> <span class='ocrx_word' id='word_1_416' title='bbox 597 2981 631 3014; x_wconf 91' lang='lat'>&amp;</span> <span class='ocrx_word' id='word_1_417' title='bbox 650 2980 709 3014; x_wconf 85' lang='lat' dir='ltr'>nifi</span> <span class='ocrx_word' id='word_1_418' title='bbox 729 2981 759 3014; x_wconf 90' lang='lat' dir='ltr'>ei</span> <span class='ocrx_word' id='word_1_419' title='bbox 781 2981 988 3016; x_wconf 88' lang='lat' dir='ltr'>restituantur</span> <span class='ocrx_word' id='word_1_420' title='bbox 1008 2982 1093 3016; x_wconf 88' lang='lat' dir='ltr'>abla-</span> 
     </span>
     <span class='ocr_line' id='line_1_60' title="bbox 158 3025 1092 3076; baseline 0.01 -19"><span class='ocrx_word' id='word_1_421' title='bbox 158 3035 215 3058; x_wconf 78' lang='lat' dir='ltr'>ta.</span> <span class='ocrx_word' id='word_1_422' title='bbox 239 3025 358 3067; x_wconf 61' lang='lat' dir='ltr'>,Iterato</span> <span class='ocrx_word' id='word_1_423' title='bbox 376 3029 510 3074; x_wconf 86' lang='lat' dir='ltr'>itaque,</span> <span class='ocrx_word' id='word_1_424' title='bbox 534 3030 588 3064; x_wconf 91' lang='lat' dir='ltr'>sed</span> <span class='ocrx_word' id='word_1_425' title='bbox 612 3031 804 3076; x_wconf 78' lang='lat' dir='ltr'>diligentius</span> <span class='ocrx_word' id='word_1_426' title='bbox 824 3043 880 3076; x_wconf 89' lang='lat' dir='ltr'>per</span> <span class='ocrx_word' id='word_1_427' title='bbox 911 3032 1092 3067; x_wconf 62' lang='lat' dir='ltr'>antedictos</span> 
     </span>
     <span class='ocr_line' id='line_1_61' title="bbox 157 3074 1092 3127; baseline 0.007 -18"><span class='ocrx_word' id='word_1_428' title='bbox 157 3074 313 3110; x_wconf 86' lang='lat' dir='ltr'>Comites</span> <span class='ocrx_word' id='word_1_429' title='bbox 336 3074 542 3123; x_wconf 85' lang='lat' dir='ltr'>Campanum</span> <span class='ocrx_word' id='word_1_430' title='bbox 555 3081 588 3114; x_wconf 89' lang='lat'>&amp;</span> <span class='ocrx_word' id='word_1_431' title='bbox 608 3081 838 3117; x_wconf 87' lang='lat' dir='ltr'>Flandrensem</span> <span class='ocrx_word' id='word_1_432' title='bbox 860 3082 928 3127; x_wconf 88' lang='lat' dir='ltr'>egit</span> <span class='ocrx_word' id='word_1_433' title='bbox 940 3083 1012 3116; x_wconf 86' lang='lat' dir='ltr'>Rex</span> <span class='ocrx_word' id='word_1_434' title='bbox 1023 3082 1092 3115; x_wconf 89' lang='lat' dir='ltr'>An-</span> 
     </span>
     <span class='ocr_line' id='line_1_62' title="bbox 158 3125 1091 3176; baseline 0.008 -17"><span class='ocrx_word' id='word_1_435' title='bbox 158 3125 253 3172; x_wconf 79' lang='lat' dir='ltr'>gliae,</span> <span class='ocrx_word' id='word_1_436' title='bbox 278 3135 315 3159; x_wconf 86' lang='lat' dir='ltr'>ut</span> <span class='ocrx_word' id='word_1_437' title='bbox 334 3126 466 3162; x_wconf 89' lang='lat' dir='ltr'>alterius</span> <span class='ocrx_word' id='word_1_438' title='bbox 476 3130 579 3175; x_wconf 82' lang='lat' dir='ltr'>Regis</span> <span class='ocrx_word' id='word_1_439' title='bbox 592 3128 723 3167; x_wconf 79' lang='lat' dir='ltr'>haberet</span> <span class='ocrx_word' id='word_1_440' title='bbox 738 3132 941 3176; x_wconf 89' lang='lat' dir='ltr'>colloquium</span> <span class='ocrx_word' id='word_1_441' title='bbox 956 3157 966 3172; x_wconf 83' lang='lat'><em>‚</em></span> <span class='ocrx_word' id='word_1_442' title='bbox 991 3133 1024 3166; x_wconf 78' lang='grc' dir='ltr'>δε</span> <span class='ocrx_word' id='word_1_443' title='bbox 1039 3143 1091 3175; x_wconf 93' lang='lat' dir='ltr'>pa-</span> 
     </span>
     <span class='ocr_line' id='line_1_63' title="bbox 159 3177 1087 3223; baseline 0.008 -14"><span class='ocrx_word' id='word_1_444' title='bbox 159 3187 230 3209; x_wconf 89' lang='lat' dir='ltr'>cem</span> <span class='ocrx_word' id='word_1_445' title='bbox 241 3187 300 3219; x_wconf 89' lang='lat' dir='ltr'>pro</span> <span class='ocrx_word' id='word_1_446' title='bbox 310 3177 418 3212; x_wconf 90' lang='lat' dir='ltr'>forma</span> <span class='ocrx_word' id='word_1_447' title='bbox 428 3201 440 3218; x_wconf 91' lang='lat'>,</span> <span class='ocrx_word' id='word_1_448' title='bbox 466 3178 610 3223; x_wconf 80' lang='lat' dir='ltr'>inquam</span> <span class='ocrx_word' id='word_1_449' title='bbox 621 3192 837 3216; x_wconf 87' lang='lat' dir='ltr'>convenerant</span> <span class='ocrx_word' id='word_1_450' title='bbox 851 3207 861 3222; x_wconf 90' lang='lat'>,</span> <span class='ocrx_word' id='word_1_451' title='bbox 888 3184 1087 3216; x_wconf 84' lang='lat' dir='ltr'>reformaret.</span> 
     </span>
     <span class='ocr_line' id='line_1_64' title="bbox 163 3225 1091 3276; baseline 0.008 -17"><span class='ocrx_word' id='word_1_452' title='bbox 163 3226 207 3259; x_wconf 85' lang='lat' dir='ltr'>Et</span> <span class='ocrx_word' id='word_1_453' title='bbox 226 3225 358 3269; x_wconf 86' lang='lat' dir='ltr'>quidem</span> <span class='ocrx_word' id='word_1_454' title='bbox 380 3228 414 3261; x_wconf 90' lang='lat' dir='ltr'>in</span> <span class='ocrx_word' id='word_1_455' title='bbox 435 3227 567 3263; x_wconf 66' lang='lat' dir='ltr'>Ostavis</span> <span class='ocrx_word' id='word_1_456' title='bbox 578 3229 708 3264; x_wconf 84' lang='lat' dir='ltr'>Paschae</span> <span class='ocrx_word' id='word_1_457' title='bbox 725 3232 932 3276; x_wconf 88' lang='lat' dir='ltr'>colloquium</span> <span class='ocrx_word' id='word_1_458' title='bbox 944 3233 1091 3267; x_wconf 92' lang='lat' dir='ltr'>obtinuit</span> 
     </span>
     <span class='ocr_line' id='line_1_65' title="bbox 160 3274 1094 3327; baseline 0.01 -20"><span class='ocrx_word' id='word_1_459' title='bbox 160 3274 357 3318; x_wconf 78' lang='lat' dir='ltr'>optimatum</span> <span class='ocrx_word' id='word_1_460' title='bbox 379 3278 580 3312; x_wconf 78' lang='lat' dir='ltr'>Francorum</span> <span class='ocrx_word' id='word_1_461' title='bbox 598 3303 611 3319; x_wconf 92' lang='lat'>,</span> <span class='ocrx_word' id='word_1_462' title='bbox 647 3279 699 3314; x_wconf 84' lang='lat' dir='ltr'>sed</span> <span class='ocrx_word' id='word_1_463' title='bbox 720 3283 836 3316; x_wconf 87' lang='lat' dir='ltr'>faciem</span> <span class='ocrx_word' id='word_1_464' title='bbox 858 3282 960 3327; x_wconf 87' lang='lat' dir='ltr'>Regis</span> <span class='ocrx_word' id='word_1_465' title='bbox 982 3282 1094 3316; x_wconf 83' lang='lat' dir='ltr'>videte</span> 
     </span>
    </p>
   </div>
   <div class='ocr_carea' id='block_1_5' title="bbox 159 3320 1124 3375">
    <p class='ocr_par' dir='ltr' id='par_1_5' title="bbox 159 3320 1124 3375">
     <span class='ocr_line' id='line_1_66' title="bbox 159 3320 1124 3375; baseline 0.01 -18"><span class='ocrx_word' id='word_1_466' title='bbox 159 3336 231 3358; x_wconf 86' lang='lat' dir='ltr'>non</span> <span class='ocrx_word' id='word_1_467' title='bbox 245 3326 361 3359; x_wconf 86' lang='lat' dir='ltr'>meruit</span> <span class='ocrx_word' id='word_1_468' title='bbox 371 3350 382 3366; x_wconf 91' lang='lat'>,</span> <span class='ocrx_word' id='word_1_469' title='bbox 408 3327 467 3361; x_wconf 84' lang='lat' dir='ltr'>nisi</span> <span class='ocrx_word' id='word_1_470' title='bbox 480 3337 555 3361; x_wconf 84' lang='lat' dir='ltr'>ante</span> <span class='ocrx_word' id='word_1_471' title='bbox 563 3327 763 3366; x_wconf 83' lang='lat' dir='ltr'>securitatem</span> <span class='ocrx_word' id='word_1_472' title='bbox 775 3332 952 3375; x_wconf 85' lang='lat' dir='ltr'>praestiterit</span> <span class='ocrx_word' id='word_1_473' title='bbox 962 3356 973 3371; x_wconf 91' lang='lat'>‚</span> <span class='ocrx_word' id='word_1_474' title='bbox 1000 3333 1094 3374; x_wconf 76' lang='lat' dir='ltr'>quod&#39;</span> <span class='ocrx_word' id='word_1_475' title='bbox 1119 3320 1124 3346; x_wconf 64' lang='lat'>⁴³</span> 
     </span>
    </p>
   </div>
   <div class='ocr_carea' id='block_1_6' title="bbox 159 3374 1088 3426">
    <p class='ocr_par' dir='ltr' id='par_1_6' title="bbox 159 3374 1088 3426">
     <span class='ocr_line' id='line_1_67' title="bbox 159 3374 1088 3426; baseline 0.01 -19"><span class='ocrx_word' id='word_1_476' title='bbox 159 3374 411 3410; x_wconf 68' lang='lat' dir='ltr'>pictaviensibus</span> <span class='ocrx_word' id='word_1_477' title='bbox 429 3377 463 3411; x_wconf 71' lang='grc' dir='ltr'>ὃς</span> <span class='ocrx_word' id='word_1_478' title='bbox 486 3377 662 3421; x_wconf 80' lang='lat' dir='ltr'>omnibus,</span> <span class='ocrx_word' id='word_1_479' title='bbox 687 3381 743 3423; x_wconf 88' lang='lat' dir='ltr'>qui</span> <span class='ocrx_word' id='word_1_480' title='bbox 762 3382 848 3426; x_wconf 89' lang='lat' dir='ltr'>Regi</span> <span class='ocrx_word' id='word_1_481' title='bbox 869 3381 1088 3424; x_wconf 75' lang='lat' dir='ltr'>adhaeserunt,</span> 
     </span>
    </p>
   </div>
   <div class='ocr_carea' id='block_1_7' title="bbox 150 3425 1089 3520">
    <p class='ocr_par' dir='ltr' id='par_1_7' title="bbox 150 3425 1089 3520">
     <span class='ocr_line' id='line_1_68' title="bbox 150 3425 1089 3475; baseline 0.01 -16"><span class='ocrx_word' id='word_1_482' title='bbox 150 3435 274 3473; x_wconf 68' lang='lat' dir='ltr'>pacem</span> <span class='ocrx_word' id='word_1_483' title='bbox 295 3425 332 3460; x_wconf 72' lang='lat' dir='ltr'>&lt;St</span> <span class='ocrx_word' id='word_1_484' title='bbox 352 3425 501 3461; x_wconf 86' lang='lat' dir='ltr'>universa</span> <span class='ocrx_word' id='word_1_485' title='bbox 519 3427 623 3462; x_wconf 85' lang='lat' dir='ltr'>ablata</span> <span class='ocrx_word' id='word_1_486' title='bbox 642 3440 719 3465; x_wconf 87' lang='lat' dir='ltr'>cum</span> <span class='ocrx_word' id='word_1_487' title='bbox 740 3432 923 3475; x_wconf 87' lang='lat' dir='ltr'>integritate</span> <span class='ocrx_word' id='word_1_488' title='bbox 935 3433 1089 3473; x_wconf 84' lang='lat' dir='ltr'>restituet,</span> 
     </span>
     <span class='ocr_line' id='line_1_69' title="bbox 256 3474 720 3520; baseline 0.004 -9"><span class='ocrx_word' id='word_1_489' title='bbox 256 3474 368 3517; x_wconf 66' lang='lat' dir='ltr'>christ.</span> <span class='ocrx_word' id='word_1_490' title='bbox 385 3479 659 3520; x_wconf 75' lang='lat' dir='ltr'>LuploperaTom.</span> <span class='ocrx_word' id='word_1_491' title='bbox 680 3482 720 3519; x_wconf 81' lang='lat' dir='ltr'>X.</span> 
     </span>
    </p>
   </div>
   <div class='ocr_carea' id='block_1_8' title="bbox 1152 239 2119 3478">
    <p class='ocr_par' dir='ltr' id='par_1_8' title="bbox 1152 239 2119 3478">
     <span class='ocr_line' id='line_1_70' title="bbox 1157 239 2088 293; baseline 0.012 -17"><span class='ocrx_word' id='word_1_492' title='bbox 1157 253 1217 277; x_wconf 91' lang='lat' dir='ltr'>nec</span> <span class='ocrx_word' id='word_1_493' title='bbox 1235 243 1265 275; x_wconf 89' lang='lat' dir='ltr'>ei</span> <span class='ocrx_word' id='word_1_494' title='bbox 1284 239 1523 282; x_wconf 68' lang='lat' dir='ltr'>pictavienses,</span> <span class='ocrx_word' id='word_1_495' title='bbox 1549 251 1696 277; x_wconf 89' lang='lat' dir='ltr'>mortuos</span> <span class='ocrx_word' id='word_1_496' title='bbox 1717 247 1863 285; x_wconf 81' lang='lat' dir='ltr'>suscitare</span> <span class='ocrx_word' id='word_1_497' title='bbox 1885 276 1897 293; x_wconf 92' lang='lat'>,</span> <span class='ocrx_word' id='word_1_498' title='bbox 1921 252 1975 290; x_wconf 75' lang='lat' dir='ltr'>&#39;vei</span> <span class='ocrx_word' id='word_1_499' title='bbox 2003 254 2088 288; x_wconf 75' lang='lat' dir='ltr'>casas</span> 
     </span>
     <span class='ocr_line' id='line_1_71' title="bbox 1156 289 2089 346; baseline 0.004 -19"><span class='ocrx_word' id='word_1_500' title='bbox 1156 289 1343 327; x_wconf 81' lang='lat' dir='ltr'>reaedificare</span> <span class='ocrx_word' id='word_1_501' title='bbox 1365 289 1547 325; x_wconf 82' lang='lat' dir='ltr'>combustas</span> <span class='ocrx_word' id='word_1_502' title='bbox 1576 316 1582 324; x_wconf 93' lang='lat'><em>.</em></span> <span class='ocrx_word' id='word_1_503' title='bbox 1620 292 1696 327; x_wconf 84' lang='lat' dir='ltr'>Hac</span> <span class='ocrx_word' id='word_1_504' title='bbox 1726 305 1803 339; x_wconf 89' lang='lat' dir='ltr'>ergo</span> <span class='ocrx_word' id='word_1_505' title='bbox 1824 301 1887 335; x_wconf 85' lang='lat' dir='ltr'>fide</span> <span class='ocrx_word' id='word_1_506' title='bbox 1914 303 2089 346; x_wconf 61' lang='lat' dir='ltr'>corporali..</span> 
     </span>
     <span class='ocr_line' id='line_1_72' title="bbox 1156 341 2086 388; baseline 0.001 -11"><span class='ocrx_word' id='word_1_507' title='bbox 1156 352 1205 377; x_wconf 91' lang='lat' dir='ltr'>ter</span> <span class='ocrx_word' id='word_1_508' title='bbox 1225 342 1299 375; x_wconf 89' lang='lat' dir='ltr'>data</span> <span class='ocrx_word' id='word_1_509' title='bbox 1322 341 1467 384; x_wconf 69' lang='lat' dir='ltr'>praestitit</span> <span class='ocrx_word' id='word_1_510' title='bbox 1482 343 1670 377; x_wconf 81' lang='lat' dir='ltr'>cautionem</span> <span class='ocrx_word' id='word_1_511' title='bbox 1688 367 1698 383; x_wconf 87' lang='lat'>,</span> <span class='ocrx_word' id='word_1_512' title='bbox 1724 344 1758 377; x_wconf 89' lang='lat'>&amp;</span> <span class='ocrx_word' id='word_1_513' title='bbox 1782 348 1869 387; x_wconf 83' lang='lat' dir='ltr'>quod</span> <span class='ocrx_word' id='word_1_514' title='bbox 1881 352 2086 388; x_wconf 21' lang='lat' dir='ltr'>aliosvarticu.</span> 
     </span>
     <span class='ocr_line' id='line_1_73' title="bbox 1155 392 2086 438; baseline 0.009 -12"><span class='ocrx_word' id='word_1_515' title='bbox 1155 392 1206 427; x_wconf 87' lang='lat' dir='ltr'>los</span> <span class='ocrx_word' id='word_1_516' title='bbox 1226 392 1313 435; x_wconf 86' lang='lat' dir='ltr'>pacis</span> <span class='ocrx_word' id='word_1_517' title='bbox 1331 392 1416 435; x_wconf 89' lang='lat' dir='ltr'>apud</span> <span class='ocrx_word' id='word_1_518' title='bbox 1429 392 1628 426; x_wconf 88' lang='lat' dir='ltr'>Sueffionem</span> <span class='ocrx_word' id='word_1_519' title='bbox 1646 393 1801 437; x_wconf 68' lang='lat' dir='ltr'>dispositae</span> <span class='ocrx_word' id='word_1_520' title='bbox 1818 395 1952 434; x_wconf 85' lang='lat' dir='ltr'>fideliter</span> <span class='ocrx_word' id='word_1_521' title='bbox 1980 402 2086 438; x_wconf 80' lang='lat' dir='ltr'>obsen-</span> 
     </span>
     <span class='ocr_line' id='line_1_74' title="bbox 1157 440 2087 495; baseline 0.006 -20"><span class='ocrx_word' id='word_1_522' title='bbox 1157 440 1263 480; x_wconf 85' lang='lat' dir='ltr'>vabit.</span> <span class='ocrx_word' id='word_1_523' title='bbox 1290 442 1370 476; x_wconf 90' lang='lat' dir='ltr'>Hoc</span> <span class='ocrx_word' id='word_1_524' title='bbox 1393 442 1497 486; x_wconf 88' lang='lat' dir='ltr'>ipsum</span> <span class='ocrx_word' id='word_1_525' title='bbox 1521 442 1619 476; x_wconf 88' lang='lat' dir='ltr'>simili</span> <span class='ocrx_word' id='word_1_526' title='bbox 1642 443 1745 478; x_wconf 92' lang='lat' dir='ltr'>modo</span> <span class='ocrx_word' id='word_1_527' title='bbox 1761 454 1896 478; x_wconf 90' lang='lat' dir='ltr'>cautum</span> <span class='ocrx_word' id='word_1_528' title='bbox 1917 448 1961 480; x_wconf 86' lang='lat' dir='ltr'>est</span> <span class='ocrx_word' id='word_1_529' title='bbox 1977 450 1995 482; x_wconf 67' lang='grc' dir='ltr'>λ</span> <span class='ocrx_word' id='word_1_530' title='bbox 2017 463 2087 495; x_wconf 70' lang='lat' dir='ltr'>pro-</span> 
     </span>
     <span class='ocr_line' id='line_1_75' title="bbox 1155 490 2089 541; baseline 0.005 -15"><span class='ocrx_word' id='word_1_531' title='bbox 1155 491 1281 526; x_wconf 87' lang='lat' dir='ltr'>ceribus</span> <span class='ocrx_word' id='word_1_532' title='bbox 1301 490 1368 535; x_wconf 87' lang='lat' dir='ltr'>ejus</span> <span class='ocrx_word' id='word_1_533' title='bbox 1380 518 1388 524; x_wconf 90' lang='lat'>.</span> <span class='ocrx_word' id='word_1_534' title='bbox 1414 491 1566 527; x_wconf 88' lang='lat' dir='ltr'>Proceres</span> <span class='ocrx_word' id='word_1_535' title='bbox 1586 503 1693 527; x_wconf 87' lang='lat' dir='ltr'>autem</span> <span class='ocrx_word' id='word_1_536' title='bbox 1726 495 1757 528; x_wconf 92' lang='lat' dir='ltr'>ei</span> <span class='ocrx_word' id='word_1_537' title='bbox 1776 494 1809 528; x_wconf 90' lang='lat' dir='ltr'>se</span> <span class='ocrx_word' id='word_1_538' title='bbox 1829 494 1895 529; x_wconf 88' lang='lat' dir='ltr'>fide</span> <span class='ocrx_word' id='word_1_539' title='bbox 1928 494 2089 541; x_wconf 79' lang='lat' dir='ltr'>obligave-</span> 
     </span>
     <span class='ocr_line' id='line_1_76' title="bbox 1157 542 2087 590; baseline 0.006 -14"><span class='ocrx_word' id='word_1_540' title='bbox 1157 552 1232 576; x_wconf 91' lang='lat' dir='ltr'>runt</span> <span class='ocrx_word' id='word_1_541' title='bbox 1245 567 1255 583; x_wconf 92' lang='lat'>,</span> <span class='ocrx_word' id='word_1_542' title='bbox 1281 542 1371 586; x_wconf 90' lang='lat' dir='ltr'>quod</span> <span class='ocrx_word' id='word_1_543' title='bbox 1383 542 1456 577; x_wconf 81' lang='lat' dir='ltr'>Rex</span> <span class='ocrx_word' id='word_1_544' title='bbox 1466 542 1630 584; x_wconf 82' lang='lat' dir='ltr'>Franciae‚</span> <span class='ocrx_word' id='word_1_545' title='bbox 1655 544 1678 577; x_wconf 87' lang='lat' dir='ltr'>si</span> <span class='ocrx_word' id='word_1_546' title='bbox 1695 543 1754 578; x_wconf 89' lang='lat' dir='ltr'>fibi</span> <span class='ocrx_word' id='word_1_547' title='bbox 1776 545 1865 588; x_wconf 68' lang='lat' dir='ltr'>pasta</span> <span class='ocrx_word' id='word_1_548' title='bbox 1877 545 2021 589; x_wconf 79' lang='lat' dir='ltr'>superius</span> <span class='ocrx_word' id='word_1_549' title='bbox 2033 558 2087 590; x_wconf 87' lang='lat' dir='ltr'>po·</span> 
     </span>
     <span class='ocr_line' id='line_1_77' title="bbox 1156 593 2089 638; baseline 0.004 -12"><span class='ocrx_word' id='word_1_550' title='bbox 1156 593 1214 627; x_wconf 81' lang='lat' dir='ltr'>fita</span> <span class='ocrx_word' id='word_1_551' title='bbox 1225 593 1257 626; x_wconf 88' lang='lat'>&amp;</span> <span class='ocrx_word' id='word_1_552' title='bbox 1269 594 1329 627; x_wconf 89' lang='lat' dir='ltr'>suis</span> <span class='ocrx_word' id='word_1_553' title='bbox 1342 594 1463 627; x_wconf 85' lang='lat' dir='ltr'>servata</span> <span class='ocrx_word' id='word_1_554' title='bbox 1473 593 1594 627; x_wconf 87' lang='lat' dir='ltr'>fuerint</span> <span class='ocrx_word' id='word_1_555' title='bbox 1603 616 1617 633; x_wconf 92' lang='lat'>,</span> <span class='ocrx_word' id='word_1_556' title='bbox 1642 594 1915 637; x_wconf 79' lang='lat' dir='ltr'>praemonstratam</span> <span class='ocrx_word' id='word_1_557' title='bbox 1928 596 2016 638; x_wconf 86' lang='lat' dir='ltr'>pacis</span> <span class='ocrx_word' id='word_1_558' title='bbox 2032 597 2089 631; x_wconf 92' lang='lat' dir='ltr'>ob-</span> 
     </span>
     <span class='ocr_line' id='line_1_78' title="bbox 1157 643 2090 688; baseline 0.005 -13"><span class='ocrx_word' id='word_1_559' title='bbox 1157 643 1294 677; x_wconf 89' lang='lat' dir='ltr'>servabit</span> <span class='ocrx_word' id='word_1_560' title='bbox 1314 643 1541 678; x_wconf 77' lang='lat' dir='ltr'>conditionem</span> <span class='ocrx_word' id='word_1_561' title='bbox 1555 667 1568 683; x_wconf 93' lang='lat'>,</span> <span class='ocrx_word' id='word_1_562' title='bbox 1603 655 1741 686; x_wconf 85' lang='lat' dir='ltr'>excepto</span> <span class='ocrx_word' id='word_1_563' title='bbox 1764 643 1855 688; x_wconf 90' lang='lat' dir='ltr'>quod</span> <span class='ocrx_word' id='word_1_564' title='bbox 1874 644 1976 679; x_wconf 87' lang='lat' dir='ltr'>filiam</span> <span class='ocrx_word' id='word_1_565' title='bbox 1998 647 2090 680; x_wconf 59' lang='lat' dir='ltr'>suam</span> 
     </span>
     <span class='ocr_line' id='line_1_79' title="bbox 1157 691 2091 739; baseline 0.003 -13"><span class='ocrx_word' id='word_1_566' title='bbox 1157 703 1226 727; x_wconf 89' lang='lat' dir='ltr'>non</span> <span class='ocrx_word' id='word_1_567' title='bbox 1245 693 1410 727; x_wconf 90' lang='lat' dir='ltr'>consentit</span> <span class='ocrx_word' id='word_1_568' title='bbox 1431 691 1599 727; x_wconf 87' lang='lat' dir='ltr'>Richardo</span> <span class='ocrx_word' id='word_1_569' title='bbox 1618 692 1778 729; x_wconf 83' lang='lat' dir='ltr'>destinato</span> <span class='ocrx_word' id='word_1_570' title='bbox 1791 694 1881 728; x_wconf 90' lang='lat' dir='ltr'>Duci</span> <span class='ocrx_word' id='word_1_571' title='bbox 1903 694 2091 739; x_wconf 67' lang='lat' dir='ltr'>Aquitania</span> 
     </span>
     <span class='ocr_line' id='line_1_80' title="bbox 1156 741 2090 789; baseline 0.004 -13"><span class='ocrx_word' id='word_1_572' title='bbox 1156 741 1190 776; x_wconf 89' lang='lat' dir='ltr'>in</span> <span class='ocrx_word' id='word_1_573' title='bbox 1212 743 1462 777; x_wconf 88' lang='lat' dir='ltr'>matrimonium</span> <span class='ocrx_word' id='word_1_574' title='bbox 1486 744 1666 779; x_wconf 85' lang='lat' dir='ltr'>collocare.</span> <span class='ocrx_word' id='word_1_575' title='bbox 1693 745 1774 789; x_wconf 71' lang='grc' dir='ltr'>ῌοο</span> <span class='ocrx_word' id='word_1_576' title='bbox 1795 754 1906 779; x_wconf 87' lang='lat' dir='ltr'>tamen</span> <span class='ocrx_word' id='word_1_577' title='bbox 1926 744 1969 780; x_wconf 91' lang='lat' dir='ltr'>de</span> <span class='ocrx_word' id='word_1_578' title='bbox 1988 744 2090 780; x_wconf 63' lang='lat' dir='ltr'>Tho»</span> 
     </span>
     <span class='ocr_line' id='line_1_81' title="bbox 1158 792 2090 839; baseline 0.006 -14"><span class='ocrx_word' id='word_1_579' title='bbox 1158 792 1224 826; x_wconf 90' lang='lat' dir='ltr'>losa</span> <span class='ocrx_word' id='word_1_580' title='bbox 1245 793 1425 836; x_wconf 63' lang='lat' dir='ltr'>expressum</span> <span class='ocrx_word' id='word_1_581' title='bbox 1446 793 1512 827; x_wconf 88' lang='lat' dir='ltr'>est:</span> <span class='ocrx_word' id='word_1_582' title='bbox 1538 793 1627 839; x_wconf 89' lang='lat' dir='ltr'>quod</span> <span class='ocrx_word' id='word_1_583' title='bbox 1648 794 1671 827; x_wconf 88' lang='lat' dir='ltr'>si</span> <span class='ocrx_word' id='word_1_584' title='bbox 1690 792 1878 829; x_wconf 87' lang='lat' dir='ltr'>Richardus</span> <span class='ocrx_word' id='word_1_585' title='bbox 1900 794 1942 829; x_wconf 90' lang='lat' dir='ltr'>de</span> <span class='ocrx_word' id='word_1_586' title='bbox 1954 794 2090 831; x_wconf 86' lang='lat' dir='ltr'>Comite</span> 
     </span>
     <span class='ocr_line' id='line_1_82' title="bbox 1157 841 2091 887; baseline 0.002 -9"><span class='ocrx_word' id='word_1_587' title='bbox 1157 843 1265 878; x_wconf 66' lang='lat' dir='ltr'>Sancti</span> <span class='ocrx_word' id='word_1_588' title='bbox 1285 841 1419 887; x_wconf 84' lang='lat' dir='ltr'>AEgidii</span> <span class='ocrx_word' id='word_1_589' title='bbox 1440 844 1496 878; x_wconf 87' lang='lat' dir='ltr'>sibi</span> <span class='ocrx_word' id='word_1_590' title='bbox 1516 844 1644 887; x_wconf 90' lang='lat' dir='ltr'>petierit</span> <span class='ocrx_word' id='word_1_591' title='bbox 1654 843 1809 887; x_wconf 83' lang='lat' dir='ltr'>justitiam</span> <span class='ocrx_word' id='word_1_592' title='bbox 1819 843 1988 886; x_wconf 82' lang='lat' dir='ltr'>exhiberi,</span> <span class='ocrx_word' id='word_1_593' title='bbox 2014 846 2091 880; x_wconf 76' lang='lat' dir='ltr'>Rex</span> 
     </span>
     <span class='ocr_line' id='line_1_83' title="bbox 1156 893 2088 942; baseline 0.003 -14"><span class='ocrx_word' id='word_1_594' title='bbox 1156 893 1281 928; x_wconf 89' lang='lat' dir='ltr'>causam</span> <span class='ocrx_word' id='word_1_595' title='bbox 1303 893 1452 928; x_wconf 68' lang='lat' dir='ltr'>tractabit</span> <span class='ocrx_word' id='word_1_596' title='bbox 1472 894 1598 936; x_wconf 78' lang='lat' dir='ltr'>judicio</span> <span class='ocrx_word' id='word_1_597' title='bbox 1612 894 1719 930; x_wconf 79' lang='lat' dir='ltr'>Curiae</span> <span class='ocrx_word' id='word_1_598' title='bbox 1727 895 1803 929; x_wconf 76' lang='lat' dir='ltr'>suas.</span> <span class='ocrx_word' id='word_1_599' title='bbox 1832 896 1916 942; x_wconf 78' lang='lat' dir='ltr'>Qae</span> <span class='ocrx_word' id='word_1_600' title='bbox 1934 895 2011 930; x_wconf 73' lang='lat' dir='ltr'>cum</span> <span class='ocrx_word' id='word_1_601' title='bbox 2024 895 2088 930; x_wconf 85' lang='lat' dir='ltr'>Re-</span> 
     </span>
     <span class='ocr_line' id='line_1_84' title="bbox 1156 944 2097 988; baseline 0.003 -11"><span class='ocrx_word' id='word_1_602' title='bbox 1156 944 1191 988; x_wconf 87' lang='lat' dir='ltr'>gi</span> <span class='ocrx_word' id='word_1_603' title='bbox 1210 944 1409 978; x_wconf 76' lang='lat' dir='ltr'>francorum</span> <span class='ocrx_word' id='word_1_604' title='bbox 1432 945 1531 979; x_wconf 86' lang='lat' dir='ltr'>relata</span> <span class='ocrx_word' id='word_1_605' title='bbox 1543 944 1736 980; x_wconf 60' lang='lat' dir='ltr'>fuiffenmx</span> <span class='ocrx_word' id='word_1_606' title='bbox 1756 945 1871 981; x_wconf 85' lang='lat' dir='ltr'>ordine</span> <span class='ocrx_word' id='word_1_607' title='bbox 1891 970 1904 986; x_wconf 89' lang='lat'>,</span> <span class='ocrx_word' id='word_1_608' title='bbox 1928 946 2097 980; x_wconf 75' lang='lat' dir='ltr'>consentit</span> 
     </span>
     <span class='ocr_line' id='line_1_85' title="bbox 1157 993 2119 1040; baseline 0.002 -12"><span class='ocrx_word' id='word_1_609' title='bbox 1157 1004 1193 1029; x_wconf 93' lang='lat' dir='ltr'>ut</span> <span class='ocrx_word' id='word_1_610' title='bbox 1211 1005 1287 1028; x_wconf 90' lang='lat' dir='ltr'>cum</span> <span class='ocrx_word' id='word_1_611' title='bbox 1311 993 1406 1039; x_wconf 87' lang='lat' dir='ltr'>Rege</span> <span class='ocrx_word' id='word_1_612' title='bbox 1431 993 1621 1039; x_wconf 83' lang='lat' dir='ltr'>Anglorum</span> <span class='ocrx_word' id='word_1_613' title='bbox 1644 996 1797 1038; x_wconf 81' lang='lat' dir='ltr'>loquatur</span> <span class='ocrx_word' id='word_1_614' title='bbox 1816 995 1999 1030; x_wconf 87' lang='lat' dir='ltr'>Dominica</span> <span class='ocrx_word' id='word_1_615' title='bbox 2021 996 2092 1039; x_wconf 49' lang='lat' dir='ltr'>pro*</span> <span class='ocrx_word' id='word_1_616' title='bbox 2112 1037 2119 1040; x_wconf 86' lang='lat'><em>.</em></span> 
     </span>
     <span class='ocr_line' id='line_1_86' title="bbox 1155 1044 2092 1089; baseline 0.001 -11"><span class='ocrx_word' id='word_1_617' title='bbox 1155 1045 1242 1079; x_wconf 87' lang='lat' dir='ltr'>xima</span> <span class='ocrx_word' id='word_1_618' title='bbox 1259 1044 1330 1088; x_wconf 82' lang='lat' dir='ltr'>post</span> <span class='ocrx_word' id='word_1_619' title='bbox 1351 1044 1604 1080; x_wconf 86' lang='lat' dir='ltr'>Adscenfionem</span> <span class='ocrx_word' id='word_1_620' title='bbox 1625 1070 1638 1087; x_wconf 90' lang='lat'>,</span> <span class='ocrx_word' id='word_1_621' title='bbox 1672 1047 1713 1080; x_wconf 75' lang='grc' dir='ltr'>δε.</span> <span class='ocrx_word' id='word_1_622' title='bbox 1729 1045 1906 1081; x_wconf 74' lang='lat' dir='ltr'>secundum</span> <span class='ocrx_word' id='word_1_623' title='bbox 1928 1045 2092 1089; x_wconf 63' lang='lat' dir='ltr'>praedicta:</span> 
     </span>
     <span class='ocr_line' id='line_1_87' title="bbox 1154 1094 2092 1138; baseline 0.003 -10"><span class='ocrx_word' id='word_1_624' title='bbox 1154 1094 1364 1129; x_wconf 85' lang='lat' dir='ltr'>conditiones</span> <span class='ocrx_word' id='word_1_625' title='bbox 1384 1094 1480 1129; x_wconf 85' lang='lat' dir='ltr'>faciat</span> <span class='ocrx_word' id='word_1_626' title='bbox 1498 1106 1632 1138; x_wconf 88' lang='lat' dir='ltr'>pacem.</span> <span class='ocrx_word' id='word_1_627' title='bbox 1659 1096 1722 1131; x_wconf 89' lang='lat' dir='ltr'>Sed</span> <span class='ocrx_word' id='word_1_628' title='bbox 1747 1096 1964 1131; x_wconf 66' lang='lat' dir='ltr'>pictavienses</span> <span class='ocrx_word' id='word_1_629' title='bbox 1984 1096 2016 1131; x_wconf 93' lang='lat' dir='ltr'>ei</span> <span class='ocrx_word' id='word_1_630' title='bbox 2035 1106 2092 1138; x_wconf 61' lang='lat' dir='ltr'>pos</span> 
     </span>
     <span class='ocr_line' id='line_1_88' title="bbox 1156 1143 2093 1191; baseline 0.001 -14"><span class='ocrx_word' id='word_1_631' title='bbox 1156 1145 1218 1178; x_wconf 72' lang='lat' dir='ltr'>sica</span> <span class='ocrx_word' id='word_1_632' title='bbox 1231 1143 1398 1188; x_wconf 87' lang='lat' dir='ltr'>conquesti</span> <span class='ocrx_word' id='word_1_633' title='bbox 1411 1146 1485 1179; x_wconf 86' lang='lat' dir='ltr'>sunt</span> <span class='ocrx_word' id='word_1_634' title='bbox 1496 1171 1507 1186; x_wconf 93' lang='lat'>,</span> <span class='ocrx_word' id='word_1_635' title='bbox 1532 1145 1621 1191; x_wconf 73' lang='lat' dir='ltr'>quod</span> <span class='ocrx_word' id='word_1_636' title='bbox 1632 1146 1706 1181; x_wconf 89' lang='lat' dir='ltr'>Rex</span> <span class='ocrx_word' id='word_1_637' title='bbox 1719 1144 1906 1191; x_wconf 85' lang='lat' dir='ltr'>Anglorum</span> <span class='ocrx_word' id='word_1_638' title='bbox 1919 1156 1975 1179; x_wconf 90' lang='lat' dir='ltr'>eos</span> <span class='ocrx_word' id='word_1_639' title='bbox 1996 1145 2093 1179; x_wconf 90' lang='lat' dir='ltr'>trans-</span> 
     </span>
     <span class='ocr_line' id='line_1_89' title="bbox 1155 1193 2091 1240; baseline 0.001 -14"><span class='ocrx_word' id='word_1_640' title='bbox 1155 1195 1248 1228; x_wconf 84' lang='lat' dir='ltr'>misso</span> <span class='ocrx_word' id='word_1_641' title='bbox 1263 1194 1407 1230; x_wconf 88' lang='lat' dir='ltr'>exercitu</span> <span class='ocrx_word' id='word_1_642' title='bbox 1429 1197 1643 1240; x_wconf 78' lang='lat' dir='ltr'>expugnabat</span> <span class='ocrx_word' id='word_1_643' title='bbox 1659 1221 1669 1237; x_wconf 90' lang='lat'>‚</span> <span class='ocrx_word' id='word_1_644' title='bbox 1697 1196 1776 1231; x_wconf 88' lang='lat' dir='ltr'>dum</span> <span class='ocrx_word' id='word_1_645' title='bbox 1789 1194 1884 1230; x_wconf 80' lang='lat' dir='ltr'>v&#39;erba</span> <span class='ocrx_word' id='word_1_646' title='bbox 1902 1193 2091 1230; x_wconf 75' lang='lat' dir='ltr'>concordiae</span> 
     </span>
     <span class='ocr_line' id='line_1_90' title="bbox 1155 1244 2095 1285; baseline 0 -9"><span class='ocrx_word' id='word_1_647' title='bbox 1155 1246 1374 1277; x_wconf 63' lang='lat' dir='ltr'>trastarentur.</span> <span class='ocrx_word' id='word_1_648' title='bbox 1403 1246 1595 1279; x_wconf 82' lang='lat' dir='ltr'>Exercitum</span> <span class='ocrx_word' id='word_1_649' title='bbox 1609 1256 1716 1279; x_wconf 87' lang='lat' dir='ltr'>tamen</span> <span class='ocrx_word' id='word_1_650' title='bbox 1727 1246 2000 1285; x_wconf 85' lang='lat' dir='ltr'>confecerant,&amp;</span> <span class='ocrx_word' id='word_1_651' title='bbox 2023 1244 2095 1277; x_wconf 88' lang='lat' dir='ltr'>Du·</span> 
     </span>
     <span class='ocr_line' id='line_1_91' title="bbox 1154 1292 2095 1334; baseline 0.001 -9"><span class='ocrx_word' id='word_1_652' title='bbox 1154 1303 1225 1325; x_wconf 83' lang='lat' dir='ltr'>cem</span> <span class='ocrx_word' id='word_1_653' title='bbox 1255 1292 1322 1334; x_wconf 82' lang='lat' dir='ltr'>ejus</span> <span class='ocrx_word' id='word_1_654' title='bbox 1342 1293 1512 1326; x_wconf 85' lang='lat' dir='ltr'>Comitem</span> <span class='ocrx_word' id='word_1_655' title='bbox 1541 1294 1719 1327; x_wconf 84' lang='lat' dir='ltr'>Patritium</span> <span class='ocrx_word' id='word_1_656' title='bbox 1754 1295 2004 1333; x_wconf 87' lang='lat' dir='ltr'>interfecerant,</span> <span class='ocrx_word' id='word_1_657' title='bbox 2039 1293 2095 1327; x_wconf 90' lang='lat' dir='ltr'>sed</span> 
     </span>
     <span class='ocr_line' id='line_1_92' title="bbox 1157 1339 2096 1386; baseline 0 -11"><span class='ocrx_word' id='word_1_658' title='bbox 1157 1340 1271 1375; x_wconf 89' lang='lat' dir='ltr'>inviti.</span> <span class='ocrx_word' id='word_1_659' title='bbox 1299 1340 1408 1377; x_wconf 89' lang='lat' dir='ltr'>Unde</span> <span class='ocrx_word' id='word_1_660' title='bbox 1428 1341 1503 1375; x_wconf 86' lang='lat' dir='ltr'>Rex</span> <span class='ocrx_word' id='word_1_661' title='bbox 1526 1341 1671 1376; x_wconf 87' lang='lat' dir='ltr'>Francus</span> <span class='ocrx_word' id='word_1_662' title='bbox 1682 1342 1859 1386; x_wconf 77' lang='lat' dir='ltr'>plurimum</span> <span class='ocrx_word' id='word_1_663' title='bbox 1874 1353 1984 1376; x_wconf 87' lang='lat' dir='ltr'>motus</span> <span class='ocrx_word' id='word_1_664' title='bbox 1999 1366 2007 1374; x_wconf 89' lang='lat'>.</span> <span class='ocrx_word' id='word_1_665' title='bbox 2034 1339 2096 1376; x_wconf 89' lang='lat' dir='ltr'>Sed</span> 
     </span>
     <span class='ocr_line' id='line_1_93' title="bbox 1155 1390 2097 1437; baseline 0.002 -12"><span class='ocrx_word' id='word_1_666' title='bbox 1155 1402 1196 1425; x_wconf 91' lang='lat' dir='ltr'>an</span> <span class='ocrx_word' id='word_1_667' title='bbox 1209 1390 1274 1425; x_wconf 92' lang='lat' dir='ltr'>hoc</span> <span class='ocrx_word' id='word_1_668' title='bbox 1296 1390 1455 1434; x_wconf 88' lang='lat' dir='ltr'>impedire</span> <span class='ocrx_word' id='word_1_669' title='bbox 1478 1402 1591 1435; x_wconf 88' lang='lat' dir='ltr'>pacem</span> <span class='ocrx_word' id='word_1_670' title='bbox 1612 1392 1708 1435; x_wconf 85' lang='lat' dir='ltr'>possit</span> <span class='ocrx_word' id='word_1_671' title='bbox 1722 1417 1734 1434; x_wconf 91' lang='lat'>,</span> <span class='ocrx_word' id='word_1_672' title='bbox 1761 1394 1880 1437; x_wconf 89' lang='lat' dir='ltr'>ignoro</span> <span class='ocrx_word' id='word_1_673' title='bbox 1896 1416 1907 1433; x_wconf 92' lang='lat'>,</span> <span class='ocrx_word' id='word_1_674' title='bbox 1933 1391 2008 1426; x_wconf 77' lang='lat' dir='ltr'>licet</span> <span class='ocrx_word' id='word_1_675' title='bbox 2020 1403 2097 1427; x_wconf 85' lang='lat' dir='ltr'>eum</span> 
     </span>
     <span class='ocr_line' id='line_1_94' title="bbox 1155 1441 2097 1485; baseline 0.004 -11"><span class='ocrx_word' id='word_1_676' title='bbox 1155 1442 1311 1484; x_wconf 83' lang='lat' dir='ltr'>poeniteat</span> <span class='ocrx_word' id='word_1_677' title='bbox 1320 1441 1361 1474; x_wconf 90' lang='lat' dir='ltr'>fic</span> <span class='ocrx_word' id='word_1_678' title='bbox 1382 1442 1585 1476; x_wconf 66' lang='lat' dir='ltr'>consensisse.</span> <span class='ocrx_word' id='word_1_679' title='bbox 1614 1441 1775 1477; x_wconf 79' lang='lat' dir='ltr'>Caeterum</span> <span class='ocrx_word' id='word_1_680' title='bbox 1788 1443 1991 1485; x_wconf 86' lang='lat' dir='ltr'>aliquatenus</span> <span class='ocrx_word' id='word_1_681' title='bbox 2002 1443 2097 1480; x_wconf 83' lang='lat' dir='ltr'>indu-</span> 
     </span>
     <span class='ocr_line' id='line_1_95' title="bbox 1157 1490 2092 1536; baseline 0.003 -12"><span class='ocrx_word' id='word_1_682' title='bbox 1157 1493 1225 1524; x_wconf 69' lang='lat' dir='ltr'>&amp;us</span> <span class='ocrx_word' id='word_1_683' title='bbox 1243 1491 1307 1523; x_wconf 88' lang='lat' dir='ltr'>fuit</span> <span class='ocrx_word' id='word_1_684' title='bbox 1317 1490 1601 1534; x_wconf 88' lang='lat' dir='ltr'>contemplatione</span> <span class='ocrx_word' id='word_1_685' title='bbox 1613 1490 1823 1531; x_wconf 85' lang='lat' dir='ltr'>devotionis,</span> <span class='ocrx_word' id='word_1_686' title='bbox 1852 1501 1952 1534; x_wconf 86' lang='lat' dir='ltr'>quam</span> <span class='ocrx_word' id='word_1_687' title='bbox 1962 1492 2092 1536; x_wconf 81' lang='lat' dir='ltr'>Regem</span> 
     </span>
     <span class='ocr_line' id='line_1_96' title="bbox 1159 1539 2096 1584; baseline 0.004 -12"><span class='ocrx_word' id='word_1_688' title='bbox 1159 1539 1346 1584; x_wconf 81' lang='lat' dir='ltr'>Anglorum</span> <span class='ocrx_word' id='word_1_689' title='bbox 1358 1542 1512 1583; x_wconf 88' lang='lat' dir='ltr'>opinatus</span> <span class='ocrx_word' id='word_1_690' title='bbox 1522 1541 1567 1575; x_wconf 89' lang='lat' dir='ltr'>est</span> <span class='ocrx_word' id='word_1_691' title='bbox 1581 1541 1779 1583; x_wconf 82' lang='lat' dir='ltr'>concepisse.</span> <span class='ocrx_word' id='word_1_692' title='bbox 1806 1540 1894 1575; x_wconf 72' lang='lat' dir='ltr'>Cum</span> <span class='ocrx_word' id='word_1_693' title='bbox 1905 1542 1996 1576; x_wconf 91' lang='lat' dir='ltr'>enim</span> <span class='ocrx_word' id='word_1_694' title='bbox 2008 1541 2096 1577; x_wconf 88' lang='lat' dir='ltr'>idem</span> 
     </span>
     <span class='ocr_line' id='line_1_97' title="bbox 1158 1588 2095 1634; baseline 0.002 -10"><span class='ocrx_word' id='word_1_695' title='bbox 1158 1591 1232 1624; x_wconf 87' lang='lat' dir='ltr'>Rex</span> <span class='ocrx_word' id='word_1_696' title='bbox 1249 1600 1308 1632; x_wconf 88' lang='lat' dir='ltr'>pro</span> <span class='ocrx_word' id='word_1_697' title='bbox 1319 1590 1523 1624; x_wconf 84' lang='lat' dir='ltr'>reformanda</span> <span class='ocrx_word' id='word_1_698' title='bbox 1534 1588 1591 1623; x_wconf 82' lang='lat' dir='ltr'>sibi</span> <span class='ocrx_word' id='word_1_699' title='bbox 1612 1601 1691 1634; x_wconf 90' lang='lat' dir='ltr'>pace</span> <span class='ocrx_word' id='word_1_700' title='bbox 1701 1591 1844 1626; x_wconf 90' lang='lat' dir='ltr'>Francos</span> <span class='ocrx_word' id='word_1_701' title='bbox 1856 1613 1867 1630; x_wconf 91' lang='lat'>,</span> <span class='ocrx_word' id='word_1_702' title='bbox 1891 1591 1934 1625; x_wconf 89' lang='lat' dir='ltr'>de</span> <span class='ocrx_word' id='word_1_703' title='bbox 1955 1601 2095 1634; x_wconf 84' lang='lat' dir='ltr'>quorum</span> 
     </span>
     <span class='ocr_line' id='line_1_98' title="bbox 1157 1639 2096 1682; baseline 0 -9"><span class='ocrx_word' id='word_1_704' title='bbox 1157 1639 1301 1679; x_wconf 81' lang='lat' dir='ltr'>amicitia</span> <span class='ocrx_word' id='word_1_705' title='bbox 1311 1639 1522 1681; x_wconf 87' lang='lat' dir='ltr'>confidebat,</span> <span class='ocrx_word' id='word_1_706' title='bbox 1547 1640 1713 1682; x_wconf 78' lang='lat' dir='ltr'>operosius</span> <span class='ocrx_word' id='word_1_707' title='bbox 1736 1641 1944 1681; x_wconf 84' lang='lat' dir='ltr'>sollicitaret,</span> <span class='ocrx_word' id='word_1_708' title='bbox 1967 1642 2000 1676; x_wconf 77' lang='grc' dir='ltr'>δε</span> <span class='ocrx_word' id='word_1_709' title='bbox 2015 1642 2096 1676; x_wconf 88' lang='lat' dir='ltr'>Ele-.—</span> 
     </span>
     <span class='ocr_line' id='line_1_99' title="bbox 1157 1688 2095 1735; baseline 0.004 -13"><span class='ocrx_word' id='word_1_710' title='bbox 1157 1690 1243 1723; x_wconf 71' lang='lat' dir='ltr'>&amp;um</span> <span class='ocrx_word' id='word_1_711' title='bbox 1266 1689 1505 1723; x_wconf 89' lang='lat' dir='ltr'>Carnotensem</span> <span class='ocrx_word' id='word_1_712' title='bbox 1519 1688 1684 1721; x_wconf 76' lang='lat' dir='ltr'>didiciffet</span> <span class='ocrx_word' id='word_1_713' title='bbox 1706 1688 1983 1725; x_wconf 84' lang='lat' dir='ltr'>Christianiffimo</span> <span class='ocrx_word' id='word_1_714' title='bbox 2005 1692 2095 1735; x_wconf 87' lang='lat' dir='ltr'>Regi</span> 
     </span>
     <span class='ocr_line' id='line_1_100' title="bbox 1157 1735 2099 1783; baseline 0.004 -13"><span class='ocrx_word' id='word_1_715' title='bbox 1157 1738 1351 1771; x_wconf 87' lang='lat' dir='ltr'>familiarem</span> <span class='ocrx_word' id='word_1_716' title='bbox 1375 1737 1439 1770; x_wconf 79' lang='lat' dir='ltr'>effe</span> <span class='ocrx_word' id='word_1_717' title='bbox 1459 1747 1522 1780; x_wconf 85' lang='lat' dir='ltr'>prae</span> <span class='ocrx_word' id='word_1_718' title='bbox 1542 1735 1685 1776; x_wconf 86' lang='lat' dir='ltr'>caeteris,</span> <span class='ocrx_word' id='word_1_719' title='bbox 1711 1735 1752 1769; x_wconf 72' lang='lat' dir='ltr'>eo</span> <span class='ocrx_word' id='word_1_720' title='bbox 1775 1737 1866 1778; x_wconf 77' lang='lat' dir='ltr'>quod</span> <span class='ocrx_word' id='word_1_721' title='bbox 1893 1739 1976 1773; x_wconf 87' lang='lat' dir='ltr'>alios</span> <span class='ocrx_word' id='word_1_722' title='bbox 1996 1741 2099 1783; x_wconf 86' lang='lat' dir='ltr'>Opti·</span> 
     </span>
     <span class='ocr_line' id='line_1_101' title="bbox 1158 1784 2101 1834; baseline 0.006 -16"><span class='ocrx_word' id='word_1_723' title='bbox 1158 1796 1258 1819; x_wconf 84' lang='lat' dir='ltr'>mares</span> <span class='ocrx_word' id='word_1_724' title='bbox 1277 1785 1453 1827; x_wconf 71' lang='lat' dir='ltr'>praecedere</span> <span class='ocrx_word' id='word_1_725' title='bbox 1474 1784 1617 1819; x_wconf 89' lang='lat' dir='ltr'>creditur</span> <span class='ocrx_word' id='word_1_726' title='bbox 1633 1785 1669 1819; x_wconf 93' lang='lat' dir='ltr'>in</span> <span class='ocrx_word' id='word_1_727' title='bbox 1682 1786 1800 1820; x_wconf 88' lang='lat' dir='ltr'>timore</span> <span class='ocrx_word' id='word_1_728' title='bbox 1824 1787 2011 1823; x_wconf 88' lang='lat' dir='ltr'>Domini&amp;</span> <span class='ocrx_word' id='word_1_729' title='bbox 2025 1801 2101 1834; x_wconf 87' lang='lat' dir='ltr'>ope-</span> 
     </span>
     <span class='ocr_line' id='line_1_102' title="bbox 1158 1834 2100 1884; baseline 0.004 -15"><span class='ocrx_word' id='word_1_730' title='bbox 1158 1834 1246 1869; x_wconf 88' lang='lat' dir='ltr'>ribus</span> <span class='ocrx_word' id='word_1_731' title='bbox 1267 1834 1450 1879; x_wconf 63' lang='lat' dir='ltr'>sapientia,</span> <span class='ocrx_word' id='word_1_732' title='bbox 1475 1835 1600 1870; x_wconf 86' lang='lat' dir='ltr'>acceffit</span> <span class='ocrx_word' id='word_1_733' title='bbox 1624 1835 1664 1869; x_wconf 93' lang='lat' dir='ltr'>ad</span> <span class='ocrx_word' id='word_1_734' title='bbox 1695 1846 1769 1869; x_wconf 89' lang='lat' dir='ltr'>eum</span> <span class='ocrx_word' id='word_1_735' title='bbox 1791 1838 1993 1872; x_wconf 67' lang='lat' dir='ltr'>affectuofius</span> <span class='ocrx_word' id='word_1_736' title='bbox 2030 1841 2100 1884; x_wconf 88' lang='lat' dir='ltr'>sup-</span> 
     </span>
     <span class='ocr_line' id='line_1_103' title="bbox 1159 1885 2097 1929; baseline 0.006 -11"><span class='ocrx_word' id='word_1_737' title='bbox 1159 1885 1302 1929; x_wconf 80' lang='lat' dir='ltr'>plicans,</span> <span class='ocrx_word' id='word_1_738' title='bbox 1329 1894 1367 1919; x_wconf 88' lang='lat' dir='ltr'>ut</span> <span class='ocrx_word' id='word_1_739' title='bbox 1387 1895 1463 1920; x_wconf 89' lang='lat' dir='ltr'>eum</span> <span class='ocrx_word' id='word_1_740' title='bbox 1488 1885 1714 1920; x_wconf 86' lang='lat' dir='ltr'>reconciliaret</span> <span class='ocrx_word' id='word_1_741' title='bbox 1735 1885 1887 1921; x_wconf 90' lang='lat' dir='ltr'>Domino</span> <span class='ocrx_word' id='word_1_742' title='bbox 1910 1889 1968 1923; x_wconf 90' lang='lat' dir='ltr'>suo</span> <span class='ocrx_word' id='word_1_743' title='bbox 1982 1912 1993 1929; x_wconf 86' lang='lat'>,</span> <span class='ocrx_word' id='word_1_744' title='bbox 2020 1901 2097 1924; x_wconf 90' lang='lat' dir='ltr'>cum</span> 
     </span>
     <span class='ocr_line' id='line_1_104' title="bbox 1158 1934 2098 1984; baseline 0.005 -15"><span class='ocrx_word' id='word_1_745' title='bbox 1158 1946 1225 1976; x_wconf 92' lang='lat' dir='ltr'>quo</span> <span class='ocrx_word' id='word_1_746' title='bbox 1247 1935 1282 1969; x_wconf 90' lang='lat'>&amp;</span> <span class='ocrx_word' id='word_1_747' title='bbox 1307 1946 1462 1978; x_wconf 87' lang='lat' dir='ltr'>proquo,</span> <span class='ocrx_word' id='word_1_748' title='bbox 1489 1934 1512 1968; x_wconf 84' lang='lat' dir='ltr'>si</span> <span class='ocrx_word' id='word_1_749' title='bbox 1528 1936 1688 1977; x_wconf 76' lang='lat' dir='ltr'>placeret,</span> <span class='ocrx_word' id='word_1_750' title='bbox 1715 1946 1843 1980; x_wconf 86' lang='lat' dir='ltr'>paratus</span> <span class='ocrx_word' id='word_1_751' title='bbox 1857 1947 1923 1972; x_wconf 87' lang='lat' dir='ltr'>erat</span> <span class='ocrx_word' id='word_1_752' title='bbox 1935 1939 1970 1971; x_wconf 91' lang='lat' dir='ltr'>in</span> <span class='ocrx_word' id='word_1_753' title='bbox 1985 1938 2098 1984; x_wconf 62' lang='lat' dir='ltr'>AEgyv</span> 
     </span>
     <span class='ocr_line' id='line_1_105' title="bbox 1161 1982 2097 2030; baseline 0.007 -13"><span class='ocrx_word' id='word_1_754' title='bbox 1161 1982 1251 2027; x_wconf 86' lang='lat' dir='ltr'>ptum</span> <span class='ocrx_word' id='word_1_755' title='bbox 1265 1985 1442 2026; x_wconf 88' lang='lat' dir='ltr'>proficisci.</span> <span class='ocrx_word' id='word_1_756' title='bbox 1473 1985 1602 2019; x_wconf 68' lang='lat' dir='ltr'>Electus</span> <span class='ocrx_word' id='word_1_757' title='bbox 1623 1983 1701 2020; x_wconf 75' lang='lat' dir='ltr'>vei-6</span> <span class='ocrx_word' id='word_1_758' title='bbox 1714 2010 1727 2027; x_wconf 93' lang='lat'>,</span> <span class='ocrx_word' id='word_1_759' title='bbox 1753 1997 1788 2021; x_wconf 89' lang='lat' dir='ltr'>ut</span> <span class='ocrx_word' id='word_1_760' title='bbox 1800 1986 1876 2030; x_wconf 76' lang='lat' dir='ltr'>pote</span> <span class='ocrx_word' id='word_1_761' title='bbox 1897 1988 1947 2021; x_wconf 88' lang='lat' dir='ltr'>vir</span> <span class='ocrx_word' id='word_1_762' title='bbox 1959 1989 2097 2030; x_wconf 86' lang='lat' dir='ltr'>pruden-</span> 
     </span>
     <span class='ocr_line' id='line_1_106' title="bbox 1160 2034 2096 2082; baseline 0.009 -16"><span class='ocrx_word' id='word_1_763' title='bbox 1160 2034 1316 2073; x_wconf 86' lang='lat' dir='ltr'>tiffimus,</span> <span class='ocrx_word' id='word_1_764' title='bbox 1344 2035 1457 2069; x_wconf 88' lang='lat' dir='ltr'>volens</span> <span class='ocrx_word' id='word_1_765' title='bbox 1482 2036 1569 2070; x_wconf 91' lang='lat' dir='ltr'>verbi</span> <span class='ocrx_word' id='word_1_766' title='bbox 1591 2035 1727 2071; x_wconf 77' lang='lat' dir='ltr'>latebras</span> <span class='ocrx_word' id='word_1_767' title='bbox 1737 2036 2000 2081; x_wconf 78' lang='lat' dir='ltr'>sibiprofundius</span> <span class='ocrx_word' id='word_1_768' title='bbox 2021 2051 2096 2082; x_wconf 61' lang='lat' dir='ltr'>apes</span> 
     </span>
     <span class='ocr_line' id='line_1_107' title="bbox 1161 2083 2095 2132; baseline 0.007 -16"><span class='ocrx_word' id='word_1_769' title='bbox 1161 2083 1236 2123; x_wconf 88' lang='lat' dir='ltr'>riri,</span> <span class='ocrx_word' id='word_1_770' title='bbox 1262 2083 1306 2117; x_wconf 86' lang='lat' dir='ltr'>est</span> <span class='ocrx_word' id='word_1_771' title='bbox 1321 2095 1384 2125; x_wconf 89' lang='lat' dir='ltr'>ne,</span> <span class='ocrx_word' id='word_1_772' title='bbox 1410 2085 1517 2128; x_wconf 88' lang='lat' dir='ltr'>inquit</span> <span class='ocrx_word' id='word_1_773' title='bbox 1530 2111 1541 2126; x_wconf 92' lang='lat'>‚</span> <span class='ocrx_word' id='word_1_774' title='bbox 1555 2097 1663 2121; x_wconf 87' lang='lat' dir='ltr'>verum</span> <span class='ocrx_word' id='word_1_775' title='bbox 1676 2111 1688 2127; x_wconf 92' lang='lat'>,</span> <span class='ocrx_word' id='word_1_776' title='bbox 1714 2087 1805 2132; x_wconf 91' lang='lat' dir='ltr'>quod</span> <span class='ocrx_word' id='word_1_777' title='bbox 1816 2087 1951 2128; x_wconf 82' lang='lat' dir='ltr'>dicitis,</span> <span class='ocrx_word' id='word_1_778' title='bbox 1972 2098 2008 2122; x_wconf 93' lang='lat' dir='ltr'>ut</span> <span class='ocrx_word' id='word_1_779' title='bbox 2019 2100 2095 2123; x_wconf 79' lang='lat' dir='ltr'>cum</span> 
     </span>
     <span class='ocr_line' id='line_1_108' title="bbox 1159 2133 2095 2180; baseline 0.006 -12"><span class='ocrx_word' id='word_1_780' title='bbox 1159 2145 1200 2168; x_wconf 90' lang='lat' dir='ltr'>eo</span> <span class='ocrx_word' id='word_1_781' title='bbox 1221 2133 1327 2167; x_wconf 88' lang='lat' dir='ltr'>velitis</span> <span class='ocrx_word' id='word_1_782' title='bbox 1348 2134 1394 2168; x_wconf 90' lang='lat' dir='ltr'>ire</span> <span class='ocrx_word' id='word_1_783' title='bbox 1419 2134 1688 2180; x_wconf 87' lang='lat' dir='ltr'>Hierosolymam</span> <span class='ocrx_word' id='word_1_784' title='bbox 1709 2139 1722 2171; x_wconf 91' lang='lat'>?</span> <span class='ocrx_word' id='word_1_785' title='bbox 1748 2137 1797 2172; x_wconf 87' lang='lat' dir='ltr'>At</span> <span class='ocrx_word' id='word_1_786' title='bbox 1811 2138 1873 2173; x_wconf 77' lang='lat' dir='ltr'>lille</span> <span class='ocrx_word' id='word_1_787' title='bbox 1893 2150 1901 2170; x_wconf 92' lang='lat'>:</span> <span class='ocrx_word' id='word_1_788' title='bbox 1929 2136 2014 2173; x_wconf 86' lang='lat' dir='ltr'>nihil</span> <span class='ocrx_word' id='word_1_789' title='bbox 2037 2146 2095 2174; x_wconf 73' lang='lat' dir='ltr'>un&#39;-</span> 
     </span>
     <span class='ocr_line' id='line_1_109' title="bbox 1160 2183 2095 2231; baseline 0.007 -12"><span class='ocrx_word' id='word_1_790' title='bbox 1160 2194 1256 2227; x_wconf 84' lang='lat' dir='ltr'>quam</span> <span class='ocrx_word' id='word_1_791' title='bbox 1270 2183 1332 2218; x_wconf 73' lang='lat' dir='ltr'>feci</span> <span class='ocrx_word' id='word_1_792' title='bbox 1343 2184 1521 2227; x_wconf 74' lang='lat' dir='ltr'>libentius,</span> <span class='ocrx_word' id='word_1_793' title='bbox 1547 2188 1568 2220; x_wconf 83' lang='lat' dir='ltr'>fi</span> <span class='ocrx_word' id='word_1_794' title='bbox 1582 2187 1736 2231; x_wconf 81' lang='lat' dir='ltr'>placuerit</span> <span class='ocrx_word' id='word_1_795' title='bbox 1763 2188 1916 2223; x_wconf 87' lang='lat' dir='ltr'>Domino</span> <span class='ocrx_word' id='word_1_796' title='bbox 1935 2199 2010 2224; x_wconf 87' lang='lat' dir='ltr'>meo</span> <span class='ocrx_word' id='word_1_797' title='bbox 2022 2214 2033 2230; x_wconf 88' lang='lat'>,</span> <span class='ocrx_word' id='word_1_798' title='bbox 2058 2190 2095 2226; x_wconf 76' lang='grc' dir='ltr'>δε</span> 
     </span>
     <span class='ocr_line' id='line_1_110' title="bbox 1159 2234 2096 2283; baseline 0.01 -18"><span class='ocrx_word' id='word_1_799' title='bbox 1159 2243 1211 2266; x_wconf 91' lang='lat' dir='ltr'>me</span> <span class='ocrx_word' id='word_1_800' title='bbox 1232 2234 1410 2276; x_wconf 81' lang='lat' dir='ltr'>permiserit</span> <span class='ocrx_word' id='word_1_801' title='bbox 1425 2235 1631 2273; x_wconf 79' lang='lat' dir='ltr'>domuimeae</span> <span class='ocrx_word' id='word_1_802' title='bbox 1643 2237 1835 2282; x_wconf 83' lang='lat' dir='ltr'>disponere,</span> <span class='ocrx_word' id='word_1_803' title='bbox 1860 2240 1894 2274; x_wconf 87' lang='lat'>&amp;</span> <span class='ocrx_word' id='word_1_804' title='bbox 1906 2238 2015 2273; x_wconf 85' lang='lat' dir='ltr'>liberis</span> <span class='ocrx_word' id='word_1_805' title='bbox 2025 2249 2096 2283; x_wconf 80' lang='lat' dir='ltr'>pro-</span> 
     </span>
     <span class='ocr_line' id='line_1_111' title="bbox 1159 2279 2094 2333; baseline 0.011 -19"><span class='ocrx_word' id='word_1_806' title='bbox 1159 2279 1281 2316; x_wconf 88' lang='lat' dir='ltr'>videre.</span> <span class='ocrx_word' id='word_1_807' title='bbox 1309 2281 1520 2318; x_wconf 85' lang='lat' dir='ltr'>Carnotenfis</span> <span class='ocrx_word' id='word_1_808' title='bbox 1529 2298 1639 2320; x_wconf 83' lang='lat' dir='ltr'>autem</span> <span class='ocrx_word' id='word_1_809' title='bbox 1652 2311 1663 2326; x_wconf 91' lang='lat'>,</span> <span class='ocrx_word' id='word_1_810' title='bbox 1676 2289 1730 2321; x_wconf 89' lang='lat' dir='ltr'>etfi</span> <span class='ocrx_word' id='word_1_811' title='bbox 1742 2289 1858 2323; x_wconf 87' lang='lat' dir='ltr'>dolum</span> <span class='ocrx_word' id='word_1_812' title='bbox 1868 2289 2094 2333; x_wconf 86' lang='lat' dir='ltr'>suspicaretur,</span> 
     </span>
     <span class='ocr_line' id='line_1_112' title="bbox 1159 2331 2096 2384; baseline 0.011 -19"><span class='ocrx_word' id='word_1_813' title='bbox 1159 2331 1223 2366; x_wconf 84' lang='lat' dir='ltr'>haec</span> <span class='ocrx_word' id='word_1_814' title='bbox 1237 2331 1348 2367; x_wconf 85' lang='lat' dir='ltr'>retulit</span> <span class='ocrx_word' id='word_1_815' title='bbox 1367 2332 1453 2378; x_wconf 87' lang='lat' dir='ltr'>Regi</span> <span class='ocrx_word' id='word_1_816' title='bbox 1473 2335 1696 2376; x_wconf 78' lang='lat' dir='ltr'>Francorum.</span> <span class='ocrx_word' id='word_1_817' title='bbox 1726 2337 1786 2373; x_wconf 90' lang='lat' dir='ltr'>llle</span> <span class='ocrx_word' id='word_1_818' title='bbox 1797 2339 2096 2384; x_wconf 81' lang='lat' dir='ltr'>autem-respondit,</span> 
     </span>
     <span class='ocr_line' id='line_1_113' title="bbox 1159 2381 2089 2432; baseline 0.014 -17"><span class='ocrx_word' id='word_1_819' title='bbox 1159 2381 1249 2425; x_wconf 91' lang='lat' dir='ltr'>quod</span> <span class='ocrx_word' id='word_1_820' title='bbox 1260 2390 1353 2426; x_wconf 84' lang='lat' dir='ltr'>turpe</span> <span class='ocrx_word' id='word_1_821' title='bbox 1373 2393 1442 2418; x_wconf 87' lang='lat' dir='ltr'>erat</span> <span class='ocrx_word' id='word_1_822' title='bbox 1463 2385 1562 2420; x_wconf 89' lang='lat' dir='ltr'>toties</span> <span class='ocrx_word' id='word_1_823' title='bbox 1582 2384 1712 2429; x_wconf 90' lang='lat' dir='ltr'>decipi,</span> <span class='ocrx_word' id='word_1_824' title='bbox 1737 2398 1799 2423; x_wconf 86' lang='lat' dir='ltr'>nec</span> <span class='ocrx_word' id='word_1_825' title='bbox 1821 2391 1852 2423; x_wconf 89' lang='lat' dir='ltr'>se</span> <span class='ocrx_word' id='word_1_826' title='bbox 1874 2390 1982 2432; x_wconf 89' lang='lat' dir='ltr'>aliqua</span> <span class='ocrx_word' id='word_1_827' title='bbox 1993 2391 2089 2428; x_wconf 68' lang='lat' dir='ltr'>ratior</span> 
     </span>
     <span class='ocr_line' id='line_1_114' title="bbox 1161 2431 2095 2479; baseline 0.009 -14"><span class='ocrx_word' id='word_1_828' title='bbox 1161 2443 1201 2466; x_wconf 91' lang='lat' dir='ltr'>ne</span> <span class='ocrx_word' id='word_1_829' title='bbox 1218 2431 1414 2467; x_wconf 87' lang='lat' dir='ltr'>crediturum</span> <span class='ocrx_word' id='word_1_830' title='bbox 1434 2443 1534 2476; x_wconf 89' lang='lat' dir='ltr'>ante,</span> <span class='ocrx_word' id='word_1_831' title='bbox 1558 2436 1699 2476; x_wconf 90' lang='lat' dir='ltr'>quodex</span> <span class='ocrx_word' id='word_1_832' title='bbox 1730 2438 1844 2471; x_wconf 86' lang='lat' dir='ltr'>animo</span> <span class='ocrx_word' id='word_1_833' title='bbox 1866 2438 1995 2472; x_wconf 85' lang='lat' dir='ltr'>locutus</span> <span class='ocrx_word' id='word_1_834' title='bbox 2019 2440 2056 2473; x_wconf 87' lang='lat' dir='ltr'>fit</span> <span class='ocrx_word' id='word_1_835' title='bbox 2077 2458 2095 2479; x_wconf 28' lang='grc' dir='ltr'>Α.</span> 
     </span>
     <span class='ocr_line' id='line_1_115' title="bbox 1158 2481 2092 2531; baseline 0.007 -16"><span class='ocrx_word' id='word_1_836' title='bbox 1158 2481 1256 2526; x_wconf 72' lang='lat' dir='ltr'>quam</span> <span class='ocrx_word' id='word_1_837' title='bbox 1267 2481 1441 2520; x_wconf 88' lang='lat' dir='ltr'>humerum</span> <span class='ocrx_word' id='word_1_838' title='bbox 1453 2485 1522 2528; x_wconf 81' lang='lat' dir='ltr'>ejus</span> <span class='ocrx_word' id='word_1_839' title='bbox 1532 2496 1626 2518; x_wconf 87' lang='lat' dir='ltr'>cruce</span> <span class='ocrx_word' id='word_1_840' title='bbox 1638 2482 1745 2520; x_wconf 86' lang='lat' dir='ltr'>videat</span> <span class='ocrx_word' id='word_1_841' title='bbox 1755 2485 1950 2531; x_wconf 78' lang='lat' dir='ltr'>insignitum</span> <span class='ocrx_word' id='word_1_842' title='bbox 1963 2513 1970 2520; x_wconf 83' lang='lat'>.</span> <span class='ocrx_word' id='word_1_843' title='bbox 1998 2486 2092 2522; x_wconf 88' lang='lat' dir='ltr'>Nam</span> 
     </span>
     <span class='ocr_line' id='line_1_116' title="bbox 1158 2530 2090 2580; baseline 0.006 -14"><span class='ocrx_word' id='word_1_844' title='bbox 1158 2532 1215 2566; x_wconf 76' lang='lat' dir='ltr'>etsi</span> <span class='ocrx_word' id='word_1_845' title='bbox 1236 2530 1301 2567; x_wconf 88' lang='lat' dir='ltr'>hoc</span> <span class='ocrx_word' id='word_1_846' title='bbox 1322 2533 1354 2567; x_wconf 93' lang='lat' dir='ltr'>ei</span> <span class='ocrx_word' id='word_1_847' title='bbox 1373 2542 1469 2568; x_wconf 86' lang='lat' dir='ltr'>antea</span> <span class='ocrx_word' id='word_1_848' title='bbox 1483 2534 1663 2576; x_wconf 88' lang='lat' dir='ltr'>promiserit</span> <span class='ocrx_word' id='word_1_849' title='bbox 1677 2558 1690 2574; x_wconf 91' lang='lat'>‚</span> <span class='ocrx_word' id='word_1_850' title='bbox 1717 2536 1892 2571; x_wconf 86' lang='lat' dir='ltr'>firmaverit</span> <span class='ocrx_word' id='word_1_851' title='bbox 1916 2537 2090 2580; x_wconf 83' lang='lat' dir='ltr'>cautione,</span> 
     </span>
     <span class='ocr_line' id='line_1_117' title="bbox 1158 2581 2095 2632; baseline 0.004 -15"><span class='ocrx_word' id='word_1_852' title='bbox 1158 2593 1222 2626; x_wconf 88' lang='lat' dir='ltr'>qua</span> <span class='ocrx_word' id='word_1_853' title='bbox 1246 2581 1412 2617; x_wconf 77' lang='lat' dir='ltr'>commissa</span> <span class='ocrx_word' id='word_1_854' title='bbox 1426 2592 1523 2617; x_wconf 88' lang='lat' dir='ltr'>nemo</span> <span class='ocrx_word' id='word_1_855' title='bbox 1547 2582 1653 2617; x_wconf 85' lang='lat' dir='ltr'>fidelis</span> <span class='ocrx_word' id='word_1_856' title='bbox 1664 2584 1728 2625; x_wconf 89' lang='lat' dir='ltr'>est,</span> <span class='ocrx_word' id='word_1_857' title='bbox 1756 2586 1790 2619; x_wconf 90' lang='lat'>&amp;</span> <span class='ocrx_word' id='word_1_858' title='bbox 1812 2586 2000 2631; x_wconf 85' lang='lat' dir='ltr'>Religionis</span> <span class='ocrx_word' id='word_1_859' title='bbox 2015 2598 2095 2632; x_wconf 81' lang='lat' dir='ltr'>prae-</span> 
     </span>
     <span class='ocr_line' id='line_1_118' title="bbox 1155 2631 2094 2677; baseline 0.006 -12"><span class='ocrx_word' id='word_1_860' title='bbox 1155 2631 1236 2667; x_wconf 23' lang='lat' dir='ltr'>vstitae</span> <span class='ocrx_word' id='word_1_861' title='bbox 1255 2631 1476 2676; x_wconf 71' lang='lat' dir='ltr'>praevaricator</span> <span class='ocrx_word' id='word_1_862' title='bbox 1497 2643 1647 2677; x_wconf 88' lang='lat' dir='ltr'>appareat</span> <span class='ocrx_word' id='word_1_863' title='bbox 1667 2656 1678 2672; x_wconf 88' lang='lat'>‚</span> <span class='ocrx_word' id='word_1_864' title='bbox 1713 2634 1758 2668; x_wconf 89' lang='lat' dir='ltr'>ait</span> <span class='ocrx_word' id='word_1_865' title='bbox 1783 2634 1922 2671; x_wconf 85' lang='lat' dir='ltr'>stultum</span> <span class='ocrx_word' id='word_1_866' title='bbox 1944 2639 2006 2670; x_wconf 85' lang='lat' dir='ltr'>effe</span> <span class='ocrx_word' id='word_1_867' title='bbox 2030 2644 2094 2671; x_wconf 47' lang='lat' dir='ltr'>tnu·</span> 
     </span>
     <span class='ocr_line' id='line_1_119' title="bbox 1157 2681 2094 2725; baseline 0.004 -8"><span class='ocrx_word' id='word_1_868' title='bbox 1157 2682 1203 2717; x_wconf 91' lang='lat' dir='ltr'>do</span> <span class='ocrx_word' id='word_1_869' title='bbox 1223 2681 1322 2716; x_wconf 88' lang='lat' dir='ltr'>verbo</span> <span class='ocrx_word' id='word_1_870' title='bbox 1341 2681 1410 2725; x_wconf 86' lang='lat' dir='ltr'>ejus</span> <span class='ocrx_word' id='word_1_871' title='bbox 1433 2681 1552 2719; x_wconf 79' lang='lat' dir='ltr'>habere</span> <span class='ocrx_word' id='word_1_872' title='bbox 1571 2683 1671 2719; x_wconf 81' lang='lat' dir='ltr'>fidem</span> <span class='ocrx_word' id='word_1_873' title='bbox 1693 2709 1700 2717; x_wconf 90' lang='lat'><strong>.</strong></span> <span class='ocrx_word' id='word_1_874' title='bbox 1719 2684 1869 2720; x_wconf 82' lang='lat' dir='ltr'>Pronior</span> <span class='ocrx_word' id='word_1_875' title='bbox 1890 2697 1998 2720; x_wconf 86' lang='lat' dir='ltr'>tamen</span> <span class='ocrx_word' id='word_1_876' title='bbox 2031 2686 2094 2721; x_wconf 80' lang='lat' dir='ltr'>suit</span> 
     </span>
     <span class='ocr_line' id='line_1_120' title="bbox 1157 2729 2090 2770; baseline 0.003 -3"><span class='ocrx_word' id='word_1_877' title='bbox 1157 2732 1276 2767; x_wconf 83' lang='lat' dir='ltr'>exinde</span> <span class='ocrx_word' id='word_1_878' title='bbox 1305 2729 1347 2765; x_wconf 85' lang='lat' dir='ltr'>ad</span> <span class='ocrx_word' id='word_1_879' title='bbox 1377 2732 1590 2768; x_wconf 87' lang='lat' dir='ltr'>concordiam</span> <span class='ocrx_word' id='word_1_880' title='bbox 1612 2733 1788 2769; x_wconf 86' lang='lat' dir='ltr'>ineundam</span> <span class='ocrx_word' id='word_1_881' title='bbox 1808 2757 1815 2765; x_wconf 86' lang='lat'>-</span> <span class='ocrx_word' id='word_1_882' title='bbox 1844 2736 1945 2769; x_wconf 87' lang='lat' dir='ltr'>Nunc</span> <span class='ocrx_word' id='word_1_883' title='bbox 1980 2746 2090 2770; x_wconf 86' lang='lat' dir='ltr'>autern</span> 
     </span>
     <span class='ocr_line' id='line_1_121' title="bbox 1157 2781 2094 2827; baseline 0.004 -10"><span class='ocrx_word' id='word_1_884' title='bbox 1157 2793 1232 2817; x_wconf 90' lang='lat' dir='ltr'>cum</span> <span class='ocrx_word' id='word_1_885' title='bbox 1253 2781 1406 2823; x_wconf 74' lang='lat' dir='ltr'>audisset,</span> <span class='ocrx_word' id='word_1_886' title='bbox 1434 2782 1524 2827; x_wconf 88' lang='lat' dir='ltr'>quod</span> <span class='ocrx_word' id='word_1_887' title='bbox 1548 2784 1628 2819; x_wconf 89' lang='lat' dir='ltr'>dum</span> <span class='ocrx_word' id='word_1_888' title='bbox 1649 2783 1714 2818; x_wconf 77' lang='lat' dir='ltr'>ha’c</span> <span class='ocrx_word' id='word_1_889' title='bbox 1737 2784 1962 2826; x_wconf 89' lang='lat' dir='ltr'>promitteret,</span> <span class='ocrx_word' id='word_1_890' title='bbox 1991 2785 2094 2822; x_wconf 69' lang='lat' dir='ltr'>Picta-</span> 
     </span>
     <span class='ocr_line' id='line_1_122' title="bbox 1157 2831 2092 2880; baseline 0.004 -14"><span class='ocrx_word' id='word_1_891' title='bbox 1157 2844 1215 2866; x_wconf 90' lang='lat' dir='ltr'>vos</span> <span class='ocrx_word' id='word_1_892' title='bbox 1237 2833 1463 2876; x_wconf 87' lang='lat' dir='ltr'>aggrederetur</span> <span class='ocrx_word' id='word_1_893' title='bbox 1486 2857 1498 2871; x_wconf 86' lang='lat'>,</span> <span class='ocrx_word' id='word_1_894' title='bbox 1522 2834 1605 2867; x_wconf 84' lang='lat' dir='ltr'>adeo</span> <span class='ocrx_word' id='word_1_895' title='bbox 1626 2831 1773 2867; x_wconf 84' lang='lat' dir='ltr'>turbatus</span> <span class='ocrx_word' id='word_1_896' title='bbox 1794 2833 1838 2867; x_wconf 88' lang='lat' dir='ltr'>est</span> <span class='ocrx_word' id='word_1_897' title='bbox 1859 2859 1870 2875; x_wconf 92' lang='lat'>,</span> <span class='ocrx_word' id='word_1_898' title='bbox 1907 2844 1943 2869; x_wconf 87' lang='lat' dir='ltr'>ut</span> <span class='ocrx_word' id='word_1_899' title='bbox 1970 2835 2000 2869; x_wconf 91' lang='lat' dir='ltr'>ei</span> <span class='ocrx_word' id='word_1_900' title='bbox 2035 2846 2092 2880; x_wconf 88' lang='lat' dir='ltr'>per</span> 
     </span>
     <span class='ocr_line' id='line_1_123' title="bbox 1159 2880 2089 2928; baseline 0.003 -12"><span class='ocrx_word' id='word_1_901' title='bbox 1159 2882 1310 2916; x_wconf 86' lang='lat' dir='ltr'>Nuncios</span> <span class='ocrx_word' id='word_1_902' title='bbox 1331 2883 1404 2917; x_wconf 86' lang='lat' dir='ltr'>suos</span> <span class='ocrx_word' id='word_1_903' title='bbox 1423 2880 1710 2916; x_wconf 63' lang='lat' dir='ltr'>denunciaverit&amp;</span> <span class='ocrx_word' id='word_1_904' title='bbox 1732 2883 1772 2917; x_wconf 87' lang='lat' dir='ltr'>ad</span> <span class='ocrx_word' id='word_1_905' title='bbox 1798 2884 2004 2928; x_wconf 88' lang='lat' dir='ltr'>colloquium</span> <span class='ocrx_word' id='word_1_906' title='bbox 2021 2896 2089 2919; x_wconf 86' lang='lat' dir='ltr'>non</span> 
     </span>
     <span class='ocr_line' id='line_1_124' title="bbox 1158 2929 2094 2978; baseline 0.005 -13"><span class='ocrx_word' id='word_1_907' title='bbox 1158 2940 1350 2971; x_wconf 89' lang='lat' dir='ltr'>venturum,</span> <span class='ocrx_word' id='word_1_908' title='bbox 1379 2929 1437 2963; x_wconf 85' lang='lat' dir='ltr'>nisi</span> <span class='ocrx_word' id='word_1_909' title='bbox 1462 2931 1528 2974; x_wconf 87' lang='lat' dir='ltr'>ipse</span> <span class='ocrx_word' id='word_1_910' title='bbox 1559 2931 1813 2968; x_wconf 70' lang='lat' dir='ltr'>Pictavienfibus</span> <span class='ocrx_word' id='word_1_911' title='bbox 1834 2935 1980 2969; x_wconf 88' lang='lat' dir='ltr'>securum</span> <span class='ocrx_word' id='word_1_912' title='bbox 2016 2942 2094 2978; x_wconf 73' lang='lat' dir='ltr'>prae-</span> 
     </span>
     <span class='ocr_line' id='line_1_125' title="bbox 1157 2980 2090 3027; baseline 0.004 -13"><span class='ocrx_word' id='word_1_913' title='bbox 1157 2980 1230 3015; x_wconf 92' lang='lat' dir='ltr'>beat</span> <span class='ocrx_word' id='word_1_914' title='bbox 1250 2989 1495 3022; x_wconf 89' lang='lat' dir='ltr'>commeatum,</span> <span class='ocrx_word' id='word_1_915' title='bbox 1520 2981 1621 3016; x_wconf 89' lang='lat' dir='ltr'>&amp;det</span> <span class='ocrx_word' id='word_1_916' title='bbox 1632 2983 1776 3023; x_wconf 80' lang='lat' dir='ltr'>obfides,</span> <span class='ocrx_word' id='word_1_917' title='bbox 1801 2985 1888 3027; x_wconf 89' lang='lat' dir='ltr'>quod</span> <span class='ocrx_word' id='word_1_918' title='bbox 1904 2996 1964 3018; x_wconf 91' lang='lat' dir='ltr'>nec</span> <span class='ocrx_word' id='word_1_919' title='bbox 1980 2984 2014 3017; x_wconf 91' lang='lat' dir='ltr'>in</span> <span class='ocrx_word' id='word_1_920' title='bbox 2029 2985 2090 3024; x_wconf 87' lang='lat' dir='ltr'>itu,</span> 
     </span>
     <span class='ocr_line' id='line_1_126' title="bbox 1158 3030 2089 3077; baseline 0.003 -13"><span class='ocrx_word' id='word_1_921' title='bbox 1158 3042 1217 3065; x_wconf 87' lang='lat' dir='ltr'>nec</span> <span class='ocrx_word' id='word_1_922' title='bbox 1236 3041 1349 3071; x_wconf 89' lang='lat' dir='ltr'>mora,</span> <span class='ocrx_word' id='word_1_923' title='bbox 1374 3041 1435 3066; x_wconf 87' lang='lat' dir='ltr'>nec</span> <span class='ocrx_word' id='word_1_924' title='bbox 1453 3030 1579 3071; x_wconf 89' lang='lat' dir='ltr'>reditu,</span> <span class='ocrx_word' id='word_1_925' title='bbox 1605 3031 1669 3075; x_wconf 88' lang='lat' dir='ltr'>ipse</span> <span class='ocrx_word' id='word_1_926' title='bbox 1687 3034 1736 3067; x_wconf 89' lang='lat' dir='ltr'>vel</span> <span class='ocrx_word' id='word_1_927' title='bbox 1760 3035 1806 3067; x_wconf 82' lang='lat' dir='ltr'>sui</span> <span class='ocrx_word' id='word_1_928' title='bbox 1831 3035 1973 3077; x_wconf 78' lang='lat' dir='ltr'>aliquam</span> <span class='ocrx_word' id='word_1_929' title='bbox 1985 3034 2030 3069; x_wconf 87' lang='lat' dir='ltr'>eis</span> <span class='ocrx_word' id='word_1_930' title='bbox 2043 3035 2089 3067; x_wconf 89' lang='lat' dir='ltr'>in·</span> 
     </span>
     <span class='ocr_line' id='line_1_127' title="bbox 1155 3079 2087 3128; baseline 0.002 -14"><span class='ocrx_word' id='word_1_931' title='bbox 1155 3082 1250 3114; x_wconf 89' lang='lat' dir='ltr'>ferret</span> <span class='ocrx_word' id='word_1_932' title='bbox 1271 3079 1448 3115; x_wconf 86' lang='lat' dir='ltr'>laefionem.</span> <span class='ocrx_word' id='word_1_933' title='bbox 1476 3082 1518 3115; x_wconf 85' lang='lat' dir='ltr'>Et</span> <span class='ocrx_word' id='word_1_934' title='bbox 1535 3082 1599 3122; x_wconf 72' lang='lat' dir='ltr'>jam</span> <span class='ocrx_word' id='word_1_935' title='bbox 1618 3093 1741 3116; x_wconf 86' lang='lat' dir='ltr'>certum</span> <span class='ocrx_word' id='word_1_936' title='bbox 1766 3085 1810 3118; x_wconf 85' lang='lat' dir='ltr'>est</span> <span class='ocrx_word' id='word_1_937' title='bbox 1825 3110 1835 3124; x_wconf 89' lang='lat'>‚</span> <span class='ocrx_word' id='word_1_938' title='bbox 1862 3085 1952 3128; x_wconf 86' lang='lat' dir='ltr'>quod</span> <span class='ocrx_word' id='word_1_939' title='bbox 1967 3085 1987 3118; x_wconf 84' lang='lat' dir='ltr'>fi</span> <span class='ocrx_word' id='word_1_940' title='bbox 2003 3083 2087 3117; x_wconf 84' lang='lat' dir='ltr'>salva.</span> 
     </span>
     <span class='ocr_line' id='line_1_128' title="bbox 1156 3129 2088 3175; baseline 0.002 -11"><span class='ocrx_word' id='word_1_941' title='bbox 1156 3129 1324 3166; x_wconf 86' lang='lat' dir='ltr'>honestate</span> <span class='ocrx_word' id='word_1_942' title='bbox 1345 3130 1484 3175; x_wconf 88' lang='lat' dir='ltr'>potuerit</span> <span class='ocrx_word' id='word_1_943' title='bbox 1505 3131 1523 3163; x_wconf 72' lang='lat' dir='ltr'>a</span> <span class='ocrx_word' id='word_1_944' title='bbox 1538 3132 1787 3168; x_wconf 83' lang='lat' dir='ltr'>conditionibus</span> <span class='ocrx_word' id='word_1_945' title='bbox 1810 3135 1948 3173; x_wconf 79' lang='lat' dir='ltr'>refiiire,</span> <span class='ocrx_word' id='word_1_946' title='bbox 1973 3143 2088 3175; x_wconf 81' lang='lat' dir='ltr'>oppor-</span> 
     </span>
     <span class='ocr_line' id='line_1_129' title="bbox 1154 3181 2084 3228; baseline 0 -14"><span class='ocrx_word' id='word_1_947' title='bbox 1154 3181 1293 3216; x_wconf 88' lang='lat' dir='ltr'>tunitate</span> <span class='ocrx_word' id='word_1_948' title='bbox 1312 3182 1468 3224; x_wconf 87' lang='lat' dir='ltr'>temporis</span> <span class='ocrx_word' id='word_1_949' title='bbox 1491 3191 1654 3224; x_wconf 82' lang='lat' dir='ltr'>gratanter</span> <span class='ocrx_word' id='word_1_950' title='bbox 1668 3194 1789 3218; x_wconf 86' lang='lat' dir='ltr'>utetur.</span> <span class='ocrx_word' id='word_1_951' title='bbox 1821 3186 1902 3218; x_wconf 89' lang='lat' dir='ltr'>Sunt</span> <span class='ocrx_word' id='word_1_952' title='bbox 1916 3183 2012 3217; x_wconf 88' lang='lat' dir='ltr'>etiam</span> <span class='ocrx_word' id='word_1_953' title='bbox 2025 3182 2084 3228; x_wconf 82' lang='lat' dir='ltr'>qui</span> 
     </span>
     <span class='ocr_line' id='line_1_130' title="bbox 1155 3230 2088 3275; baseline 0.002 -11"><span class='ocrx_word' id='word_1_954' title='bbox 1155 3241 1289 3273; x_wconf 89' lang='lat' dir='ltr'>putent,</span> <span class='ocrx_word' id='word_1_955' title='bbox 1313 3230 1403 3275; x_wconf 90' lang='lat' dir='ltr'>quod</span> <span class='ocrx_word' id='word_1_956' title='bbox 1417 3231 1489 3264; x_wconf 82' lang='lat' dir='ltr'>Rex</span> <span class='ocrx_word' id='word_1_957' title='bbox 1504 3231 1633 3275; x_wconf 71' lang='lat' dir='ltr'>Anglkae</span> <span class='ocrx_word' id='word_1_958' title='bbox 1649 3234 1739 3267; x_wconf 87' lang='lat' dir='ltr'>nullo</span> <span class='ocrx_word' id='word_1_959' title='bbox 1751 3233 1850 3267; x_wconf 91' lang='lat' dir='ltr'>modo</span> <span class='ocrx_word' id='word_1_960' title='bbox 1875 3243 1997 3266; x_wconf 86' lang='lat' dir='ltr'>tantam</span> <span class='ocrx_word' id='word_1_961' title='bbox 2017 3233 2088 3274; x_wconf 85' lang='lat' dir='ltr'>pos-</span> 
     </span>
     <span class='ocr_line' id='line_1_131' title="bbox 1152 3275 2086 3326; baseline 0.003 -13"><span class='ocrx_word' id='word_1_962' title='bbox 1152 3281 1187 3314; x_wconf 73' lang='lat' dir='ltr'>sit</span> <span class='ocrx_word' id='word_1_963' title='bbox 1209 3280 1431 3326; x_wconf 87' lang='lat' dir='ltr'>ignominiam</span> <span class='ocrx_word' id='word_1_964' title='bbox 1455 3281 1606 3315; x_wconf 80' lang='lat' dir='ltr'>sustinere</span> <span class='ocrx_word' id='word_1_965' title='bbox 1628 3307 1638 3321; x_wconf 86' lang='lat'>,</span> <span class='ocrx_word' id='word_1_966' title='bbox 1666 3293 1701 3316; x_wconf 88' lang='lat' dir='ltr'>ut</span> <span class='ocrx_word' id='word_1_967' title='bbox 1722 3283 1771 3317; x_wconf 88' lang='lat' dir='ltr'>his</span> <span class='ocrx_word' id='word_1_968' title='bbox 1794 3293 1903 3325; x_wconf 90' lang='lat' dir='ltr'>pacem</span> <span class='ocrx_word' id='word_1_969' title='bbox 1929 3282 1961 3315; x_wconf 89' lang='lat'>&amp;</span> <span class='ocrx_word' id='word_1_970' title='bbox 1986 3275 2086 3317; x_wconf 73' lang='lat' dir='ltr'>castra</span> 
     </span>
     <span class='ocr_line' id='line_1_132' title="bbox 1152 3328 2091 3374; baseline 0.001 -10"><span class='ocrx_word' id='word_1_971' title='bbox 1152 3342 1228 3364; x_wconf 91' lang='lat' dir='ltr'>cum</span> <span class='ocrx_word' id='word_1_972' title='bbox 1252 3329 1371 3364; x_wconf 82' lang='lat' dir='ltr'>caeteris</span> <span class='ocrx_word' id='word_1_973' title='bbox 1392 3328 1508 3363; x_wconf 84' lang='lat' dir='ltr'>ablatis</span> <span class='ocrx_word' id='word_1_974' title='bbox 1526 3332 1690 3365; x_wconf 80' lang='lat' dir='ltr'>restituere</span> <span class='ocrx_word' id='word_1_975' title='bbox 1703 3331 1931 3373; x_wconf 88' lang='lat' dir='ltr'>compellatur,</span> <span class='ocrx_word' id='word_1_976' title='bbox 1960 3332 2015 3374; x_wconf 90' lang='lat' dir='ltr'>qui</span> <span class='ocrx_word' id='word_1_977' title='bbox 2041 3332 2091 3365; x_wconf 87' lang='lat' dir='ltr'>in·</span> 
     </span>
     <span class='ocr_line' id='line_1_133' title="bbox 1152 3379 2088 3426; baseline 0.002 -13"><span class='ocrx_word' id='word_1_978' title='bbox 1152 3382 1343 3414; x_wconf 84' lang='lat' dir='ltr'>terfecerunt</span> <span class='ocrx_word' id='word_1_979' title='bbox 1356 3389 1502 3422; x_wconf 87' lang='lat' dir='ltr'>proceres</span> <span class='ocrx_word' id='word_1_980' title='bbox 1512 3381 1586 3426; x_wconf 74' lang='lat' dir='ltr'>suos</span> <span class='ocrx_word' id='word_1_981' title='bbox 1596 3405 1607 3421; x_wconf 87' lang='lat'>,</span> <span class='ocrx_word' id='word_1_982' title='bbox 1633 3382 1665 3414; x_wconf 87' lang='lat'>&amp;</span> <span class='ocrx_word' id='word_1_983' title='bbox 1675 3379 1790 3414; x_wconf 81' lang='lat' dir='ltr'>honori</span> <span class='ocrx_word' id='word_1_984' title='bbox 1800 3381 1834 3414; x_wconf 72' lang='grc' dir='ltr'>ὅτ.</span> <span class='ocrx_word' id='word_1_985' title='bbox 1846 3380 2007 3415; x_wconf 90' lang='lat' dir='ltr'>voluntati</span> <span class='ocrx_word' id='word_1_986' title='bbox 2021 3381 2088 3424; x_wconf 80' lang='lat' dir='ltr'>ejus</span> 
     </span>
     <span class='ocr_line' id='line_1_134' title="bbox 1153 3428 2092 3478; baseline -0.003 -11"><span class='ocrx_word' id='word_1_987' title='bbox 1153 3441 1240 3467; x_wconf 83' lang='lat' dir='ltr'>tanta</span> <span class='ocrx_word' id='word_1_988' title='bbox 1261 3428 1471 3470; x_wconf 82' lang='lat' dir='ltr'>contumacia</span> <span class='ocrx_word' id='word_1_989' title='bbox 1493 3430 1677 3478; x_wconf 67' lang='lat' dir='ltr'>restiterunt</span> <span class='ocrx_word' id='word_1_990' title='bbox 1697 3454 1705 3460; x_wconf 89' lang='lat'><strong>.</strong></span> <span class='ocrx_word' id='word_1_991' title='bbox 1743 3430 1833 3465; x_wconf 90' lang='lat' dir='ltr'>Solet</span> <span class='ocrx_word' id='word_1_992' title='bbox 1852 3431 1944 3466; x_wconf 89' lang='lat' dir='ltr'>enim</span> <span class='ocrx_word' id='word_1_993' title='bbox 1973 3432 2092 3472; x_wconf 72' lang='lat' dir='ltr'>impro-</span> 
     </span>
    </p>
   </div>
   <div class='ocr_carea' id='block_1_9' title="bbox 1685 3478 2053 3529">
    <p class='ocr_par' dir='ltr' id='par_1_9' title="bbox 1685 3478 2053 3529">
     <span class='ocr_line' id='line_1_135' title="bbox 1685 3478 2053 3529; baseline 0.005 -16"><span class='ocrx_word' id='word_1_994' title='bbox 1685 3478 1722 3513; x_wconf 87' lang='lat' dir='ltr'>T</span> <span class='ocrx_word' id='word_1_995' title='bbox 1773 3489 1793 3529; x_wconf 89' lang='lat'>3</span> <span class='ocrx_word' id='word_1_996' title='bbox 1994 3480 2053 3515; x_wconf 87' lang='lat' dir='ltr'>bus</span> 
     </span>
    </p>
   </div>
  </div>
 </body>
</html>
