2358 3776
481 112 519 157 s.
568 108 859 172 THoMAE
904 106 1299 155 CAN-TUAR.
1348 105 1489 152 ΜΒ.
1537 110 1607 156 11.

1848 131 1945 179 ‚241

65 203 142 240 inde
162 205 340 247 perceperat
358 222 368 239 ,
403 199 480 234 solis
504 199 654 234 Eccleliis
675 200 773 232 etiam
803 195 997 240 pauperibus
1047 195 1102 238 1&
1122 195 1168 229 eis
1187 192 1376 228 constanter
1400 193 1434 228 ὅ(
1454 195 1589 229 firmiter
1607 206 1824 245 proponatis„
1843 206 1919 250 quia
1940 218 2019 250 per-.-

63 252 223 298 erogavit.
253 249 316 284 Sed
329 248 393 284 hoc
414 250 524 284 credat
551 250 678 293 Judaeus
690 247 815 292 apella,
841 256 1000 289 nonego.

64 299 247 338 Cardinalis
267 310 375 334 autern
400 299 594 338 subintulit,
618 297 708 343 quod
730 297 786 330 nisi
802 297 868 330 alio
889 306 999 328 utatur

62 349 200 387 consilio
215 373 225 389 ,
249 351 281 384 &
304 362 381 384 cum
396 350 532 384 Ecclesia
548 349 612 383 Dei
635 347 746 381 mitius
763 358 858 391 agat,
884 345 998 379 omnia

62 399 280 435 districtius&
304 400 402 436 citius
422 400 519 442 quam
541 399 649 433 credat
664 422 677 438 ,
701 396 742 431 ab
761 397 820 429 illo
835 395 999 438 requirent

64 453 157 486 Deus
182 450 366 485 &Ecclesia
389 450 475 492 ejus.
503 449 546 485 Et
557 449 599 482 sic
611 457 741 490 accepta
754 445 886 480 lieentia
908 444 1000 479 abeo

65 499 189 534 recessit
204 524 211 531 .
242 499 373 535 Deinde
394 494 550 536 convenit
561 509 636 532 eum
649 496 845 530 Wilhelmus
866 494 1002 538 Papien-

63 546 104 583 fis
121 560 162 583 eo
186 549 252 585 fere
275 549 397 590 modo,
425 549 477 585 sed
502 550 610 584 semen
635 546 723 580 verbi
744 545 811 589 ejus
823 543 942 578 cecidit
966 546 1000 578 in

63 610 215 634 arenam·
243 600 410 637 Facientes
433 608 544 634 autem
567 596 738 633 transitum
767 605 823 638 per
845 594 1002 629 Christia-

63 649 234 684 niffimum
255 650 382 694 Regem
395 649 536 683 Franciae
547 646 710 682 redierunt
723 647 759 680 in
769 644 907 689 gratiam
921 645 1002 687 ejus,

62 693 503 743 intervenientibhs'pastis,
528 706 599 741 quae
623 696 718 733 vobis
739 694 853 729 harum
876 694 1001 739 baJulus

63 747 252 786 intimabit.
279 746 495 788 Pistavi'enses
518 748 652 782 viriliter
674 753 802 792 agunt,
828 745 1003 791 &confor-

66 809 200 839 tantur‚
227 800 341 833 omnia
361 798 462 845 longe
484 797 610 842 lateque
632 795 868 842 depopulantes
891 796 1004 840 incir-

71 849 165 883 cuitu
189 848 265 882 suo.
432 847 434 849 ’

216 945 636 991 ΕΡῙῨΤΟΕΑ
732 945 846 983 clx.

100 1046 232 1084 Thomas
249 1045 479 1091 cantuariensis
493 1027 777 1092 'Archi-&ptfiopusf
801 1043 979 1082 Alexandro,
1010 1033 1013 1038 f

305 1101 340 1134 (5
354 1104 478 1144 Joanni
501 1098 658 1132 Fidelibus
678 1098 742 1141 suls
756 1124 763 1131 .

165 1199 271 1234 NTE
297 1196 467 1234 discessum
479 1199 616 1234 vestrum
636 1198 785 1234 innotuit
799 1198 911 1235 vobis,
946 1206 1008 1229 nos

188 1249 304 1284 misisse
317 1250 528 1283 canonicum
552 1248 749 1292 Regularem
772 1248 813 1282 de
827 1250 856 1281 S·
882 1248 1009 1289 Joanne

69 1298 113 1333 ad
124 1299 292 1333 Dominos
303 1298 493 1340 Cardinales
511 1309 588 1331 cum
609 1297 802 1341 transcripto
825 1297 1007 1343 litterarum

70 1347 212 1392 Domini
237 1347 331 1389 Papae
348 1346 389 1381 dc
398 1343 694 1394 excommunicatis
713 1343 832 1394 nostris
857 1343 1021 1386 subssjurar

71 1408 190 1442 mento
210 1396 416 1431 absolvendis
428 1397 461 1430 in
480 1394 565 1431 hane
575 1397 739 1442 sormam,
764 1404 802 1430 ut
824 1393 937 1428 omnia
951 1403 1010 1426 no·

70 1442 167 1481 bis&
181 1447 296 1481 nostris
315 1446 422 1481 ablata
442 1447 661 1480 restituerent.
692 1442 851 1488 Alioquin
875 1445 911 1491 in
935 1454 1011 1477 ean·

71 1495 147 1530 dem
166 1520 177 1536 ,
211 1497 245 1529 in
263 1507 326 1539 qua
349 1497 434 1538 ptius
452 1498 578 1530 fuerant
600 1521 611 1536 ,
636 1505 868 1537 reponerentur
891 1495 1012 1527 senten·

71 1546 175 1580 tiam.
202 1545 315 1580 Postea
339 1546 414 1580 vero
436 1547 517 1589 ipsas
531 1547 650 1580 litteras
668 1545 810 1579 Domini
820 1544 914 1586 Papae
937 1543 1011 1586 ipsis

71 1594 309 1629 Cardinalibus
329 1603 385 1639 per
409 1596 596 1631 Dominum
625 1593 803 1629 Osbertum
836 1592 1011 1627 Subdiaco-

73 1656 158 1679 num
181 1646 287 1679 Curiae
311 1645 472 1687 misimus,
499 1645 538 1679 ad
561 1656 640 1689 quas
658 1656 713 1688 per
726 1645 893 1688 praefatum
904 1644 1015 1677 Cano·

74 1695 191 1729 nicum
208 1695 460 1739 responderunt,
487 1696 577 1739 quod
590 1695 730 1739 praedisti
749 1692 1015 1728 excommunica-

77 1744 128 1784 ti,
153 1755 296 1788 quorum
318 1745 452 1779 nomina
463 1746 509 1779 eis
527 1745 563 1778 in
582 1744 738 1778 schedula
752 1744 1016 1787 expresseramus,

74 1804 118 1827 ex
133 1794 236 1839 Regis
262 1793 420 1827 mandato
437 1794 470 1827 δε
490 1793 559 1834 ejus
580 1791 781 1826 authoritate
805 1791 928 1824 reditus
956 1801 1018 1823 no·

74 1843 397 1877 ssros&nostrorum
421 1851 648 1885 perceperant,
674 1840 795 1873 &ideo
823 1850 890 1873 non
906 1840 1015 1882 posse,

79 1892 162 1927 dum
174 1893 210 1927 in
221 1902 301 1927 terra
312 1891 378 1935 ejus
394 1902 520 1926 moram
531 1890 691 1930 facerent,
720 1889 754 1923 in
771 1890 844 1923 illos
858 1888 1016 1931 justitiam

77 1953 227 1977 exercere
249 1966 255 1974 .
282 1941 487 1985 Adjicientes
507 1941 609 1976 etiam
633 1951 756 1974 nomen
790 1939 936 1973 nostrum
959 1938 1016 1982 ipsi

78 1991 169 2038 Regi
190 1989 273 2026 adeo
293 1992 356 2026 esse
374 1992 530 2027 odioffim
545 2016 563 2032 ‚.
584 1999 620 2024 ut
640 2001 702 2024 nec
716 1989 783 2033 -ipsi
799 2000 861 2034 nec
870 1989 944 2032 ςειΙίὶ,Δ
962 2000 1014 2022 au·

80 2042 195 2076 derent
214 2042 256 2076 de
276 2042 372 2076 nobis
396 2050 472 2076 curn
485 2034 630 2084 coinqui
647 2065 658 2081 ‚
688 2048 748 2074 nec
763 2038 839 2073 eu‘m
852 2036 1018 2082 superbis,

79 2103 153 2135 quae
176 2090 216 2126 ad
240 2103 299 2126 nos
320 2093 460 2135 spectant
483 2118 493 2133 ,
531 2091 643 2135 aliquo
663 2089 765 2123 modo
807 2088 985 2123 convenire
1012 2112 1019 2119 .

82 2143 182 2176 Dixit
203 2142 303 2176 etiam
326 2142 494 2177 Dominus
515 2144 602 2177 Otto
629 2142 683 2184 ipsi
697 2139 834 2174 Nuncio
849 2137 1022 2174 secretius,

86 2191 175 2234 quod
199 2192 298 2226 etiam
320 2192 407 2236 apud
430 2203 486 2226 vos
499 2193 654 2226 secretum
676 2191 732 2231 sit,
763 2189 889 2223 nemini
901 2198 1021 2233 praeter-

81 2241 182 2283 quam
205 2241 356 2275 Domino
378 2242 473 2285 Papae
492 2242 524 2274 &
546 2240 749 2274 fidelioribus
772 2239 888 2273 amicis
908 2238 1022 2272 nostris

82 2290 293 2325 revelandum
307 2315 317 2330 ‚
345 2292 421 2333 quia
435 2302 495 2335 pto
517 2288 626 2324 nihilo
647 2288 814 2324 mandaret
838 2290 885 2323 eis
908 2288 1024 2322 Domi-

88 2352 152 2375 nus
167 2339 254 2384 Papa
271 2339 396 2384 aliquid
410 2339 597 2384 hujusmodi
611 2364 622 2380 ,
650 2340 739 2384 quod
754 2341 829 2373 esset
840 2349 952 2372 contra
962 2338 1024 2371 Re-

87 2402 181 2435 gem,
210 2401 306 2434 quem
327 2390 406 2425 dum
428 2401 553 2424 moram
580 2391 723 2423 facerent
755 2391 790 2423 in
815 2398 897 2423 terra
934 2388 989 2421 sua
1015 2409 1027 2427 ,

85 2451 149 2473 nec
161 2451 218 2482 pro
230 2440 300 2482 ipso
322 2438 427 2483 Papa,
454 2451 515 2474 nec
529 2450 586 2483 pro
597 2439 662 2479 alio
675 2450 750 2472 eum
768 2437 876 2482 aliqua
899 2437 1026 2471 ratione

84 2489 289 2523 offenderent
303 2514 310 2521 .
344 2490 387 2523 Et
409 2487 485 2523 ideo
508 2489 711 2524 omnimodis
732 2489 863 2532 expedit
882 2512 893 2528 ,
922 2487 1027 2520 immo

88 2539 257 2584 plusquam
280 2539 489 2573 neceffarium
508 2539 575 2577 est,
602 2549 638 2573 ut
654 2549 790 2573 omnem
813 2537 910 2582 quam
936 2547 1024 2580 pote-

90 2588 159 2623 ritis
172 2613 182 2627 ,
208 2598 339 2632 operam
362 2586 565 2629 adhibeatis,
590 2589 624 2622 &
643 2599 702 2631 pro
715 2587 837 2622 viribus
860 2588 944 2631 apud
959 2588 1025 2621 Do·

91 2639 221 2673 minum
235 2638 357 2682 Papam
368 2637 534 2678 efficiatis,
562 2638 721 2679 quatenus
740 2635 823 2680 [πρὸ
844 2637 924 2671 dieti
947 2637 1030 2670 Car-

93 2688 222 2722 dinales
246 2696 459 2728 revocentur,
486 2688 517 2722 ἔ(
530 2689 547 2720 a
570 2697 650 2721 terra
663 2697 731 2720 tota
744 2686 840 2730 ipsius
853 2685 956 2730 Regis
971 2686 1029 2719 sub

92 2748 196 2781 poenae
217 2737 483 2772 interminatione
503 2738 591 2772 exire
613 2735 875 2786 compellantur.
915 2735 977 2769 Sed
998 2736 1032 2768 &

94 2788 136 2821 de
160 2787 382 2822 Londoniensi
406 2789 439 2823 δι
460 2787 684 2823 Saresberienfi
709 2786 896 2825 memoriter
927 2795 1031 2819 tenea-

95 2838 163 2877 tis,
189 2838 221 2871 δε
242 2837 364 2872 efficere
389 2838 559 2883 satagatis,
585 2837 673 2879 quod
694 2836 788 2871 vobis
803 2835 1030 2878 injunximus.

99 2886 237 2920 Litteras
259 2889 354 2922 etiam
367 2888 508 2923 Domini
534 2887 636 2931 Regis
659 2897 718 2930 pro
742 2885 838 2920 nobis
857 2910 867 2926 ,
896 2886 929 2919 ἀ
952 2884 1031 2919 litte·

99 2946 149 2970 ras
171 2936 397 2972 Cardinalium
425 2963 436 2979 ‚
471 2949 549 2981 quas
570 2949 625 2981 per
652 2946 861 2980 praetaxatum
889 2935 1034 2969 Canoni-

100 2996 177 3020 cum
202 2986 295 3020 nobis
317 2988 472 3022 miserunt
490 3013 500 3029 ,
537 2988 569 3021 ἃ
592 2987 709 3021 litteras
731 2985 870 3020 Domini
895 2985 1033 3021 Ottonis

102 3035 264 3078 privatas,
291 3047 369 3079 quas
391 3038 422 3071 &
445 3038 527 3080 apud
552 3049 608 3071 vos
630 3038 769 3080 privatas
790 3037 852 3069 else
869 3035 1033 3076 volumus,

101 3083 253 3120 Domino
267 3085 357 3129 Papae
367 3086 533 3121 dumtaxat
552 3086 788 3126 ostendendas,
814 3097 868 3129 per
879 3085 1033 3120 Latorem

102 3135 303 3177 praesentium
326 3135 417 3169 vobis
434 3138 591 3170 mittimus
610 3161 616 3167 .
655 3138 709 3171 Ad
731 3135 798 3170 haec
818 3136 1032 3181 significatum

102 3184 149 3217 est
171 3184 267 3218 nobis
286 3196 340 3227 per
361 3185 503 3226 aliquem
517 3210 527 3225 ,
553 3186 629 3230 quia
650 3185 740 3228 juxta
766 3186 856 3230 quod
894 3186 1033 3219 Wilhel·

104 3244 177 3269 mus
201 3232 365 3277 Papiensis
383 3235 531 3279 suggeffit
545 3236 628 3279 Regi
645 3259 656 3275 ,
681 3237 714 3271 &
735 3236 818 3270 forte
843 3235 915 3269 aliis
938 3260 949 3276 ,
977 3236 1033 3268 nisi

106 3283 304 3327 pra-senfiffet
327 3285 368 3319 de
389 3286 558 3318 voluntate
589 3286 728 3319 Domini
749 3285 841 3329 Papae
863 3297 921 3319 nos
945 3286 1032 3329 posse

106 3332 290 3372 transferri,
318 3334 350 3367 id
389 3336 555 3377 nunquam
579 3335 651 3367 Rex
674 3336 707 3368 in
725 3347 792 3380 quo
817 3334 917 3369 modo
950 3336 994 3369 est
1023 3359 1033 3374 ,

108 3383 304 3425 propositum
328 3383 504 3426 arripuisset
531 3409 541 3424 ,
568 3394 626 3417 nec
649 3385 682 3417 in
704 3396 744 3419 eo
766 3384 896 3420 stetisset
924 3410 931 3417 .
969 3385 1032 3419 Ve-

54 3461 57 3462 ⁷
109 3431 179 3468 rum
199 3432 277 3466 sciat
298 3434 464 3467 Dominus
477 3432 674 3477 Papa&alii
687 3435 781 3469 amici
793 3435 917 3477 nostri,
943 3436 1032 3480 quod

180 3485 198 3515 ’ἶ
208 3481 313 3523 Christ}
326 3483 405 3526 Lupi
413 3487 511 3527 Opera
522 3487 600 3517 Tom.
620 3486 659 3518 X.

1068 245 1272 279 mitteremus
1291 255 1353 279 nos
1375 244 1485 287 potius
1509 245 1672 287 interfici,
1700 251 1790 287 Deus
1805 258 1924 297 novit,
1952 259 2009 301 qui

1068 296 1225 329 scrutator
1246 293 1292 328 est
1315 294 1465 329 cordium
1478 320 1488 335 ‚
1515 296 1613 339 quam
1627 308 1809 339 pateremur
1822 307 1909 340 [1032
1936 307 2018 341 Ma„

1069 355 1117 379 tre
1140 343 1247 378 nostra
1269 343 1493 379 Cantuarienfi
1515 345 1656 382 Ecclesia
1680 358 1754 381 cum
1775 351 1839 385 vita
1871 357 1966 390 avelli
1993 357 2016 397 ,“

1068 404 1143 428 cum
1166 405 1227 427 nos
1248 395 1418 428 enutrierit
1438 395 1471 430 &
1494 397 1684 431 exaltaverit
1704 398 1739 430 in
1777 408 1818 431 eo
1840 405 1928 441 quod
1960 407 2009 440 su-

1070 455 1158 479 mus.
1187 443 1295 479 Unde
1316 445 1420 488 &pro
1444 445 1552 479 nihilo
1574 447 1613 480 ad
1642 447 1675 481 id
1699 457 1829 490 operam
1861 450 1974 486 darent
2000 444 2022 494 ‚'

1070 496 1146 537 quia
1169 494 1268 530 citius
1291 495 1431 538 quodvis
1445 494 1623 531 subiremus
1644 497 1837 533 discrimen.
1866 498 2023 541 Adjicia-·

1070 544 1110 578 tis
1130 544 1228 579 etiam
1245 569 1256 585 ,
1283 545 1360 588 quia
1380 545 1400 579 si
1420 557 1488 579 non
1511 546 1588 582 esset
1612 547 1725 588 aliud,
1754 548 1811 582 nisi
1838 549 1928 593 quod
1955 561 2012 584 au-

1071 595 1133 629 fert
1156 592 1261 641 homo
1285 594 1343 629 ille
1366 595 1571 638 possessiones
1592 597 1743 632 Ecclefiae
1774 598 1890 633 nostrae
1930 623 1941 640 ‚
1978 599 2033 633 &z

1071 644 1206 678 'aliarum
1229 644 1438 680 Ecclefiarum
1454 646 1487 679 in
1500 644 1670 686 terrailla,
1699 648 1869 682 mallemus
1883 673 1894 689 ‚
1921 650 2032 684 Deus.

1072 695 1153 735 scit,
1181 694 1266 729 mori
1288 695 1400 737 quavis
1424 706 1551 736 morte,
1576 696 1673 740 quam
1697 699 1831 741 turpiter
1866 699 1973 732 vivere
2000 723 2013 739 ,

1074 744 1143 788 ipso
1159 755 1220 777 nec
1242 743 1374 786 impune
1394 746 1539 786 ferente,
1566 747 1599 781 &
1625 746 1770 781 debitam
1793 748 1811 781 a
1835 747 1930 783 nobis
1941 759 2034 793 poeffi

1072 805 1171 837 nam,
1197 794 1254 828 nisi
1267 793 1353 830 forte
1375 795 1586 839 satisfecerit,
1612 808 1682 832 non
1694 808 1898 842 reportante.

2029 875 2038 894 )

1249 894 1282 928 E
1308 893 1335 928 P
1357 895 1372 930 1
1399 896 1421 929 S
1446 896 1483 930 T
1508 898 1542 931 Ο
1570 897 1598 932 L
1626 896 1659 931 A
1760 897 1848 936 CX.

1164 999 1308 1040 Joaennes
1334 995 1552 1039 Saeresberienfis
1581 997 1721 1042 Magistro
1758 998 1916 1057 Baldirino

1078 1071 1081 1076 .
1115 1084 1117 1086 Ι
1400 1046 1488 1080 Archi
1506 1065 1518 1074 ·
1531 1051 1661 1083 Diacono
1672 1074 1679 1082 .

1183 1144 1226 1179 131
1252 1146 1293 1181 de
1315 1146 1403 1182 seriis
1425 1149 1558 1199 agitur,
1581 1162 1685 1195 nugas
1705 1149 1923 1194 multiplicare
1941 1160 2042 1193 norrf

1198 1195 1349 1239 expedit.
1378 1199 1589 1241 Erindecens
1610 1202 1898 1246 estrufMedicorum
1926 1210 2035 1243 more)

1076 1243 1262 1286 fallacium,
1290 1246 1366 1279 cum
1387 1248 1475 1280 aliud
1502 1250 1669 1294 necessitas
1687 1251 1818 1295 exigit,
1843 1250 1957 1283 amicis
1974 1249 2035 1291 im.

1049 1339 1052 1343 y
1077 1293 1266 1341 digentibus
1287 1295 1382 1327 verba
1402 1295 1478 1328 dare
1500 1308 1559 1338 pro
1579 1298 1675 1331 rebus
1701 1322 1709 1329 .
1750 1298 1853 1330 Nosti
1894 1298 2022 1340 pridem

1079 1342 1299 1377 nominalium
1322 1352 1455 1381 tuorum
1483 1344 1525 1378 co
1549 1343 1634 1386 mihi
1663 1345 1923 1393 minus-placere
1956 1348 2025 1380 sen-

1078 1391 1240 1433 tentiam,
1266 1391 1358 1436 quod
1379 1393 1414 1427 in
1438 1394 1643 1430 sermonibus
1665 1406 1736 1431 tota
1763 1390 1938 1430 consistens
1962 1397 2027 1430 uti·

1080 1442 1204 1477 litatem
1221 1453 1332 1490 rerum
1354 1455 1439 1489 ¹².in
1454 1445 1658 1489 assumpserit
1682 1471 1694 1487 ,
1709 1458 1809 1481 «cum
1843 1456 1968 1492 cerrum
1983 1447 2028 1479 sa-

1081 1492 1243 1537 pientibus
1266 1503 1303 1525 ac
1328 1491 1504 1527 indubium
1521 1494 1559 1541 fit
1582 1519 1603 1540 ,ζ
1631 1490 1727 1539 quod
1744 1507 1791 1529 res
1817 1489 1929 1538 quaerit
1951 1493 2029 1527 Phi-

1083 1541 1248 1588 losophia,
1268 1553 1346 1576 -non
1358 1536 1482 1585 ‘letha-f,
1497 1539 1663 1589 'Ut'ergo
1686 1543 1851 1590 copiosius
1873 1553 2046 1594 agamtex

1081 1603 1156 1628 cum
1179 1602 1326 1630 meorum
1352 1592 1635 1643 ¹⁸939„R.<²³¹il¹⁰¹2
1661 1599 1702 1641 ομ
1714 1591 1858 1642 litteris}
1882 1607 2027 1643 ququo-

1082 1642 1145 1676 stro
1157 1641 1336 1691 Benedifto
1350 1640 1491 1691 ‘iissQt
1499 1644 1596 1691 sunt,
1612 1644 1758 1692 .c,olliggs
1779 1646 1814 1691 ,in
1840 1657 1907 1690 quo
1921 1645 2028 1680 calcu-

1082 1693 1116 1725 lo
1140 1692 1246 1726 caussa
1268 1687 1608 1740 Sacerdogiixversetur
1628 1694 1671 1737 βε,
1685 1694 1815 1738 Regni„
1842 1695 1968 1730 Tibivv
2016 1695 2026 1706 “

1082 1739 1263 1789 specialiter
1283 1735 1649 1789 >sigfrib‘eu-dum>censui⁹
1677 1737 1925 1786 quod‘intetim
1959 1755 2018 1789 gra

1083 1790 1153 1824 vius
1175 1787 1497 1825 exulcerat‘anim'am
1508 1787 1614 1826 meam
1629 1817 1639 1832 ‚
1667 1793 1700 1827 ὅ(
1714 1804 1772 1827 cot
1787 1789 1883 1827 tuum
1898 1819 1908 1835 ,
1935 1803 1972 1828 ut
1985 1806 2034 1828 ar-

1083 1839 1208 1880 bitror,
1236 1838 1382 1874 acerbius
1404 1850 1496 1881 uret,
1524 1842 1546 1874 fi
1566 1852 1676 1876 tamen
1701 1854 1815 1877 verum
1840 1843 1885 1877 est
1900 1868 1911 1884 ,
1938 1841 2031 1887 quod

1083 1890 1123 1923 de
1144 1889 1342 1934 Vigornensi
1369 1892 1479 1924 nostro
1491 1892 1525 1925 in
1538 1891 1670 1926 auribus
1684 1894 1868 1927 multorum
1882 1893 2031 1938 divulga-

1085 1940 1130 1973 vit
1149 1939 1232 1972 fama
1245 1940 1421 1973 celebrior.
1450 1940 1582 1975 Dicitur
1595 1942 1706 1984 enim,
1736 1942 1827 1986 quod
1844 1943 2032 1985 impruden·

1084 1988 1149 2023 tius
1168 1988 1373 2048 versatusxest
1396 1989 1548 2037 incaussa
1558 1990 1665 2027 Archi
1696 1992 1855 2036 Episcopi
1881 1993 1914 2026 &
1938 1993 2030 2027 Con·

1084 2038 1340 2080 sectatorissul‘,
1366 2044 1503 2076 conatus
1515 2049 1609 2077 ex‘eo
1622 2043 1654 2076 in
1667 2009 1833 2087 Jraesentia
1848 2042 2030 2087 Episcopo-

1087 2101 1156 2122 rum
1170 2090 1203 2123 &
1224 2089 1363 2123 aliorum
1375 2090 1493 2125 docere
1503 2094 1641 2128 caussam
1656 2093 1800 2128 Domini
1813 2092 2031 2127 Cantuarien-

1087 2140 1125 2173 sis
1147 2150 1214 2173 non
1228 2138 1291 2173 niti
1313 2138 1353 2173 de
1390 2141 1569 2176 sinceritate
1593 2142 1721 2184 justitia:
1749 2169 1760 2185 ‚
1787 2154 1846 2178 nec
1881 2142 2029 2177 Ecclesiae

1087 2199 1222 2233 quaerere
1238 2188 1443 2230 libertatem,
1470 2192 1522 2226 sed
1549 2193 1721 2227 dumtaxat
1746 2205 1816 2238 quae
1841 2195 1895 2227 sua
1919 2194 1992 2227 sunt
2020 2217 2032 2233 ,

1088 2249 1156 2272 non
1179 2249 1250 2279 quae
1270 2239 1343 2281 Jesu
1363 2238 1504 2282 Christi;
1533 2242 1608 2283 quia
1633 2244 1749 2278 cedere
1789 2255 1858 2278 non
1897 2243 1969 2277 vult
1992 2253 2032 2276 ea

1088 2286 1280 2323 conditione
1309 2311 1320 2327 ,
1356 2298 1392 2321 ut
1415 2288 1488 2322 Rex
1513 2292 1668 2333 perpetuo
1688 2293 1847 2326 concedat
1882 2292 2032 2327 Ecclesiae

1088 2337 1233 2372 debitam
1256 2336 1457 2371 libertatem.
1489 2340 1621 2374 Dicitur
1640 2343 1740 2375 etiarn
1760 2342 1910 2386 adjecisse
1931 2342 2036 2376 insul-

1089 2388 1192 2423 tando
1216 2388 1248 2421 se
1269 2396 1413 2430 paratum
1435 2390 1497 2422 effe
1522 2391 1714 2425 renunciare
1734 2392 1947 2435 Episcopatui
1972 2392 2034 2426 suo

1092 2438 1149 2472 sub
1166 2436 1284 2471 eodem
1308 2439 1415 2480 pasto.
1442 2439 1567 2485 Qod,
1595 2451 1631 2473 ut
1651 2441 1741 2483 ajunt
1755 2465 1765 2480 ,
1794 2452 1856 2474 nec
1876 2441 1943 2474 illis
1967 2441 2035 2483 pla-

1091 2488 1182 2528 cuit,
1208 2486 1266 2535 qui
1286 2485 1371 2521 hanc
1392 2489 1566 2532 puritatem
1589 2489 1683 2532 ipsius
1716 2487 1890 2524 audierunt
1915 2514 1926 2529 ‚
1954 2499 2033 2524 cum

1093 2548 1152 2581 pro
1172 2538 1305 2580 persona
1328 2537 1468 2571 dicentis
1491 2548 1588 2579 quam
1609 2538 1793 2583 diligebant
1816 2564 1827 2579 ,
1863 2540 1895 2573 ἀ
1919 2540 2034 2583 opina·

1093 2588 1211 2622 bantur
1241 2587 1376 2621 sanioris
1395 2588 1456 2620 else
1489 2587 1670 2622 consilii&
1706 2589 1887 2623 voluntatis
1914 2612 1923 2628 ‚
1960 2599 2032 2623 tum

1093 2637 1168 2681 quia
1191 2636 1408 2680 perniciosum
1429 2636 1506 2669 esset
1528 2638 1681 2681 exemplo
1705 2662 1715 2679 ‚
1742 2649 1812 2672 tum
1839 2638 1915 2681 quia
1949 2639 2034 2673 faci-

1094 2687 1125 2722 le
1147 2688 1247 2731 posset
1268 2684 1334 2719 haec
1356 2685 1498 2719 Domini
1524 2686 1629 2732 Regis
1657 2688 1843 2733 benignitas
1866 2690 2034 2730 revocari,

1094 2737 1128 2771 ἀ
1153 2736 1292 2771 Ecclesia
1312 2735 1346 2768 in
1367 2735 1561 2785 anteriorem
1584 2762 1594 2777 ,
1633 2738 1737 2772 immo
1760 2737 1952 2772 deteriorem
1981 2750 2027 2773 re·

1095 2787 1180 2822 trudi
1204 2786 1424 2868 servitutenz.
1464 2786 1550 2832 Quis
1579 2787 1669 2821 enim
1692 2789 1822 2823 auderet
1854 2788 1895 2822 de
1916 2797 2033 2823 caetero

1097 2837 1291 2880 proclamare
1311 2835 1391 2868 inm
1417 2846 1551 2870 ertatem
1589 2838 1606 2869 ,ἔ
1642 2839 1729 2885 Quis
1760 2839 1900 2872 caussam
1937 2838 2034 2872 susci-

1096 2897 1187 2939 rare,-,
1210 2887 1244 2919 in
1267 2896 1329 2928 qua
1353 2885 1387 2919 &
1410 2896 1469 2928 pro
1490 2898 1553 2930 qua
1577 2891 1774 2922 meminisset
1796 2899 1924 2923 tantum
1948 2888 2030 2922 ceci-

1095 2931 1176 2971 dm!
1195 2935 1392 2970 Pontificem
1420 2936 1433 2968 ,²
1466 2935 1543 2971 Alia
1572 2938 1617 2971 est
1653 2938 1820 2982 quaerenda
1851 2940 1903 2972 via
1938 2938 2031 2972 liber-

1064 2995 1068 2997 ·
1088 2986 1172 3020 ‘tatis
1206 3010 1217 3025 ,
1253 2985 1344 3019 aliud
1364 2986 1534 3020 consilium
1557 2989 1674 3031 poterit
1695 2989 1809 3022 amicis
1846 2989 1996 3021 intimare
2022 3000 2031 3019 t

1097 3035 1141 3068 Et
1161 3059 1170 3074 ‚
1196 3035 1217 3067 fi
1242 3033 1336 3075 vult,
1362 3036 1500 3078 experiri
1521 3037 1556 3071 in
1581 3039 1612 3071 se
1633 3039 1702 3080 ipso
1723 3063 1734 3079 ,
1762 3050 1803 3073 an
1829 3038 1978 3071 Ecclesiae
1999 3037 2031 3071 &

1099 3084 1310 3128 Episcopatus
1346 3085 1393 3119 sui
1414 3086 1457 3119 fic
1496 3088 1588 3130 possit
1626 3088 1779 3121 redimere
1819 3087 1997 3122 libertatem
2027 3112 2033 3118 .

1096 3135 1185 3182 Qia
1210 3133 1334 3178 prouta
1360 3134 1646 3170 Cantuarienlibus
1665 3137 1790 3178 didici,
1817 3137 1919 3170 Archi
1938 3135 2029 3178 -Epi-

1097 3186 1209 3227 scopus
1233 3182 1310 3218 huic
1333 3184 1472 3218 consilio
1503 3197 1568 3219 non
1593 3185 1799 3228 adquiescet,
1842 3198 1901 3220 nec
1925 3186 2031 3226 aliqua

1099 3235 1303 3278 promissione
1315 3235 1345 3268 se
1359 3236 1467 3269 deludi
1480 3236 1617 3278 patietur
1633 3261 1642 3275 ‚
1669 3249 1703 3271 ut
1717 3249 1770 3271 aut
1786 3244 1943 3280 permutet
1958 3233 2031 3276 Epi·

1099 3285 1263 3328 scopatum
1276 3309 1287 3325 ,
1312 3285 1390 3318 sicut
1403 3285 1499 3318 alicui
1516 3285 1694 3319 moliuntur
1705 3312 1715 3327 ,
1731 3297 1784 3320 aut
1796 3284 1918 3319 desistat
1933 3283 1949 3315 a
1963 3293 2034 3326 pro-

1100 3335 1263 3368 secutione
1285 3334 1362 3376 juris
1387 3333 1433 3366 sui
1457 3357 1468 3373 ,
1495 3344 1551 3369 aut
1574 3348 1686 3379 pacem
1708 3337 1803 3369 faciat
1827 3333 2033 3366 manentibus

1097 3382 1386 3418 consuetudinibus
1412 3407 1422 3421 ‚
1451 3384 1541 3427 super
1578 3386 1695 3428 quibus
1715 3383 1928 3418 controversia
1961 3393 2033 3416 orta

1099 3434 1163 3469 est.
1192 3433 1271 3467 Haec
1294 3430 1416 3467 idcirco
1440 3433 1501 3468 tibi
1527 3435 1628 3478 scripsi
1656 3459 1666 3475 ‚
1704 3445 1737 3466 ut
1759 3434 1780 3466 si
1815 3433 2037 3477 opportunita-

1689 3482 1721 3517 X
1929 3491 1996 3515 tem
