2358 3776
526 65 568 111 S.
617 57 912 110 THOMAE
961 50 1357 107 CANTHAR‘.
1407 56 1541 105 LIB.
1580 60 1648 110 11.

109 150 227 198 Siquid
238 152 386 195 deliquit,
410 143 568 195 inquiunt
587 172 600 189 ,
626 145 797 182 malorum
814 141 997 185 inexperti,
1020 143 1056 178 ὃς

113 200 390 250 quibusnandum
401 211 526 236 certum
535 198 603 240 est,
628 208 710 232 eum?
723 203 836 233 contra
870 191 1058 249 Dominum

115 254 273 296 inestque
284 250 477 295 deliquisse,
501 248 733 292 autcondigna
757 242 975 281 satisfafflone
989 255 1057 278 non

116 301 261 349 pirgaff'e
274 301 428 336 delistum
441 326 448 333 .
474 301 564 335 Bene
576 324 587 340 ,
613 299 767 340 inquam,
789 304 868 330 cum
878 293 924 327 eis
934 293 1057 338 agitur,
1086 299 1087 302 ’

112 351 412 396 fi'praedicationi&
435 350 634 387 attestationi
659 345 908 382 eorumrveritas
918 342 1022 378 subest
1048 368 1056 377 .

109 403 172 438 Sed
184 403 298 446 quidsi
324 403 472 446 pariter,⁴
486 400 575 446 quod
601 397 769 434 Dominus
788 395 875 439 Papa
894 393 977 428 dicit
989 418 1000 434 ,
1024 395 1057 428 &

110 452 255 487 Ecclesia
265 452 420 487 Romana
442 449 623 496 cognovit,
648 447 684 482 in
710 447 850 491 scripto,
875 444 966 487 quod
978 442 1058 479 illuc
1088 441 1089 444 ’

109 502 391 538 ττιῃΐιῐιὶῐΐιιιηοίὲ
404 527 417 543 ,
436 499 667 536 mentiuntur?
693 496 776 532 Non
788 495 834 530 est
853 492 895 529 de
905 503 1021 529 caetero
1047 517 1060 536 ,

107 552 223 588 dilecte
233 554 302 594 mi,
328 552 628 598 quod'querantur,
655 546 806 592 quiahoc
824 543 939 585 dulci,
964 545 1056 589 quod

111 604 288 646 praedicant
308 627 320 643 ,
352 601 568 645 correptionis
587 598 746 642 obsequio
766 596 786 630 a
807 595 902 640 Rege
923 619 935 636 ,
972 594 1060 638 quod

111 664 237 694 aequum
251 653 420 688 &bonum
441 650 538 685 fuerit
551 674 563 691 ,
588 657 741 693 poterunt
762 645 950 689 impetrare.
977 646 1060 696 Non

111 702 157 737 est
169 703 210 737 de
221 712 359 742 caetero,
382 700 473 747 quod
496 703 542 735 eis
553 701 724 745 quisquam
744 697 888 739 compati
909 694 1025 730 debeat
1051 720 1063 737 ,

113 754 172 796 qui
184 763 274 788 tanta
292 752 450 787 facilitate
471 752 602 795 possunt
624 747 798 794 procella-m
821 746 1006 790 quamlibet
1026 745 1061 779 in

114 813 226 837 auram
235 811 457 837 commutare.
483 801 547 836 Sed
559 797 767 843 nobislonge
786 797 849 832 alia
873 807 964 830 mens
977 796 1023 830 est
1053 819 1065 836 ,

116 850 281 896 quinaliud
297 851 483 895 experimur
500 874 509 883 .
538 844 582 883 Et
605 850 734 884 utinam
746 846 931 892 praedicatio
949 857 1064 880 eorum

115 901 152 936 in
164 900 263 935 nobis
282 901 492 944 impleretur,
516 900 552 934 δε
574 899 658 934 illis.
687 898 824 933 Interim
848 897 1066 942 praeelegimus

114 950 262 995 rapinam
274 949 437 986 bonorum
460 949 616 985 sustinere
639 950 673 983 in
695 948 851 993 patientia
866 972 878 988 ,
903 948 937 982 δε
958 947 1066 990 exspe-

113 1002 201 1035 &are
209 1001 267 1046 qui
277 1001 400 1036 auferat
410 1000 647 1045 iniquitatema
658 999 759 1044 Jacob
776 1023 788 1039 ,
812 999 846 1034 &
861 997 1066 1042 impietatem

115 1050 284 1093 ablsrael‚
311 1063 410 1097 quam
421 1049 580 1092 cumbis,
606 1050 663 1095 qui
673 1058 899 1085 convenerunt
913 1046 1067 1082 adversus

113 1102 326 1142 Dominum,
351 1102 386 1136 δε
414 1099 566 1136 adversus
592 1101 768 1136 Ecclesiam
805 1098 873 1142 ejus
909 1099 1070 1143 conspira-

115 1161 253 1190 verunt,
278 1151 461 1195 iniquitatis
480 1161 600 1194 ponere
622 1151 809 1195 portionem
835 1173 847 1190 ‚
883 1149 915 1183 &
938 1147 1072 1182 Divinae

119 1201 204 1245 Legi
218 1199 381 1235 bonorum
392 1200 619 1244 temporalium
635 1201 788 1235 flosculos
800 1199 960 1234 anteferre
982 1221 989 1229 .
1007 1197 1070 1232 Sed

120 1251 196 1285 finis
206 1249 425 1291 chartulaefit,
450 1250 608 1290 &verbi,
634 1260 672 1285 ut
694 1250 894 1291 ubicumque
919 1248 1070 1282 Iocorum

122 1298 180 1346 sini
191 1323 206 1342 ‚
225 1309 279 1334 me
290 1301 420 1334 noveris
430 1310 523 1334 tuum
532 1300 595 1333 esse
604 1324 615 1333 .

247 1397 278 1432 E
303 1395 331 1432 P
356 1397 371 1432 1
398 1399 420 1433 S
445 1397 484 1432 T
507 1399 541 1433 O
569 1367 602 1432 Lv
627 1396 660 1431 A
743 1395 943 1431 xxxvm.

149 1499 328 1543 Engetberro
361 1500 462 1531 Priori
487 1498 525 1532 de
550 1498 635 1531 Valle
661 1496 762 1531 Sanlh
792 1500 879 1531 Petri
900 1499 1046 1541 Joannes

472 1547 700 1590 Saresberienfis
712 1574 721 1582 .

215 1646 389 1683 AUSAM
399 1646 492 1682 exilii
503 1648 566 1682 mei
573 1659 614 1682 ex
624 1648 782 1683 relatione
791 1644 914 1683 prioris
924 1646 965 1681 de
974 1645 1074 1680 Mon-

239 1707 272 1731 te
283 1697 348 1731 Dei
361 1721 373 1738 ,
397 1698 429 1731 &
441 1708 481 1730 ex
492 1709 562 1732 mea
584 1697 679 1732 vobis
696 1708 809 1734 notam
826 1699 889 1732 effe
900 1697 1041 1731 arbitror
1067 1720 1074 1728 .

128 1748 303 1783 Uttamen
316 1747 712 1790 vobisliquidiusconstet
730 1772 741 1788 ,
765 1760 838 1782 earn
858 1747 1077 1790 paucisexpo-
1108 1754 1109 1759 ¹

128 1808 192 1832 no.
222 1795 374 1830 Domino
389 1793 613 1828 Cantuariensi
634 1796 669 1829 &
692 1795 857 1834 Ecclefiae,
884 1805 921 1827 ut
941 1793 1037 1836 potui
1064 1816 1076 1832 ,

127 1845 260 1885 adstiti,
288 1855 348 1878 nec
370 1854 500 1883 tamen,
528 1844 617 1887 quod
640 1845 844 1878 conscientia
863 1841 944 1876 teste
968 1841 1077 1876 secure

127 1897 234 1932 audeo
246 1894 411 1938 profiteri,
437 1894 624 1928 Dominum
639 1894 764 1939 Regem
790 1892 921 1939 Angliae
944 1903 987 1926 ex
1007 1903 1078 1936 pro-

128 1942 509 1991 positoinjusteoffendi.
538 1944 607 1988 lpse
618 1945 773 1978 autem&
794 1955 871 1984 me,
897 1943 930 1976 &
947 1943 1076 1976 fratrem

133 2005 245 2031 meum
254 1995 430 2038 proscripsit
444 1993 540 2028 bonis
561 1995 698 2032 nostris,
726 1995 761 2028 &
781 2004 845 2038 ego
866 1992 1004 2027 exilium
1027 2003 1079 2034 pa-

129 2047 213 2082 tior.
240 2042 331 2078 Mihi
356 2044 433 2078 vcro
451 2055 513 2078 nec
532 2054 634 2087 opes,
660 2055 721 2077 nec
747 2043 881 2091 Amici,
908 2053 968 2074 nec
991 2052 1078 2075 arma

129 2097 205 2132 sunt
215 2117 228 2134 ‚
251 2094 374 2139 quibus
381 2103 513 2128 tantum
525 2093 711 2138 Principem
724 2093 846 2127 valeam
857 2100 1044 2136 expugnare
1069 2114 1081 2132 ,

127 2158 188 2182 aut
198 2157 277 2188 quas
286 2145 329 2179 de
336 2144 544 2188 beneplacito
555 2145 613 2179 suo
627 2142 709 2178 mihi
724 2145 758 2178 ἀ
771 2143 850 2177 meis
869 2142 986 2180 infert,
1011 2150 1081 2184 pro-

127 2197 255 2242 pulsare
275 2194 424 2238 injurias.
455 2194 562 2229 Unde
580 2194 622 2229 ad
645 2195 784 2229 vestrum
804 2193 839 2227 &
859 2191 1000 2226 aliorum
1011 2192 1080 2225 san-

133 2250 258 2280 &orum
271 2245 492 2288 patrocinium
503 2246 685 2289 confugere
696 2243 820 2278 necesse
833 2240 940 2277 habeo
952 2267 962 2283 ,
983 2253 1019 2276 ut
1031 2250 1080 2274 ve·

133 2297 206 2330 stris
216 2293 492 2328 intercessionibus
504 2294 672 2339 flagellum
685 2293 819 2329 istud-ab
833 2292 973 2327 Ecclesia
986 2292 1038 2325 sua
1067 2314 1078 2331 ‚

134 2347 169 2380 ἀ
192 2345 287 2379 nobis
308 2336 666 2385 amoveatodminus,
692 2355 750 2379 aut
773 2353 942 2378 convertat
959 2342 994 2376 in
1008 2341 1081 2375 usus

133 2394 246 2431 salutis
259 2395 391 2434 nostra,
419 2402 524 2436 neque
535 2405 599 2428 nos
606 2394 744 2437 patiatur
765 2392 798 2426 in
822 2392 963 2435 procella
985 2389 1092 2435 hujus>

134 2442 403 2485 turbinisaliquid
414 2444 623 2478 committere
644 2454 758 2478 contra
779 2443 883 2487 ipsum
896 2468 906 2484 ,
933 2442 985 2476 sed
1006 2442 1082 2475 diri-

133 2503 188 2540 gat
198 2493 317 2539 gressus
329 2493 457 2527 nostros
469 2494 503 2527 in
524 2492 732 2538 beneplacito
752 2495 810 2527 suo
824 2516 833 2527 .
862 2492 1081 2535 Exspectaba‘

133 2554 207 2578 mus
218 2554 353 2587 pacem,
376 2544 411 2577 &
432 2553 510 2577 ecce
532 2544 707 2579 Ecclesiam
731 2544 796 2586 jam
815 2543 1082 2588 graviorinfesiat

106 2604 108 2609 ‘
126 2591 296 2630 turbatio.
324 2591 438 2627 Tanta
451 2593 581 2637 quidem
594 2618 604 2634 ,
630 2605 666 2628 ur
681 2594 722 2628 ad
747 2593 1004 2627 subveniendum
1018 2594 1082 2625 ina·

135 2656 179 2679 ne
190 2642 335 2679 videatur
345 2643 506 2677 auxilium
519 2643 681 2676 hominis.
709 2643 765 2677 Ad
780 2644 876 2686 pedes
897 2645 1006 2686 itaque
1019 2645 1084 2675 san-

136 2693 254 2729 ssitatis
265 2693 395 2734 vestrae,
421 2693 456 2727 ἅς
473 2693 623 2727 Fratrum
648 2692 848 2732 vestrorum,
875 2702 944 2727 tota
967 2693 1084 2726 mentis

137 2744 318 2779 devotione
326 2743 538 2787 provolutus,
564 2741 766 2777 affectuosius
787 2742 951 2785 supplico,
983 2752 1018 2775 ut
1029 2745 1086 2775 mi-

137 2794 305 2830 sereamini
315 2793 416 2827 nostri
428 2819 438 2834 ,
468 2793 579 2827 saltem
594 2805 650 2827 vos
663 2791 773 2826 Amici
787 2792 875 2833 Dei,
896 2793 930 2826 &
943 2792 1086 2826 Cantua·

138 2844 247 2878 riensis
259 2843 427 2883 Ecclesiae,
452 2843 606 2877 &meum
619 2867 630 2884 ,
654 2843 689 2877 ἀ
709 2843 830 2877 Fratris
849 2843 913 2876 mei
925 2866 936 2882 ,
967 2842 1001 2876 ἀ
1015 2853 1085 2876 coe-

141 2895 329 2929 xulantium
341 2893 436 2928 nobis
447 2917 458 2934 ,
472 2894 578 2928 vestris
594 2892 739 2936 precibus
751 2892 923 2926 sublevetis
937 2891 1083 2926 exilium.

145 2943 216 2985 Iam
226 2945 316 2978 enim
326 2944 529 2987 desperamus
540 2955 581 2977 ex
593 2943 739 2978 humano
751 2942 878 2976 auxilio
892 2968 900 2975 .
912 2942 991 2976 Hoc
1005 2953 1085 2986 quo-

143 3003 207 3036 que
226 2994 382 3028 attentius
401 2994 580 3038 deprecor,
604 3004 642 3029 ut
665 3005 724 3037 pro
744 2993 838 3038 Rege
849 2991 1088 3037 Angliaeinter-

85 3079 91 3084 ⁴
143 3042 265 3077 cedatis
285 3041 326 3076 ad
352 3044 538 3079 Dominum
552 3068 564 3085 ,
584 3055 744 3088 quatenus
764 3054 838 3078 eum
853 3043 945 3078 Deus·
957 3053 1087 3077 revocet

143 3091 184 3128 ab
197 3091 259 3127 hac
269 3092 407 3136 pressura
418 3094 568 3130 Ecclefiae
585 3119 597 3135 ‚
622 3096 656 3130 δε
670 3104 705 3129 ut
719 3094 887 3128 miserator
908 3093 1088 3135 Dominus,

144 3144 200 3186 qui
219 3142 307 3179 solus
333 3140 411 3176 huic
432 3144 548 3186 morbo
574 3144 696 3179 mederi
718 3144 819 3189 potest
833 3168 844 3185 ‚
871 3145 1089 3188 persecutores

146 3193 291 3230 Ecclesia
304 3193 364 3229 suae
375 3201 430 3227 aut
442 3203 607 3231 convertat
616 3219 628 3238 ,
654 3205 709 3231 aut
720 3204 867 3231 conterat
879 3219 888 3228 .

1892 75 1986 114 2011

1265 190 1675 228 EplsToLA
1752 197 1913 235 xxxrx,

1176 296 1302 340 Jonnes
1326 294 1367 327 de
1389 293 1566 328 saresberia
1591 292 1750 337 Raduspbo
1774 300 1812 333 de
1836 303 1985 339 mundet.

1215 444 1327 480 UOD
1354 444 1580 485 hastenustibi
1596 456 1665 480 non
1677 446 1805 492 scripsi,
1831 449 1916 483 ratio
1931 462 1972 485 ex
1991 465 2066 489 cau·

1240 497 1272 530 sa
1283 495 1408 540 duplici
1421 521 1433 538 ,
1460 497 1483 531 si
1501 506 1613 530 tamen
1627 497 1746 531 intueri
1758 498 1908 542 placeat,
1927 499 1962 532 in
1973 502 2067 537 abso·-

1120 546 1194 580 luto
1203 545 1249 579 est
1263 570 1270 577 .
1300 545 1436 588 Primo,
1463 545 1553 591 quod
1566 547 1786 590 ignorabam,
1810 560 1854 583 an
1868 549 2071 584 Reverentia

1121 606 1183 631 tuae
1205 595 1346 639 placeret
1366 597 1533 641 parvitatis
1556 607 1634 631 meae
1654 597 1775 641 scripta
1796 599 1956 643 suscipere
1973 625 1985 641 ,
2009 600 2070 644 qui

1122 646 1315 690 proscriptus
1326 658 1414 682 eram
1425 646 1581 682 violentia
1591 645 1726 690 publicae
1743 647 1917 683 Potestatis
1932 673 1944 689 ,
1968 650 2002 683 δε
2025 660 2071 683 ta-

1123 696 1161 730 lis
1174 695 1312 730 habebar
1322 698 1340 730 a
1351 697 1512 741 plerisque
1522 707 1581 740 pro
1601 697 1695 731 causa
1717 698 1859 732 Domini
1872 721 1884 738 ,
1908 699 2015 743 qualis
2026 698 2069 734 ab

1123 745 1302 787 haereticis,
1328 746 1564 788 schismaticis,
1595 747 1629 782 δε
1651 749 1948 784 excommunicatis
1968 748 2072 791 deno-

1124 795 1274 831 minabar
1286 820 1294 829 .
1320 796 1402 831 Sunt
1413 798 1504 833 enim
1524 796 1678 832 homines
1697 798 1928 842 temporalium
1947 810 2074 834 amato-

1124 858 1195 886 res,
1219 857 1301 889 quos
1312 859 1382 882 non
1394 858 1470 882 aetas
1481 847 1637 883 discernit
1647 857 1704 883 aut
1724 849 1819 883 sexus
1831 873 1842 890 ,
1869 861 1939 884 non
1958 848 2075 884 titulus

1126 896 1352 942 profeffionis‚
1378 909 1448 932 non
1472 897 1592 944 gradus
1612 898 1738 933 ordinis
1764 924 1776 941 ,
1802 911 1872 934 non
1893 899 2077 934 eminentia

1127 947 1321 993 dignitatis,
1347 959 1415 983 non
1425 949 1563 983 fortunae
1573 949 1725 984 conditio
1734 972 1746 990 ,
1770 959 1839 984 non
1863 959 1987 985 naturae
2009 948 2078 985 fere

1128 998 1164 1033 in
1176 999 1291 1033 omnia
1310 1008 1415 1033 creata
1436 999 1640 1034 dominantis
1663 999 1820 1044 impulsus
1832 1024 1849 1042 ‚-
1870 1011 1940 1035 non
1950 999 2078 1045 insigne

1129 1047 1282 1091 habitus,
1308 1059 1363 1083 aut
1375 1048 1515 1094 qualitas
1527 1050 1622 1085 vestis
1634 1051 1756 1095 excipit
1769 1074 1779 1091 ‚
1802 1050 1855 1086 sed
1869 1051 1937 1087 sola
1948 1050 2079 1086 eviden-

1129 1099 1176 1133 tia
1187 1100 1379 1134 meritorum
1389 1125 1400 1141 ‚
1426 1100 1483 1142 qui
1497 1099 1582 1135 adeo
1594 1106 1743 1136 verentur
1756 1100 1931 1144 potestates
1944 1124 1957 1143 ,
1979 1110 2017 1134 ut
2031 1099 2081 1134 ni·

1130 1150 1151 1182 si
1166 1149 1207 1183 ab
1218 1150 1264 1182 eis
1275 1150 1370 1184 venia
1381 1151 1549 1194 impetrata
1564 1176 1575 1192 ,
1587 1163 1646 1186 nec
1657 1161 1733 1186 cum
1744 1151 1815 1196 ipsa*
1825 1152 1927 1186 salute
1938 1150 2081 1186 audeant

1133 1200 1183 1233 vel
1207 1199 1306 1233 solius
1328 1199 1418 1234 verbi
1442 1199 1560 1237 habere
1582 1202 1817 1236 commercium
1837 1228 1845 1236 .
1877 1202 1921 1235 Et
1948 1198 2092 1245 quidem*

1134 1248 1268 1282 verbum
1282 1250 1351 1283 Dei>
1365 1250 1474 1284 salutis
1496 1252 1732 1285 commercium
1759 1251 1827 1290 est,
1855 1250 2084 1294 quod-urique

1133 1297 1382 1341 protestarinon
1395 1299 1519 1332 audent
1528 1309 1641 1332 coram
1663 1299 1878 1339 hominibus,
1906 1300 1960 1333 sed
1981 1300 2088 1342 impu-

1132 1357 1235 1392 gnare
1246 1348 1444 1390 praesumunt
1468 1347 1600 1391 publice
1617 1348 1843 1383 confidenter.
1871 1347 2003 1383 Deinde
2026 1359 2087 1382 ne·-

1134 1397 1297 1438 sciebam,
1322 1398 1562 1441 etsi-personam
1584 1410 1691 1432 meam
1705 1398 1740 1433 in
1754 1410 1796 1433 eo
1810 1423 1821 1439 ,
1857 1399 1948 1444 quod
1974 1399 2088 1433 Eccle-

1134 1449 1211 1482 siam
1225 1447 1494 1482 Cantuariensem
1505 1449 1629 1492 semper
1639 1449 1770 1488 amavi,
1793 1449 1826 1483 δε
1838 1459 1878 1483 ut‘
1886 1451 2000 1487 multis
2010 1451 2088 1483 con-

1135 1497 1219 1537 stat,
1245 1497 1275 1531 ei
1299 1496 1334 1530 in
1358 1498 1473 1531 multis
1494 1499 1654 1540 patienter
1675 1498 1809 1541 profui,
1836 1499 1855 1532 ὲ
1875 1507 1928 1539 te,
1958 1498 2034 1532 sicut
2047 1496 2090 1531 ab

1136 1548 1230 1585 aliis,
1258 1557 1341 1590 quos
1353 1550 1591 1590 promerueram
1606 1570 1616 1587 ,
1642 1547 1740 1581 amari
1754 1547 1955 1582 confiderem
1968 1572 1978 1588 ‚
2004 1546 2087 1593 quid

1137 1597 1178 1631 de
1190 1597 1285 1630 causa
1298 1598 1438 1640 suscepta
1452 1597 1603 1636 sentires,
1629 1598 1663 1631 δε
1676 1605 1717 1631 an
1731 1597 1817 1631 votis
1828 1598 1866 1632 &
1883 1599 1995 1632 favore
2028 1596 2101 1633 vel--

1139 1649 1183 1681 les
1194 1646 1333 1681 assistere
1343 1658 1418 1681 cum
1430 1646 1533 1681 turbis
1545 1648 1579 1682 ὅ(
1590 1646 1799 1691 Principibus
1809 1647 2092 1690 Sacerdotum,qui

1138 1695 1307 1731 Christum
1318 1697 1704 1738 Dominipersequuntur
1719 1719 1730 1735 ,
1756 1708 1798 1730 an
1821 1698 2006 1740 exspestire
2031 1695 2102 1731 no?

1139 1746 1264 1780 biscum
1278 1767 1289 1784 ,
1316 1745 1465 1779 Ecclesiae
1477 1743 1660 1778 Catholicae
1683 1744 1778 1779 Filiis
1800 1744 1878 1779 dico
1894 1770 1904 1786 ,
1931 1747 2094 1791 Regnum

1139 1793 1225 1829 Dei.
1257 1794 1310 1827 Ex
1322 1804 1391 1837 quo
1404 1804 1516 1828 autem
1531 1793 1669 1828 mihide
1690 1795 1873 1830 sinceritate
1893 1806 1949 1831 tua
1972 1794 2092 1831 consti·

1139 1845 1203 1885 tit,
1230 1852 1263 1878 te
1285 1853 1340 1887 per
1360 1843 1436 1877 illos
1463 1869 1474 1885 ,
1501 1855 1642 1888 quorum
1665 1843 1750 1878 milri
1773 1845 1853 1879 fides
1874 1846 1909 1880 in
1938 1846 2095 1882 Domino

1140 1893 1245 1928 fuerat
1266 1893 1456 1936 explorata,
1486 1905 1553 1927 non
1575 1894 1686 1929 distuli
1713 1894 1870 1929 salutare:
1898 1895 2033 1932 Habere
2053 1908 2098 1932 te-

1140 1953 1235 1984 cum,
1265 1953 1363 1986 prout
1375 1943 1573 1984 decreveris,
1602 1944 1689 1979 verbi
1703 1944 1920 1989 obsequiique
1931 1955 2098 1981 commer-

1141 1993 1249 2027 cium.
1279 1993 1368 2026 Nam
1380 1993 1422 2027 ab
1446 1992 1612 2036 Aposlolo
1634 1995 1760 2029 didici:
1788 1998 1878 2039 ,Quia
1900 1997 2024 2030 verbum
2037 2000 2095 2030 Dei

1142 2042 1247 2081 nonest
1259 2044 1414 2086 alligarm
1426 2069 1434 2076 .
1462 2044 1559 2078 Certe
1572 2056 1634 2079 nec
1655 2043 1796 2080 charitas
1811 2070 1823 2086 ,
1848 2047 2007 2090 quoniam
2034 2049 2099 2081 fot-

1141 2092 1184 2127 tis
1197 2092 1242 2126 est
1255 2102 1290 2126 ut
1304 2104 1413 2137 mors:
1439 2093 1474 2127 δε
1486 2094 1587 2128 sicubi
1610 2106 1678 2129 non
1703 2096 1902 2131 simulatoria
1916 2121 1927 2137 ,
1955 2097 2007 2132 sed
2021 2107 2095 2132 vera

1143 2143 1189 2177 est
1202 2142 1257 2192 ,ab
1272 2139 1482 2177 exhibitione
1495 2145 1598 2179 officii
1612 2146 1753 2181 coerceri
1777 2158 1847 2181 non
1871 2148 1974 2191 potest
1987 2172 1995 2180 .
2021 2148 2099 2183 Otii

1145 2203 1311 2236 torporem
1333 2194 1457 2235 nescit,
1482 2195 1515 2228 δε
1540 2195 1587 2229 sui
1612 2196 1788 2231 convincit
1811 2207 1920 2233 veram
1940 2199 2005 2232 esse
2028 2197 2100 2232 sub-

1138 2242 1299 2276 stantiam
1313 2265 1324 2282 ‚
1350 2252 1419 2276 non
1431 2243 1530 2278 verbo
1540 2245 1703 2291 &lingua
1715 2272 1727 2288 ,
1754 2247 1808 2282 sed
1821 2259 1919 2293 opere
1930 2248 1964 2283 &
1986 2248 2102 2283 verita·

1146 2302 1198 2326 te.
1220 2292 1263 2326 Et
1274 2301 1330 2325 tua
1342 2291 1477 2335 quidem
1501 2316 1513 2333 ,
1539 2305 1638 2337 quam
1662 2295 1784 2338 habes,
1811 2310 1853 2332 ex
1875 2309 1919 2333 eo
1932 2298 2100 2343 perspicua

1147 2341 1191 2376 est
1206 2367 1218 2383 ,
1243 2341 1334 2386 quod
1346 2342 1449 2386 ipsam
1461 2344 1640 2386 operose&
1651 2346 1830 2382 efficaciter
1846 2347 2033 2388 excusasti,
2057 2360 2099 2382 ex

1139 2391 1424 2441 contingentibus
1434 2417 1446 2434 ,
1472 2402 1632 2435 quatenus
1643 2397 1746 2431 causae
1757 2409 1863 2442 genus
1875 2398 2071 2433 admittebat
2086 2422 2097 2438 ‚

1149 2442 1232 2476 nihil
1243 2443 1403 2477 omittens
1414 2467 1421 2475 .
1448 2442 1511 2478 Sed
1523 2443 1627 2478 vester
1638 2445 1694 2480 ille
1714 2446 1905 2487 Manerius‚
1933 2448 1985 2481 cui
2011 2447 2097 2480 forte

1147 2503 1331 2538 congruum
1343 2493 1421 2528 inde
1435 2504 1557 2528 nomen
1573 2517 1585 2535 ‚
1610 2494 1702 2537 quod
1720 2496 1816 2530 mane
1828 2507 1923 2530 ruens
1944 2495 1979 2530 in'
1994 2497 2101 2539 pra-ci-

1147 2544 1268 2586 pitium
1281 2543 1412 2584 tendit,
1438 2543 1552 2577 datum
1565 2543 1612 2576 est
1625 2568 1635 2584 ,
1650 2555 1710 2579 nec
1726 2545 1812 2589 apud
1828 2557 1890 2580 nos
1901 2570 1913 2586 ‚
1935 2557 1995 2580 nec
2009 2546 2099 2590 apud

1148 2594 1293 2637 posteros
1315 2591 1488 2627 habebitur
1511 2593 1703 2635 excusatus,
1729 2595 1785 2639 qui
1810 2595 1934 2640 sylvis,
1960 2597 1993 2630 &
2012 2596 2100 2631 salti-

1149 2642 1207 2678 bus
1220 2642 1394 2688 peragratis
1409 2666 1420 2682 ,
1445 2642 1574 2676 summo
1586 2644 1717 2688 surgens
1739 2645 1890 2680 diluculo
1912 2646 2098 2681 Curialium

1149 2695 1330 2729 venaticam
1343 2692 1489 2726 exercuit
1501 2692 1535 2727 in
1549 2693 1680 2728 Patrem
1693 2695 1725 2729 δι
1738 2692 1929 2731 Dominum
1943 2697 2101 2731 innocen-

1148 2754 1236 2785 tem,
1262 2743 1338 2776 cum
1352 2753 1460 2777 tamen
1480 2743 1564 2787 pelle
1584 2745 1716 2778 cervina
1742 2745 1893 2781 nondum
1916 2745 2101 2781 essetindu·

1149 2805 1224 2834 tus,
1249 2804 1310 2827 nec
1322 2793 1483 2836 expositus
1500 2793 1539 2827 ad
1558 2794 1694 2838 praedam
1715 2795 1844 2830 Divino
1867 2807 1950 2831 nutu
1974 2821 1981 2828 .
2010 2796 2049 2830 In
2068 2797 2100 2830 se

1149 2844 1323 2878 Poeticum
1345 2843 1556 2878 scommatice
1579 2853 1703 2887 poterat
1726 2856 1912 2891 retorquere
1944 2858 1952 2878 :
1980 2844 2100 2880 Ac‘iaeon

1150 2906 1196 2938 ego
1214 2892 1301 2936 sum,
1327 2894 1484 2926 Dominum
1495 2892 1653 2937 cognoscite
1667 2896 1797 2935 vestrum
1816 2922 1823 2928 .
1852 2897 1895 2932 Et
1916 2897 1951 2930 in
1965 2906 2099 2931 venato-

1150 2955 1198 2978 res
1210 2942 1395 2985 hujusmodi
1407 2944 1639 2988 Evangelicam
1652 2946 1836 2981 Laedoriam
1850 2971 1860 2987 ,
1887 2958 1985 2991 quam
2001 2947 2034 2980 in
2049 2947 2102 2989 Ju-

1150 2995 1237 3028 daeos
1249 2992 1396 3027 Christus
1410 2994 1558 3029 intorsit:
1590 2996 1688 3029 Multa
1701 2997 1778 3030 hona
1785 3006 1872 3040 opera
1882 3006 2019 3036 operatus
2027 2994 2098 3038 sum

1151 3044 1237 3077 vobis
1248 3045 1269 3075 ἃ
1284 3046 1377 3077 Patre
1388 3055 1450 3078 meo
1465 3069 1476 3085 ,
1499 3053 1622 3086 propter
1634 3048 1712 3089 quod
1722 3058 1822 3080 eorum
1833 3059 1878 3080 me
1889 3049 1982 3080 vultis
1993 3046 2094 3079 occider

1152 3094 1210 3128 re?
1235 3092 1295 3127 Ille
1306 3103 1415 3128 tamen
1431 3095 1608 3128 Ecclesiam
1622 3094 1738 3136 habet,
1763 3098 1797 3131 &
1822 3096 1956 3132 habebit
1977 3094 2099 3131 amodo

1151 3145 1337 3178 excusatam
1348 3167 1359 3184 ,
1389 3144 1411 3177 fi
1427 3154 1537 3178 tamen
1553 3145 1595 3178 rei
1609 3147 1715 3179 exitus
1728 3147 1836 3190 scripti
1864 3147 1909 3181 sui
1922 3147 2018 3179 fidem
2030 3155 2100 3177 cor-

1153 3194 1354 3228 roboraverit
1368 3219 1375 3227 .
1404 3196 1494 3228 Nam
1511 3194 1606 3228 arbor
1619 3197 1829 3240 cognoscitur
1841 3208 1881 3230 ex
1893 3197 1993 3229 fru6iu
2015 3194 2074 3227 suo
2084 3217 2094 3232 ,

1152 3245 1186 3279 ἀ
1197 3255 1295 3288 opera
1306 3245 1509 3288 singulorum
1520 3244 1565 3278 eis
1581 3245 1806 3281 testimonium
1827 3245 1968 3279 reddunt
1993 3243 2099 3286 majus

1154 3295 1279 3338 joanne
1291 3319 1299 3326 .
1326 3294 1409 3327 Sunt
1433 3304 1542 3327 tamen
1573 3295 1656 3329 inter
1682 3307 1738 3331 vos
1761 3304 1907 3330 tenentes
1918 3294 2099 3327 doctrinam

1157 3346 1288 3378 Balaam
1302 3367 1312 3383 ‚
1337 3345 1703 3379 excommunicatorum
1729 3345 1926 3389 complices,
1953 3344 1987 3377 &
2010 3343 2102 3385 adju-

1155 3406 1242 3429 tores
1252 3393 1388 3436 erroris,
1413 3405 1554 3438 quorum
1569 3396 1686 3429 merito
1697 3418 1708 3435 ,
1739 3393 1829 3438 quod
1844 3394 1935 3428 Deus
1948 3402 2073 3426 avertar
2086 3416 2097 3433 ,

1937 3452 2057 3478 timen-
