2358 3776
340 130 394 173 '2·
1098 120 1143 168 V
1212 118 1235 167 I

1303 115 1461 169 TA

270 187 2294 249 Wfflaaafflafflaaaaaasaffiffifflffifflfflaffifflffl

1013 300 1037 338 1
1088 299 1132 337 N
1183 299 1214 336 C
1269 298 1307 339 1,
1332 297 1386 336 P·
1434 299 1457 335 1
1508 294 1546 335 T

797 399 1754 457 TRACT's‘ATHs

369 459 611 590 DE
688 510 1054 589 VITA
1139 508 1306 588 ET
1383 445 2116 587 PAssmNE

264 642 1069 786 BEATI
1211 639 2288 794 THOMAE

369 835 1278 887 ARCHI-EPISCOP1

512 953 626 990 CA
679 954 893 991 PUT
965 955 993 990 1.

490 1057 603 1101 ,Qualis
635 1055 705 1098 fuit
740 1060 774 1089 in
792 1052 1016 1098 Adolescenna.

485 1156 534 1188 W
561 1155 576 1189 1
601 1155 631 1189 L
657 1153 694 1187 H
722 1155 752 1189 E
777 1153 808 1188 L
836 1154 879 1189 M
906 1154 948 1190 U
972 1154 996 1189 S
1017 1177 1028 1188 .

355 1203 533 1240 HOMAS
545 1204 789 1239 Londonienlis
800 1204 911 1239 Urbis
920 1205 1079 1250 indigena
1091 1229 1103 1246 ,
1127 1204 1244 1240 Paren*

382 1267 454 1292 tum
466 1254 683 1290 mediocrium
694 1253 802 1298 proles
814 1255 954 1290 illustris
962 1278 973 1295 ,
999 1256 1088 1298 quali
1103 1266 1144 1290 ex
1155 1255 1244 1289 miri-

262 1308 311 1342 cis
322 1305 449 1341 cedrus
459 1304 603 1340 excrevit
613 1329 625 1346 ,
652 1305 687 1339 δι
705 1304 845 1348 majores
856 1305 965 1340 radice
980 1306 1036 1341 sua
1051 1316 1162 1341 ramos
1183 1317 1245 1341 ex-

259 1356 398 1403 pandit.
422 1355 532 1403 Qem
544 1355 721 1390 secundum
733 1365 909 1400 utrumque
931 1354 1105 1391 hominem
1127 1356 1246 1391 multi-

261 1406 344 1451 plici
356 1405 555 1442 naturalium
572 1405 679 1451 gratia
700 1405 866 1440 bonorum
877 1405 1017 1440 Bonitas
1037 1406 1158 1441 ditavit
1177 1405 1244 1441 Di-

262 1457 363 1498 vina,
388 1457 469 1491 utin
481 1454 699 1492 ministerium
712 1466 872 1500 magnum
892 1467 948 1491 vas
970 1456 1136 1491 videretur
1158 1457 1244 1491 exci-

263 1507 336 1540 sum
358 1530 369 1546 ,
394 1507 428 1540 &
449 1518 491 1540 ex
514 1515 633 1540 naturae
665 1505 842 1541 Beneficiis
864 1507 996 1541 futurus
1017 1506 1245 1550 praediceretur

262 1553 427 1589 Antistes.
456 1554 547 1588 Nam
559 1555 706 1587 sermone
726 1554 889 1595 jucundus
900 1564 968 1589 erat
994 1557 1030 1590 ἀ
1052 1556 1240 1597 modestus,

261 1615 362 1648 quem
373 1603 532 1637 blandum
545 1601 660 1646 pueri,
684 1612 815 1635 comem
824 1600 961 1644 juvenes
972 1626 985 1644 ,
1008 1611 1140 1647 gratum
1153 1605 1244 1651 senes

265 1654 464 1690 mirarentur
487 1675 494 1684 .
521 1650 682 1684 Procerus
701 1650 742 1682 ad
766 1650 966 1692 elegantiam
982 1674 994 1689 ‚
1023 1652 1242 1696 morigeratus

263 1703 307 1739 ad
316 1702 505 1745 exemplum
520 1724 531 1740 ‚
558 1698 698 1743 prudens
721 1697 762 1731 ad
774 1699 990 1741 sapientiam,
1016 1699 1101 1732 facie
1119 1700 1242 1740 juveni-

269 1754 334 1788 lem
356 1753 558 1786 venustatem
582 1746 794 1792 praeferebat,
817 1747 851 1781 ὅ(
876 1748 1005 1782 virilem
1024 1748 1241 1793 gravitatem.

262 1803 442 1847 Postquam
464 1799 541 1835 vero
560 1799 739 1832 litterarum
753 1797 870 1832 studiis
891 1798 1030 1833 traditus
1040 1797 1186 1833 liberales
1197 1809 1242 1833 arv

265 1864 314 1889 tes
324 1852 452 1898 attigit,
480 1848 639 1895 quatenus
660 1848 791 1888 lascivia
811 1849 913 1883 aetatis
938 1848 974 1883 δε
991 1848 1143 1894 angustia
1161 1857 1238 1888 tem-

265 1904 355 1949 poris
363 1902 504 1947 permisit
517 1925 527 1941 ‚
554 1900 588 1933 in
605 1898 669 1931 illis
682 1898 839 1941 profecitm

566 1951 583 1993 J
609 1950 643 1983 O
671 1949 703 1983 A
730 1947 767 1981 N
792 1948 828 1982 N
856 1948 885 1984 E
910 1950 942 1985 S.

326 2001 389 2035 AB
413 2001 548 2034 ineunte
579 2007 689 2032 autern
712 2007 807 2032 aetate
826 2023 837 2039 ‚
875 1998 956 2033 ficut
987 2000 1103 2035 referre
1131 1998 1246 2034 solitus

267 2061 335 2086 erat
355 2076 365 2092 ‚
400 2050 518 2083 didicit
544 2050 562 2081 a
585 2047 696 2081 Matre
717 2048 871 2082 timorem
901 2048 1045 2083 Domini
1070 2073 1082 2090 ‚
1108 2050 1144 2084 δε
1167 2050 1246 2083 Bea-

268 2112 336 2137 tam
368 2101 435 2134 Dei
464 2097 670 2132 Genitricem
702 2097 846 2131 Mariam
870 2122 883 2139 ,
921 2098 1077 2143 tanquam
1116 2099 1245 2134 Ducem

269 2153 393 2187 viarum
416 2152 544 2183 suarum
563 2173 573 2189 ,
600 2147 634 2180 δε
658 2147 732 2181 vitas
753 2146 935 2182 Pati-onam
960 2171 972 2187 ,
997 2147 1128 2183 dulcifis
1152 2149 1246 2183 invo-

271 2214 345 2236 care
369 2225 380 2241 ,
404 2201 438 2234 &
461 2199 530 2243 post
564 2196 733 2232 Christum
754 2196 787 2230 in
823 2198 916 2232 illam
936 2197 1053 2242 jadiare
1084 2208 1190 2233 totam
1212 2200 1247 2233 fi-

270 2252 402 2286 duciam
425 2276 432 2282 .
468 2247 603 2284 Publice
633 2247 903 2282 mendicantibus
935 2247 1036 2291 pleno
1072 2249 1248 2293 compatie-

270 2302 366 2337 batur
385 2302 498 2334 affeetu
520 2324 531 2340 ,
557 2309 591 2332 ut
612 2309 688 2331 cum
714 2298 815 2331 Beato
836 2297 901 2340 Job
922 2298 1030 2334 dicere
1054 2301 1175 2341 poffet:
1205 2299 1249 2331 Ab

270 2357 357 2386 initio
374 2351 476 2384 coaluit
495 2347 568 2382 mibi
591 2346 740 2391 miseratio
772 2348 806 2381 Θ
825 2350 925 2382 Pietas
957 2350 996 2383 de
1027 2356 1109 2383 utero
1133 2352 1248 2383 Matris

273 2414 349 2437 meae
367 2401 475 2446 egreffa
492 2399 530 2439 est
551 2409 662 2432 mecum
676 2424 684 2430 .

281 2700 398 2735 talium
440 2697 583 2742 denique
615 2697 864 2741 disciplinarum
906 2698 1042 2734 Scholas
1070 2701 1211 2745 egressus
1242 2725 1252 2741 ,

500 2439 1024 2484 WILHELMUS.
1141 2489 1145 2494 v
1255 1897 1270 2594 i

323 2500 504 2535 MATRE
531 2498 607 2533 vero
630 2499 782 2534 defunsta
802 2524 813 2540 ,
840 2499 897 2533 fibi
922 2499 1076 2543 Patrique
1094 2499 1225 2536 relictus
1239 2524 1249 2540 ,

275 2563 373 2594 quem
396 2550 548 2585 incendia
573 2549 685 2584 crebra
712 2549 928 2584 attenuabant
947 2574 959 2591 ,
985 2550 1178 2596 vigesimum
1209 2551 1253 2584 se-

278 2650 354 2686 dem
385 2648 444 2683 uni
467 2648 604 2682 Civium
632 2650 703 2682 vice
732 2648 922 2684 tabellionis
954 2599 1284 3516 adhaefitELzzx

280 2751 319 2784 ad
338 2747 485 2784 Curiales
497 2749 528 2782 se
541 2748 736 2782 transferens
753 2749 984 2791 occupationes
998 2774 1009 2788 ,
1035 2751 1136 2793 coepit
1147 2749 1181 2784 in
1196 2750 1255 2784 flo-

281 2812 350 2835 rem
372 2799 528 2833 saecularis
549 2797 728 2842 prudentiae
748 2796 920 2842 pubescere
940 2824 952 2840 ‚
977 2800 1010 2833 ἀ
1040 2801 1178 2836 frustum
1205 2801 1253 2835 di·

281 2850 449 2886 scretionis
472 2847 642 2893 polliceri.

278 2602 426 2636 cundum
454 2601 557 2632 aetatis
578 2605 711 2633 ‘annum
745 2600 819 2634 otio
856 2598 1019 2644 impendit
1050 2625 1058 2632 .

584 2899 598 2942 J
625 2896 720 2932 0.A
747 2895 783 2932 N
809 2898 845 2933 N
873 2897 902 2930 E
926 2899 957 2933 S.

335 2947 517 2984 TANTO
553 2948 666 2992 itaque
698 2949 835 2982 rationis
858 2948 988 2993 vigebat
1013 2946 1167 2986 acumine
1184 2975 1195 2992 ,
1220 2959 1257 2984 ut

286 3000 461 3046 prudenter
497 2998 658 3032 inauditas
693 2998 728 3032 δε
753 2998 902 3033 difficiles
937 3000 1073 3034 solveret
1106 3000 1258 3043 quaestio-

288 3062 348 3085 nes
374 3074 385 3090 ,
410 3049 561 3090 adeoque
587 3048 674 3082 felici
700 3048 864 3092 gaudebat
889 3050 1049 3084 memoria
1070 3075 1082 3092 ,
1109 3061 1145 3084 ut
1170 3049 1259 3095 quod

292 3100 389 3135 semel
419 3100 452 3132 in
480 3097 647 3132 sententiis
673 3107 729 3132 aut
755 3098 859 3133 verbis
884 3098 1064 3140 didicerat,
1090 3099 1258 3144 ferequo·

290 3152 352 3185 ties
390 3147 520 3184 volebat
554 3173 565 3190 ,
602 3148 703 3191 pollet
742 3148 810 3182 fine
844 3149 1042 3183 difficultate
1086 3150 1256 3193 proferre.

290 3198 394 3246 Quid
432 3198 528 3233 multi
567 3197 774 3232 litteratiores
813 3199 933 3243 assequi
972 3211 1040 3233 non
1079 3201 1223 3235 valentes

292 3258 416 3284 tantam
443 3249 562 3283 mentis
590 3249 869 3292 perspicacitatem
896 3273 908 3289 ,
943 3249 1116 3292 praesertirn
1142 3250 1176 3283 in
1204 3250 1261 3284 ho-

293 3296 384 3332 mine
406 3298 502 3332 variis
526 3298 801 3342 occupationibus
826 3296 940 3333 dedito
967 3324 974 3331 .
1008 3300 1178 3334 Nimirum
1204 3302 1261 3335 dis-

294 3347 443 3391 pensatio
465 3348 590 3383 Divina
615 3371 627 3387 ,
662 3359 759 3391 quem
787 3348 924 3383 vocabat
950 3374 960 3389 ‚
998 3350 1040 3384 ad
1075 3350 1197 3393 majora
1218 3352 1261 3385 ita

295 3396 462 3430 erudiebat
488 3408 496 3428 τ
537 3400 580 3432 Et
604 3398 775 3433 exercebat
801 3399 836 3432 in
865 3398 1047 3435 minoribus
1067 3426 1078 3441 ,
1113 3400 1199 3444 quafi
1226 3401 1259 3434 in

296 3445 488 3492 quibusdam
513 3447 696 3484 futurorum
729 3450 960 3494 praeparatoriis
985 3474 997 3492 ,
1017 3461 1069 3485 rut
1096 3451 1130 3485 in
1158 3451 1262 3486 colla-

1315 2751 1436 2836 stinatg
1450 2748 1596 2835 {a‘cnms
1615 2761 1778 2795 pararetur
1796 2750 1948 2787 Antistiti
1962 2777 1974 2794 ,
2001 2753 2069 2797 Juri
2093 2754 2197 2791 Civili
2219 2768 2295 2802 ope-

1294 2776 1385 3550 xm-
1430 2811 1449 2835 e
1474 2808 1520 2834 it⁴

1299 835 1322 882 Ι
1406 834 1527 882 ΕΤ
1594 832 2180 884 MARTYRIS.

1301 950 1451 988 tionibus
1484 960 1542 988 aut
1574 953 1669 988 cursu
1694 953 1853 989 sermonis
1886 978 1901 996 ,
1935 963 1975 989 ut
1998 952 2068 989 dici
2092 952 2175 991 solet
2198 976 2212 995 ,
2245 950 2288 987 ad

1304 1012 1440 1039 manum
1464 1004 1639 1039 necessaria
1666 1001 1823 1039 haberet.
1888 1023 1891 1045 ,

1558 1101 2040 1139 CAPUTII.

1378 1202 1524 1247 ,Qualiter
1547 1204 1594 1237 ad
1629 1202 1882 1246 Cantuartenfiem
1910 1202 2001 1238 Archi
2014 1201 2216 1248 -Epls'copum

1658 1252 1693 1297 se
1719 1253 1922 1292 transtulerit.

1409 1353 1553 1389 IDENS
1579 1352 1681 1396 vero,
1707 1365 1763 1389 vas
1787 1353 1957 1390 elediionis
1982 1356 2099 1393 sutura:
2110 1379 2127 1401 ,
2149 1353 2291 1397 ira-Cu,-

1433 1404 1489 1439 riis
1498 1404 1676 1440 Procerum
1696 1404 1836 1449 plurima
1846 1415 1962 1441 contra
1982 1403 2188 1443 honestateni
2204 1401 2290 1453 'Clo-

1303 1455 1331 1488 ri
1357 1478 1370 1495 ,
1412 1455 1447 1490 ἀ
1474 1455 1676 1500 conjunctim
1703 1466 1817 1490 eorum
1844 1458 2048 1501 propofitum
2069 1482 2081 1499 ,
2115 1451 2171 1492 cui
2196 1454 2301 1496 addi-'⁴

1303 1506 1372 1539 &us
1390 1514 1460 1540 erat
1483 1530 1495 1547 ,
1525 1505 1738 1550 perniciosius
1766 1506 1926 1541 adversari
1952 1531 1964 1548 ‚
1990 1501 2148 1542 instinCtu
2163 1505 2290 1551 potius?

1302 1555 1416 1600 gratiae
1441 1555 1476 1590 &
1505 1555 1628 1591 ducatu
1653 1580 1664 1597 ,
1693 1567 1792 1600 quarn
1818 1558 1962 1592 consilio
1996 1557 2198 1593 Amicorum
2233 1563 2293 1591 aut

1303 1607 1510 1645 interventu,
1537 1607 1570 1641 se
1597 1606 1640 1641 ad
1666 1605 1799 1641 Patrem
1827 1607 1887 1650 piae
1912 1601 2151 1643 reeordationis
2176 1604 2298 1651 Theo,-

1306 1651 1442 1686 baldum
1469 1651 1742 1689 Can'tuariensem
1782 1654 2129 1699 Archi-&stomin
2152 1679 2166 1698 ,
2202 1654 2295 1700 quafi

1305 1700 1378 1741 post
1405 1700 1581 1732 biennium
1608 1702 1663 1732 vel
1690 1702 1874 1733 triennium
1902 1703 2047 1737 contulit
2068 1728 2080 1744 ,
2106 1700 2297 1748 &quome-

1306 1756 1396 1781 rente
1423 1746 1581 1780 industria
1602 1771 1613 1786 ,
1639 1748 1809 1792 gratisque
1835 1749 2090 1794 suffragantibus
2114 1749 2295 1797 obsequiis,

1306 1796 1392 1831 inter
1415 1796 1542 1841 ,primos
1576 1795 1612 1830 δε
1637 1797 1816 1842 praecipuos
1841 1798 1912 1843 ejus
1938 1799 2116 1838 familiares
2141 1803 2178 1837 in
2205 1800 2299 1846 brevi

1305 1845 1460 1882 adrniffus
1485 1846 1531 1881 est
1545 1872 1554 1879 .

1531 1897 1581 1928 W
1606 1897 1622 1931 Ι
1649 1896 1679 1932 L
1705 1898 1745 1932 H
1771 1898 1802 1932 E
1829 1899 1859 1933 L
1885 1900 1927 1934 M
1954 1900 1996 1936 U
2022 1901 2047 1936 S
2062 1926 2071 1934 .

1356 1946 1455 1994 Qu
1477 1946 1628 1989 videntes
1648 1959 1725 1982 eum
1748 1949 1785 1983 in
1808 1950 2050 1987 neceffitatibus
2073 1949 2291 1997 expediendis

1309 1998 1482 2041 prudenter
1503 2007 1658 2042 agentem
1676 2023 1689 2039 ,
1715 1999 1803 2033 &in
1831 2000 1970 2036 consilio
1993 2001 2189 2047 providum,
2216 2015 2296 2040 cum

1307 2058 1349 2081 eo
1373 2047 1491 2081 sociale
1513 2047 1622 2083 foedus
1648 2049 1817 2090 inierunt,
1843 2050 2058 2088 condicentes
2072 2079 2084 2095 ‚
2109 2063 2147 2089 ut
2168 2051 2212 2089 de
2233 2054 2297 2094 im,-

1308 2096 1458 2145 petendis
1468 2096 1527 2131 fibi
1542 2097 1773 2135 Ecclefiasticis
1784 2101 1959 2137 Beneficiis
1979 2103 2171 2150 suffragium
2192 2097 2289 2140 suum

1308 2147 1593 2182 communicarent
1608 2172 1618 2181 .
1647 2147 1751 2184 Erant
1767 2163 1880 2187 autern
1903 2163 1987 2187 tres:
2013 2149 2167 2199 Rogerus
2187 2147 2296 2194 Neut-

1310 2197 1414 2231 nensrs
1425 2221 1436 2237 ,
1462 2198 1604 2241 Joannes
1614 2198 1878 2243 Cantuariensis,
1905 2203 2062 2239 Thomas
2073 2203 2295 2240 Londonien-

1309 2248 1366 2282 fis.
1393 2247 1505 2291 ltaque
1519 2248 1644 2283 Primas
1656 2261 1758 2292 pauca
1783 2252 1928 2296 agebat,
1953 2253 2073 2301 quibus
2096 2266 2215 2293 omnes
2241 2256 2293 2292 vel

1310 2308 1393 2333 unus
1403 2298 1525 2332 existis
1540 2310 1608 2332 non
1626 2300 1789 2345 interesset
1804 2326 1812 2332 .

1614 2349 1630 2392 J
1659 2351 1694 2385 Ο
1721 2349 1753 2384 Α
1781 2348 1819 2383 Ν
1845 2349 1882 2385 Ν
1907 2350 1937 2387 Ε
1965 2353 1996 2388 S.

1351 2397 1516 2445 -QUOT
1539 2409 1649 2433 autem
1676 2399 1709 2435 ὃς
1734 2409 1879 2443 quantos
1904 2400 1951 2435 ibi
1978 2413 2038 2446 pro
2065 2403 2294 2444 Ecclesiam

1311 2447 1436 2483 labores
1456 2449 1575 2484 Beatus
1600 2446 1754 2484 Thomas
1784 2450 1951 2494 pertulerit
1976 2477 1988 2493 ‚
2017 2454 2209 2499 quotiesque
2233 2463 2296 2502 pto

1310 2498 1525 2542 expediendis
1561 2499 1802 2536 neceffitatibus
1842 2501 2074 2538 Ecclefiasticis
2112 2503 2296 2550 Apostolo-

1311 2559 1384 2583 rum
1409 2549 1527 2583 limina
1555 2549 1734 2585 visitaverit
1759 2575 1772 2592 ,
1811 2550 1910 2596 quam
1937 2552 2025 2587 felici
2053 2554 2146 2589 exitu
2171 2581 2185 2599 ,
2220 2559 2294 2602 quas

1312 2598 1369 2634 fibi
1397 2599 1542 2643 injuneta
1565 2598 1697 2634 'fuerant
1723 2625 1735 2641 ,
1769 2599 1948 2645 expedierit
1975 2628 1986 2643 ,
2013 2605 2219 2649 nequaquam
2245 2607 2294 2642 di-

1313 2652 1365 2686 stu
1392 2648 1489 2684 facile
1513 2648 1559 2685 est
1585 2675 1592 2682 .
1633 2650 1689 2685 Ut
1716 2650 1791 2685 vero
1818 2656 1852 2685 in
1880 2653 1980 2687 causis
2007 2655 2194 2697 perorandis
2221 2682 2233 2697 ‚
2258 2656 2296 2694 δι

1313 2698 1504 2735 decidendis
1531 2724 1542 2739 ,
1589 2700 1624 2734 ἀ
1650 2699 1785 2744 Populis
1811 2701 2009 2737 instruendis
2035 2704 2054 2738 ὲ
2079 2705 2156 2740 Deo
2181 2706 2297 2749 praede-

1515 2850 1554 2884 H
1581 2850 1610 2884 E
1637 2850 1669 2884 R
1695 2850 1712 2884 Ι
1740 2851 1767 2885 Β
1797 2852 1824 2885 Ε
1851 2851 1884 2886 R
1910 2851 1948 2886 T
1976 2852 2018 2888 U
2045 2855 2067 2890 S
2083 2880 2092 2888 .

1366 2899 1592 2936 CERNENS
1617 2901 1727 2943 itaque
1744 2902 1905 2936 Pontifex
1930 2914 1971 2936 ex
1993 2915 2079 2939 nova
2098 2903 2161 2940 hac
2181 2904 2296 2942 arbore

1319 2962 1403 2986 nova
1415 2950 1650 2995 quaedamtunc
1664 2953 1820 2986 virtutum
1831 2953 1979 2996 germina
2000 2955 2180 2998 pullulare,
2205 2955 2294 2992 hanc

1318 3001 1459 3037 Domini
1477 3000 1716 3044 plantationem
1739 3002 1824 3036 inter
1835 3004 1980 3045 pomeria
2005 3016 2044 3040 ac
2065 3016 2164 3050 poma
2185 3006 2295 3052 qualia

1319 3053 1353 3086 in
1365 3051 1464 3086 horto
1485 3051 1591 3095 sponfi
1611 3075 1623 3091 ,
1650 3054 1794 3094 plantare
1817 3051 1976 3098 disposuit
1990 3078 1998 3086 .
2211 3050 2216 3055 '

1600 3100 1635 3144 ‘J
1662 3102 1696 3135 o
1723 3102 1754 3135 A
1782 3101 1817 3135 N
1845 3102 1881 3136 N
1908 3102 1938 3136 E
1964 3104 1994 3138 s.

1369 3147 1437 3184 ET
1450 3160 1486 3185 ut
1497 3162 1553 3194 per
1562 3150 1796 3195 experientiam
1806 3163 1911 3187 rerum
1936 3153 2067 3189 facilius
2083 3151 2296 3198 dispensatio·

1250 3226 1260 3242 ‚
1321 3201 1370 3237 nis
1384 3200 1611 3236 Ecclefiasticae
1622 3202 1717 3235 usum
1738 3203 2010 3246 consequeretur,
2035 3205 2055 3239 a
2077 3205 2211 3248 praefato
2232 3203 2296 3240 Ar-

1320 3249 1555 3295 chi-Episcopo
1565 3252 1688 3293 Sanstae
1702 3253 1940 3288 Cantuarienfis
1960 3253 2110 3289 Ecclefiae
2124 3277 2136 3296 ,
2160 3254 2180 3288 a
2200 3254 2293 3297 eujus

1322 3300 1472 3337 uberibus
1483 3295 1669 3349 coaluerat,
1697 3300 1983 3338 ArchiDiacouus
2006 3304 2202 3339 constitutus
2222 3304 2290 3345 est,

1321 3362 1358 3385 ut
1378 3352 1436 3392 fic,
1460 3352 1536 3386 Deo
1568 3351 1743 3387 ordinante
1761 3377 1771 3393 ,
1798 3363 1944 3396 tempore
1964 3354 2023 3388 suo
2045 3377 2056 3394 ,
2082 3353 2186 3399 gradu
2209 3355 2295 3393 suo,

1323 3402 1463 3446 locoque
1486 3402 1544 3434 suo
1563 3426 1575 3442 ,
1601 3402 1888 3440 Archi-Diaconus
1910 3404 1944 3438 in
1967 3403 2288 3449 Archi-Episcopum

1326 3461 1568 3497 promoveretur
1586 3475 1594 3484 .

2165 3501 2250 3540 CA-
