2358 3776
429 133 528 173 266
1013 121 1566 173 EPISTOLAE

355 213 430 249 Nos
441 221 549 246 autem
562 220 603 245 ex
614 208 746 255 speciali
758 208 914 246 mandato
924 208 1068 245 Domini
1081 210 1173 255 Papa:
1186 209 1300 244 Comi-

351 270 421 299 tem
435 261 620 306 Hugonem
633 259 852 296 anathematis
873 261 1010 294 vinculo
1031 261 1263 295 innodavimus
1288 284 1299 300 ,

350 314 385 348 δι
398 311 598 355 praecipimus
610 321 647 347 ut
658 312 874 350 sententiam,
901 320 969 353 qux
980 321 1022 344 ex
1044 311 1163 346 summi
1185 310 1299 346 Ponti-

341 363 421 397 ficis
435 361 581 404 proeeffit
604 362 741 399 arbitrio
775 385 787 401 ,
814 358 943 394 faciatis
965 382 977 399 ,
1015 370 1112 403 prout
1131 361 1297 396 canonicis

346 411 461 448 :diois
481 412 647 448 decretum
661 410 725 451 est,
750 409 785 443 in
809 407 940 444 omibus
963 409 1178 455 Episcopatus
1201 408 1297 446 vestri

350 461 502 497 Ecclefiis
515 461 672 506 publicari
687 485 694 493 .
720 458 829 494 Secuti
848 467 981 504 quoque
992 457 1223 496 authoritatem
1245 460 1296 494 Se·
1446 459 1591 496 UDlVI
1617 471 1811 506 gravamen,
1840 460 1930 504 quod
1945 460 1999 495 ille
2010 459 2163 497 Thomas
2180 460 2290 503 Prodi-

348 511 399 547 dis
412 512 631 556 Apostolicae,
658 520 757 554 quam
782 508 940 544 habemus
964 520 1026 552 prae
1046 510 1217 550 manibus,
1244 522 1295 544 ex·
1470 520 1521 546 tor
1537 512 1569 546 ἀ
1589 512 1788 545 adversarius
1810 522 1903 545 meus
1926 512 2041 546 intulit
2063 513 2097 546 in
2120 524 2175 553 te,
2201 514 2232 549 δι
2253 518 2288 552 in

344 559 664 599 communicavimus
678 556 869 596 Gilbertum
881 559 1151 594 Londoniensem
1161 586 1172 602 ‚
1198 561 1231 594 ὃς
1245 560 1294 603 Jo-
1354 559 1431 594 alias
1442 563 1590 604 personas
1602 562 1711 606 Regni
1723 562 1786 594 mei
1801 586 1812 602 ,
1839 562 1929 606 quod
1944 575 2011 597 non
2027 563 2135 597 minus
2155 562 2236 608 aegre
2246 563 2289 600 st·

341 613 488 649 colinum
512 607 779 647 Saresberiensem
803 609 986 654 Episcopos
1007 634 1019 650 ,
1055 609 1293 654 Randulphum
1353 621 1390 645 ro
1401 609 1442 643 de
1452 613 1583 653 persona
1595 623 1649 646 tua
1662 635 1672 651 ‚
1698 612 1797 655 quam
1809 611 1830 645 fi
1841 613 1875 646 in
1890 621 1997 648 meam
2011 614 2172 656 propriam
2189 614 2288 656 perso·

338 663 382 699 de
407 663 493 697 Broc
506 686 518 703 ,
542 661 574 696 δε
596 670 726 695 caeteros
747 671 783 693 ut
810 661 919 702 supra.
952 660 1161 703 Praecipimus
1184 660 1292 704 itaque
1353 667 1428 695 nam
1444 662 1527 695 virus
1537 663 1630 697 suum
1642 662 1855 696 evomuisset.
1885 663 1927 697 Et
1940 664 2016 699 ideo
2029 676 2085 706 pro
2096 671 2185 697 certo
2197 664 2289 705 scias,

340 712 435 748 vobis
447 712 482 746 in
497 713 617 747 virtute
638 709 834 746 obedientiae
848 733 859 749 ,
886 708 962 745 &in
989 710 1135 752 periculo
1152 709 1292 755 dignita·
1350 709 1440 752 quod
1452 722 1515 757 ego
1529 723 1664 746 omnem
1685 722 1815 755 operam
1828 710 1915 747 dabo
1926 737 1938 754 ‚
1965 724 2019 757 per
2033 714 2219 749 Dominum
2230 711 2289 749 Pa·

341 762 428 798 tis&
451 758 598 802 ordinis,
626 760 787 806 quatenus
804 769 870 793 tam
894 761 1059 803 prefatum
1082 761 1251 797 Comitem
1280 785 1291 801 ,
1349 769 1422 801 pam
1444 783 1456 800 ‚
1490 762 1524 797 δε
1543 773 1597 806 per
1618 760 1745 807 Regem
1768 763 1972 804 Francorum
1994 788 2005 803 ,
2044 765 2078 798 ἀ
2097 773 2151 806 per
2171 771 2289 798 ornnes

338 813 440 857 quam
453 812 518 856 jam
531 812 635 847 diuos
648 812 824 854 Episcopos
838 834 850 850 ‚
875 810 908 844 δι
927 821 1057 846 caeteros
1077 811 1286 856 praenomina-
1349 809 1488 847 Amicos
1497 822 1609 853 meos,
1631 812 1719 858 quod
1733 812 1774 846 de
1781 823 1893 847 caetero
1907 813 2000 848 nobis
2015 823 2074 848 nec
2085 811 2208 858 Regno
2231 822 2289 854 no-

334 870 388 900 tos
400 863 529 898 faciatis
540 873 593 906 per
607 872 711 896 totam
735 860 913 895 Dioecefim
934 862 1070 897 vestram
1092 860 1221 905 publice
1237 861 1287 895 de·
1347 859 1411 894 stro
1436 872 1555 896 nocere
1581 873 1649 897 non
1672 863 1810 905 poterit.
1842 863 1946 898 Unde
1957 865 2035 898 volo
2055 865 2089 898 &
2112 863 2252 898 consulo
2274 883 2288 904 0

334 913 487 950 nunciari
512 912 840 950 excommunicatos,
865 911 900 948 δε
918 911 937 945 a
956 912 1080 948 cunstis
1100 910 1249 946 fidelibus
1275 934 1285 952 ,
1344 908 1431 953 quod
1443 921 1479 945 tu
1492 912 1624 948 interim
1638 913 1731 948 nullo
1742 913 1888 947 modoin
1908 915 2021 948 animo
2034 925 2092 949 tuo
2109 911 2247 949 turberis
2270 934 2284 955 .

333 974 431 1008 prout
447 963 672 998 Ecclesiasticae
684 961 849 997 Doctrina
861 962 956 1006 vigor
978 962 1083 1007 exigit
1097 986 1108 1002 ,
1134 961 1248 996 evitari
1276 984 1284 995 .
1344 961 1397 994 sed
1409 960 1472 995 tibi
1482 961 1620 1002 viriliter
1629 959 1797 1005 provideas
1810 987 1821 1002 ‚
1847 973 1954 997 utrum
1967 965 2070 1008 magis
2081 960 2140 998 tibi
2154 964 2186 998 &
2200 959 2285 998 mihi

334 1014 439 1061 Qod
451 1014 473 1046 si
488 1024 571 1048 unus
586 1013 724 1048 vestrum
741 1034 752 1051 ,
778 1021 987 1058 quacumque
1009 1011 1209 1057 impediente
1232 1021 1288 1044 ne-
1342 1009 1515 1054 expediat,
1539 1010 1629 1055 quod
1639 1011 1680 1045 ad
1696 1011 1793 1045 mein
1814 1013 2056 1048 Normanniam
2070 1016 2182 1048 venias
2194 1038 2206 1055 ,
2230 1011 2284 1052 vd

334 1064 479 1096 ceffitate
493 1086 504 1102 ,
531 1074 597 1098 non
612 1061 714 1107 potest
735 1062 876 1105 exequi,
902 1060 983 1097 alter
1001 1060 1034 1098 id
1057 1060 1163 1097 modis
1177 1062 1283 1095 omni·
1343 1060 1430 1104 quod
1453 1061 1487 1094 in
1507 1060 1634 1107 Anglia
1655 1071 1821 1095 remaneas
1839 1085 1846 1094 .
1875 1061 1954 1095 Hoc
1980 1064 2072 1097 enim
2089 1074 2199 1099 totum
2221 1070 2285 1102 tum

333 1111 416 1152 bus,
442 1108 897 1148 ficut'honorem&officium
909 1110 1038 1157 diligit,
1065 1122 1246 1156 exequatur
1272 1135 1279 1146 .
1341 1107 1730 1153 committodispofitioni
1746 1134 1756 1149 ,
1782 1121 1840 1153 pro
1861 1121 1951 1145 certo
1977 1112 2132 1152 sciturus,
2159 1110 2283 1156 quod-fl

328 1161 390 1196 Tu
411 1163 508 1205 vero,
535 1163 581 1197 fili
597 1160 842 1199 Archidiacone
859 1185 870 1202 ,
896 1161 957 1196 tibi
971 1161 1162 1207 diligentius
1173 1163 1207 1196 in
1219 1161 1279 1198 hac
1340 1161 1380 1194 ad
1402 1172 1454 1195 me
1477 1162 1603 1195 veneris
1618 1184 1629 1201 ,
1651 1161 1685 1195 δε
1707 1160 1851 1194 Romam
1874 1160 1963 1195 adire
1985 1161 2147 1200 volueris,
2170 1162 2284 1199 omnia

324 1222 415 1255 parte
428 1213 614 1256 provideas,
643 1212 715 1250 nea
737 1223 769 1247 re
779 1211 948 1250 districtius
971 1214 1122 1256 exigatur
1141 1236 1152 1253 ,
1177 1213 1199 1246 si
1222 1211 1280 1252 sub

325 1273 484 1306 praetextu
507 1262 707 1299 infirmitatis
725 1262 902 1307 Episcopi,
928 1262 1120 1298 mandatum
1137 1260 1278 1296 Domini

322 1311 456 1356 Papae&
470 1312 616 1347 nostrum
630 1311 739 1346 minus
750 1311 849 1345 fuerit
861 1311 1077 1354 adimpletum
1089 1336 1100 1352 ,
1127 1322 1184 1345 aut
1208 1313 1276 1345 Ec·-
1291 1335 1295 1364 ι

323 1363 441 1403 clefia,
467 1372 536 1406 quae
547 1373 656 1402 nunc,
680 1371 717 1396 ut
730 1361 815 1395 fama
825 1360 895 1401 est,
920 1372 1033 1399 extuo
1054 1362 1175 1405 pendet
1197 1359 1276 1395 arbi-

321 1411 390 1447 trio
401 1436 410 1451 ‚
439 1421 494 1445 tua
505 1412 599 1455 culpa
613 1411 788 1455 perniciem
799 1409 972 1445 contrahat
982 1435 1007 1451 ,.
1020 1422 1075 1446 aut
1087 1421 1221 1446 enorme
1228 1410 1277 1446 di·

319 1460 489 1508 spondium
503 1462 657 1502 patiatur.
686 1458 805 1494 Valere
815 1459 851 1493 in
862 1459 1015 1495 Domino
1026 1483 1035 1495 .

1478 256 1890 294 EPISTOLA
1992 261 2171 303 XLVII.

1380 365 1525 397 Hem-icus
1539 363 1606 395 Rex
1624 360 1738 405 anglie
1750 359 1897 395 Gileberto
1911 359 2263 411 Londonlenfisspiftspo.

1342 1211 1512 1245 necessaria
1524 1211 1564 1245 ad
1576 1212 1661 1244 viam
1674 1210 1715 1244 de
1729 1221 1804 1245 meo
1824 1210 1886 1245 tibi
1907 1210 2143 1247 honorabiliter
2155 1209 2189 1246 ὅ(
2201 1208 2285 1246 suffl-

1338 1260 1459 1294 cienter
1478 1260 1643 1294 inveniam
1658 1283 1664 1292 .
1692 1258 1796 1294 Teste
1818 1261 1851 1296 G
1864 1285 1871 1293 .
1883 1284 1908 1294 ..
1925 1286 1932 1296 ,
1948 1284 1954 1294 .
1970 1284 1987 1300 .,
2005 1261 2136 1298 Clerico
2145 1256 2230 1307 apud
2244 1259 2279 1298 St

1338 1309 1549 1346 Macharium
1564 1311 1597 1342 in
1613 1309 1802 1345 Guasconia
1815 1333 1823 1343 .

1435 1405 1845 1443 EPISTOLA
1953 1407 2168 1446 XLV111.

913 1532 916 1535 -
1446 1507 1616 1555 Alexandro
1638 1508 1735 1550 *Papa
1761 1511 1907 1543 Henrtcus
1930 1508 1998 1542 Rex
2022 1507 2159 1552 Angliae.
2203 1545 2208 1551 ,
2229 1519 2233 1523 *
2260 1524 2266 1546 ;

470 1556 887 1593 EPISTOLA
988 1555 1150 1594 XLVI.

1440 1605 1615 1640 ESTRAE
1642 1604 1901 1641 satisinnotescit
1919 1605 2113 1648 Serenitati,
2135 1603 2277 1650 'Quanta

1463 1667 1514 1690 me
1530 1658 1562 1691 ὃς
1575 1667 1691 1691 terram
1703 1666 1807 1689 meam
1833 1655 1959 1701 affligat
1974 1657 2161 1697 molestia,
2173 1667 2279 1701 quan·

1330 1707 1372 1739 tis
1385 1716 1437 1740 me
1449 1704 1614 1740 vexaverit
1636 1706 1761 1749 injuriis
1784 1705 1937 1741 Thomas
1959 1707 2016 1741 ille
2039 1704 2279 1744 Cant-:ariensis

1331 1756 1539 1790 Adversarius
1549 1766 1661 1798 meus,
1686 1756 1763 1789 cum
1787 1756 1868 1790 teste
1890 1756 2092 1795 conscientia
2104 1755 2211 1797 nihil*

1329 1805 1471 1844 ruerim,
1495 1804 1785 1848 nilgefferimtam
1809 1804 2039 1841 vehementi&
2059 1787 2217 1849 injurio&
2248 1815 2273 1840 ι·

1327 1864 1431 1898 gnum
1444 1853 1662 1888 contumelia.
1693 1854 1724 1886 A
1738 1853 1837 1887 vestra
1847 1852 2005 1897 liquidem
2021 1866 2090 1890 non
2114 1854 2278 1894 credoex·

1327 1903 1438 1938 cidiss'e
1451 1904 1609 1939 memoria
1623 1926 1634 1944 ,
1661 1903 1751 1946 quod
1764 1902 1889 1946 judices
1900 1904 1930 1938 S.
1947 1904 1988 1938 R.
2001 1903 2151 1940 Ecclesia
2160 1904 2275 1949 cudi}

1328 1954 1414 1987 nales
1433 1954 1452 1986 a
1473 1952 1572 1987 vestra
1599 1954 1842 1995 impetraverim
1866 1953 2090 1994 Paternitate,
2126 1963 2162 1989 ut
2181 1955 2277 2000 supet

1327 2004 1421 2037 causa
1434 2003 1479 2036 ita
1490 2001 1726 2046 cognoscerent
1736 2026 1748 2043 ,
1775 2001 1826 2037 sed
1839 2004 1961 2046 placuit
1973 2004 2144 2043 Sanaitati
2157 2004 2273 2049 vestrm

1327 2062 1363 2086 ut
1378 2053 1577 2090 adversarius
1597 2063 1689 2085 meus
1708 2053 1905 2088 eximeretur
1927 2053 1946 2087 a
1964 2054 2278 2099 cognitioaspnflffi

1326 2103 1435 2144 potuit
1457 2102 1558 2137 vestro
1592 2102 1764 2145 praepedita
1793 2113 1949 2146 praecepto
1980 2104 2017 2138 in
2047 2105 2132 2140 lucis
2149 2104 2273 2142 -venira'

1325 2152 1504 2186 claritatem
1526 2151 1726 2188 Innocentiae
1746 2152 1909 2189 sinceritas
1938 2175 1947 2186 .
1987 2153 2109 2198 Saepins
2132 2154 2234 2192 etiarn
2258 2177 2273 2197 ,

1327 2203 1431 2236 immo
1454 2202 1576 2245 semper
1599 2212 1727 2246 paratus
1748 2201 1857 2236 exstiti
1881 2204 1916 2237 in
1938 2202 2020 2237 facie
2048 2202 2194 2240 Ecclefiae
2222 2205 2273 2248 ju·

1325 2252 1349 2284 ri
1373 2253 1405 2286 ὅ(
1427 2252 1551 2295 judicio
1575 2252 1676 2292 stare,
1700 2252 1722 2285 fi
1745 2253 1796 2286 vel
1818 2252 1852 2285 in
1876 2252 2017 2287 minimo
2037 2253 2268 2298 deliquissem,

1324 2302 1413 2343 quod
1436 2313 1487 2335 me
1510 2302 1618 2336 fecisse
1642 2314 1709 2339 non
1733 2302 1842 2337 recolo
1868 2326 1879 2342 ,
1913 2311 2010 2347 prout
2033 2305 2117 2338 ratio
2138 2302 2272 2346 didiaret

1325 2351 1505 2386 satisfacere
1532 2375 1542 2391 ,
1577 2352 1611 2388 δε
1635 2351 1735 2395 longe
1759 2353 1900 2395 amplius
1921 2353 2019 2396 quam
2055 2352 2272 2393 antecessores

1322 2400 1387 2434 mei
1410 2424 1420 2440 ,
1446 2401 1502 2445 qui
1527 2410 1580 2434 me
1604 2401 1833 2442 praestantiores
1854 2402 2046 2435 exstiterunt
2067 2427 2079 2443 ,
2122 2401 2270 2441 Ecclefiae

1321 2449 1523 2485 Cantuariefi
1542 2450 1677 2484 fecerint
1702 2474 1713 2489 ,
1750 2450 1871 2490 semper
1895 2462 2023 2492 paratus
2046 2451 2092 2484 sui
2129 2453 2234 2488 facere
2257 2475 2268 2485 .

1321 2499 1462 2534 Proinde
1491 2498 1642 2534 admirari
1681 2509 1750 2532 non
1776 2498 1902 2532 sufficio
1939 2522 1951 2540 ,
1988 2501 2077 2542 quod
2109 2501 2268 2543 permittit

1320 2549 1491 2593 prudentia
1512 2550 1614 2583 vestra
1636 2549 1793 2583 devotum
1817 2548 1963 2583 Ecclesiae
1975 2548 2266 2593 Romanaefilium,

316 1657 440 1696 &enrico
452 1662 524 1702 Regi
535 1659 650 1702 Δημέα
664 1656 835 1691 thebertus
848 1655 1060 1700 Londonlenfis
1073 1653 1244 1702 Episcopus
1259 1681 1267 1693 0

434 1755 649 1791 ITTIMUS
676 1755 718 1790 ad
742 1766 800 1790 vos
817 1779 828 1796 ,
859 1756 1010 1790 Domine
1031 1779 1042 1796 ,
1071 1756 1269 1791 familiarem

458 1807 626 1842 Clericum
651 1807 799 1840 nostrum
822 1806 973 1839 Η...
1000 1806 1115 1850 utique
1136 1806 1266 1840 fidelem

312 1859 451 1894 vestrum
468 1881 479 1897 ,
505 1866 630 1899 quanto
642 1856 808 1899 possumus
829 1855 944 1889 affectu
958 1856 1175 1899 supplicantes
1193 1879 1204 1895 ,
1229 1865 1266 1889 ut

313 1908 467 1951 ipsumin
492 1906 709 1950 petitionibus
739 1904 858 1941 nostris
881 1904 1048 1950 beni-gne,
1073 1907 1096 1939 fi
1123 1906 1230 1949 placet
1254 1928 1266 1947 ,

310 1958 450 1993 audiatis
465 1980 476 1997 ,
501 1957 534 1991 δε
556 1956 695 1992 nobisin
725 1956 910 1989 neceffitate
933 1955 1042 1988 nostra
1057 1955 1164 1999 Regia
1183 1954 1277 1988 Cle-c

311 2008 437 2043 mentia
452 2006 651 2044 subveniatis
667 2030 673 2038 .
701 2003 804 2053 Qiod
818 2004 901 2039 bene
912 2004 1046 2048 quidem
1070 2005 1215 2044 facietis,
1244 2004 1265 2037 si

313 2059 469 2092 Domino
497 2056 590 2101 Papa
617 2068 675 2100 pro
704 2055 798 2091 nobis
825 2055 1067 2100 aliquantulum
1094 2053 1266 2088 affectuose

314 2107 522 2151 scripseritis,
550 2118 585 2141 ut
598 2107 851 2151 appellationem
864 2129 875 2147 ,
900 2113 999 2147 quam
1015 2105 1054 2140 ad
1066 2105 1170 2151 ipsum
1189 2103 1267 2138 feci-

315 2170 414 2199 muS,
439 2157 834 2201 urjurisdictataequitas,
861 2155 1037 2196 admittat,
1061 2155 1096 2188 δε·
1120 2154 1190 2197 post
1213 2165 1265 2197 ap·

317 2209 532 2251 pellationem
551 2210 585 2242 in
599 2220 660 2242 nos
672 2208 769 2244 latam
789 2206 988 2241 sententiam
1003 2227 1014 2244 ,
1041 2215 1100 2243 ea,
1126 2214 1190 2246 qua
1208 2214 1266 2245 po·

310 2258 370 2292 test
386 2259 421 2291 ὅ(
443 2259 539 2293 debet
560 2282 571 2298 ‚
597 2257 748 2300 aequitate
772 2253 966 2298 suspendat,
990 2253 1098 2287 donec
1122 2253 1262 2286 caussam

310 2308 457 2342 nostram
474 2307 582 2341 audiat
597 2330 608 2346 ,
624 2308 666 2339 v&
677 2306 778 2348 digna
793 2304 916 2337 meritis
929 2303 1049 2343 cuique
1071 2302 1227 2336 retribuat
1255 2326 1262 2334 .

310 2358 368 2393 Ad
382 2357 573 2392 Cardinales
582 2356 682 2390 etiam
700 2354 838 2388 Amicos
851 2351 970 2387 vestros
983 2353 1123 2392 litteras,
1150 2352 1172 2385 fi
1197 2351 1261 2394 pla·

310 2419 361 2441 cet
374 2432 384 2447 ‚
395 2407 622 2449 exposcimus,
651 2414 687 2437 ut
699 2404 739 2438 ad
753 2403 817 2438 hoc
829 2401 1014 2436 Dominum
1028 2400 1148 2445 Papam
1164 2401 1260 2436 infle-

311 2460 419 2497 stant,
449 2456 585 2498 &super
605 2450 806 2489 admittenda
830 2452 1049 2495 appellatione
1076 2452 1183 2487 nostra
1207 2452 1261 2485 in·-

311 2507 442 2542 dultum
461 2504 618 2540 omnibus
637 2503 790 2547 oppressis
813 2499 1009 2537 beneficium
1045 2512 1135 2546 prece
1159 2501 1259 2537 vestra

313 2558 410 2593 nobis
422 2556 596 2591 obtineant
609 2578 616 2590 .
643 2551 853 2588 Sixtusenim
865 2550 951 2594 Papa
963 2552 1005 2585 fic
1019 2551 1129 2585 statuit
1144 2564 1150 2583 :
1177 2553 1261 2595 ,Quo-

313 2615 375 2643 nes
389 2605 556 2649 Episcopus
563 2602 596 2647 se
608 2606 628 2639 ἃ
636 2601 689 2646 suo
701 2602 927 2644 Metropolitum
934 2597 1059 2644 sensmt
1080 2609 1258 2647 praegrava-
1317 2600 1379 2644 juri
1401 2600 1522 2644 semper
1543 2598 1624 2632 stare
1647 2597 1880 2641 paratissimum
1897 2620 1908 2637 ,
1924 2609 2041 2634 ,contra
2064 2609 2197 2636 omnem
2218 2600 2267 2644 ju.

314 2663 343 2691 ri
357 2681 369 2697 ,
395 2657 447 2689 vel
463 2651 703 2696 eumsuspec‘lum
714 2652 874 2692 habuerit,
899 2663 967 2685 mox
980 2653 1145 2686 Romanam
1156 2653 1257 2694 appel·
1318 2649 1438 2684 stitiam
1451 2670 1462 2690 ,
1488 2659 1525 2684 ut
1549 2648 1633 2683 mihi
1650 2647 1776 2682 videtur
1790 2672 1800 2688 ,
1827 2646 1989 2691 deprimi,
2017 2648 2180 2690 injuriosis
2192 2661 2266 2693 prc-

314 2709 358 2741 Iet
369 2707 491 2744 sedem,
520 2703 611 2747 aqua
623 2699 840 2745 dumseaudirt
858 2699 1041 2744 poposcerit,
1068 2703 1165 2735 nullus
1191 2713 1276 2745 eumq
1321 2710 1370 2735 ter
1389 2699 1549 2734 rationem
1566 2697 1779 2732 contumeliis
1800 2697 1962 2733 molestari
1983 2722 1998 2740 .,
2028 2697 2130 2734 Nunc
2151 2700 2265 2744 itaque

319 2761 572 2793 excommunicet,
599 2754 763 2795 antequam
776 2753 870 2794 caussa
880 2749 1275 2797 SummiPonnficisfinia-j
1323 2747 1499 2784 innumeris
1523 2748 1775 2791 praecedentibus
1799 2759 1919 2782 novam
1939 2747 2056 2790 adjecit
2079 2748 2228 2792 injuriam
2253 2770 2265 2791 ,

316 2816 367 2840 tur
386 2805 585 2840 authoritate.
614 2800 1161 2846 Quodfialiterpraesumpmmsumt
1177 2826 1187 2841 ,
1214 2804 1261 2838 nil
1323 2801 1379 2843 qui
1401 2798 1546 2844 affligere
1562 2808 1630 2832 non
1643 2798 1761 2832 defistit
1776 2796 2009 2832 innocentem.
2041 2799 2154 2833 Vestra
2167 2799 2265 2844 tiqui-

316 2862 391 2895 erit‚
415 2854 472 2899 sed
481 2853 597 2888 vitibus
610 2855 726 2887 omnino
736 2850 860 2886 carebit.
891 2852 943 2885 De
965 2861 1078 2888 caetero
1093 2854 1168 2895 quia
1190 2864 1255 2886 cre·
1324 2851 1397 2884 dem
1406 2850 1527 2889 fultus,
1552 2859 1589 2882 ut
1599 2847 1704 2882 asserit
1718 2847 1935 2887 ,authoritate
1945 2847 2085 2882 devotos
2103 2847 2263 2886 &fideles

317 2907 375 2941 bra
387 2904 591 2939 allocutione
601 2902 665 2936 frui
687 2902 786 2936 vestra
812 2903 1012 2944 summopere
1026 2902 1146 2937 necesse
1166 2902 1211 2948 est
1224 2904 1256 2937 ὅ(
1325 2900 1472 2935 Ecclefiae
1485 2899 1640 2934 Romana».
1649 2896 1755 2938 filiQS,
1784 2895 2095 2938 Londoniensem&
2119 2898 2263 2940 Saresbe-

317 2955 481 2994 consilio,
498 2952 699 2986 excellentiae
711 2951 816 2987 vestrae
828 2952 1030 2988 devotissime
1043 2952 1257 2996 supplicamus
1323 2950 1457 2985 riensem
1478 2950 1653 2993 Episcopus
1665 2971 1676 2989 ,
1703 2945 1772 2990 post
1796 2947 2050 2991 appellationem
2081 2947 2122 2982 ad
2139 2947 2261 2988 voss-r·-

315 3015 351 3040 ut
375 3003 470 3040 nobis
490 3001 717 3038 transfretandi
742 3001 908 3035 licentiam
932 3004 1120 3037 concedatis
1135 3027 1146 3044 ‚
1170 3004 1203 3037 &
1223 3005 1256 3037 in
1323 3002 1424 3041 stam,
1449 2999 1511 3042 juri
1536 3001 1589 3043 per
1599 2996 1713 3031 omnia
1735 2997 1918 3039 parituros,
1945 3007 2013 3031 non
2025 2998 2163 3039 citatos,
2190 3007 2260 3037 mn

315 3054 460 3100 partibus
473 3051 691 3088 transmarinis
715 3050 887 3091 Nuncios,
913 3062 995 3094 quos
1007 3051 1046 3086 ad
1068 3053 1256 3087 Dominum
1323 3060 1456 3086 vocatos
1476 3071 1487 3088 ,
1516 3057 1582 3084 non
1602 3047 1770 3082 ῦθῐῑνῐᾶθς
1792 3071 1803 3088 2
1839 3047 1933 3081 nullo
1955 3047 2060 3081 modo
2076 3048 2259 3089 commoni·
2318 3094 2329 3097 a

319 3106 445 3149 Papam
467 3104 652 3143 mittimus,
678 3111 738 3136 nos
751 3103 915 3145 expectare
928 3103 1138 3144 permittatis.
1167 3104 1258 3137 Con·
1322 3110 1396 3140 tos,
1422 3096 1773 3134 excommunicationis
1793 3097 1834 3131 de
1849 3107 1937 3131 novo
1950 3097 2258 3137 innodavit-sentem

314 3157 419 3191 servet
431 3154 696 3189 incolumitatem
717 3151 853 3188 vestram
862 3152 896 3187 in
907 3151 1007 3196 longa
1022 3162 1166 3197 tempora
1179 3164 1256 3189 om-
1322 3150 1385 3186 tia.
1412 3147 1613 3197 Qibusdam
1636 3147 1735 3180 etiam
1748 3146 1789 3181 de
1807 3146 2019 3183 familiaribus
2037 3147 2116 3183 meis
2125 3144 2258 3183 anatho·

319 3206 477 3254 tripotens
487 3203 656 3240 Dominus
667 3228 675 3236 .
1322 3199 1418 3234 matis
1431 3200 1569 3233 intentat
1579 3196 1778 3232 severitatem
1788 3221 1799 3238 ‚
1827 3197 1952 3232 nullam
1963 3196 2112 3232 adversus
2134 3208 2191 3232 eos
2203 3195 2257 3233 ha·

1323 3249 1402 3286 bens
1422 3246 1643 3283 rationabilem
1662 3248 1809 3281 causam.
1836 3247 1939 3295 and
1965 3259 2033 3281 non
2048 3246 2160 3281 minus
2174 3245 2254 3292 ²3¹²

1322 3301 1392 3336 fero
1405 3322 1417 3340 ,
1444 3297 1532 3343 quod
1544 3298 1577 3330 in
1591 3298 1620 3331 se
1632 3297 1729 3339 quam
1747 3297 1768 3330 fi
1788 3296 1823 3331 in
1847 3301 1952 3332 meam
1974 3298 2136 3340 propriam
2145 3296 2254 3341 perso·-

1323 3361 1398 3384 nam
1410 3348 1474 3382 lata
1501 3347 1584 3382 foret
1604 3346 1778 3382 sententia.
1803 3346 1881 3381 Hoc
1891 3358 1999 3382 autem
2017 3347 2158 3390 quamsit
2169 3342 2254 3379 mihi

1322 3396 1524 3434 intolerabile
1551 3421 1563 3437 ,
1602 3398 1700 3441 quam
1723 3397 1913 3440 injuriosum
1937 3420 1948 3439 ‚
1984 3397 2142 3440 quamque
2161 3392 2255 3429 fama

1322 3445 1454 3486 meae&
1473 3446 1580 3485 vestrae
1599 3458 1730 3495 generet
1745 3448 1904 3485 laesionem
1922 3470 1934 3490 ,
1962 3447 2070 3482 vestrae
2090 3455 2165 3529 ¹:10⁰·
2190 3453 2256 3480 cre·

2122 3505 2205 3529 oin-

1297 3500 1308 3531 a—
