2358 3776
374 141 470 190 240

304 214 375 251 baec
395 216 472 250 Deo
492 210 626 247 inimica
646 211 852 256 praesumptio
875 218 932 246 tua
952 211 1135 255 delebitur,
1162 211 1237 259 quia

299 265 365 301 tibi
383 264 460 298 talia
480 262 652 304 molienti,
677 261 711 295 δε
736 261 786 296 illi
818 261 934 300 servire
966 271 1035 299 non
1074 263 1200 307 possum
1230 286 1236 294 .

304 311 433 355 Unde,
449 323 532 348 nur-u
553 314 683 347 favente
705 311 856 351 Divino,
882 311 1058 345 contemsit
1072 326 1083 346 .-
1109 314 1238 361 plenam

299 365 337 399 ec
355 363 533 408 gloriosam
554 361 676 407 accepit
696 361 714 394 ὲ
734 361 889 394 Domino
923 361 1114 403 potestatem
1128 389 1138 403 ,
1175 375 1238 408 qua

296 424 467 448 conterere
486 414 606 457 poterit
630 410 837 446 Adversarios
859 411 932 444 suos
953 436 962 447 ,
992 409 1139 447 Attende
1160 425 1237 458 quae·

296 464 360 504 s0,
386 463 557 507 quomodo
580 460 733 505 Episcopi
754 459 788 493 &
804 460 886 501 alii,
913 460 969 503 qui
983 462 1238 507 cumimpngna-

297 513 378 548 bant
389 537 400 554 ,
425 513 585 548 deficiunt
599 537 606 543 .
634 511 677 544 Et
690 509 856 553 persistens
868 510 901 543 in
914 521 956 543 eo
969 534 981 549 ‚
1003 511 1092 554 quod
1104 512 1236 547 tandem

293 562 421 607 coepisti
435 588 446 604 ,
471 572 625 596 converte
646 561 679 601 &
701 558 817 594 robora
838 562 962 595 Fratres
975 568 1067 597 tuos.
1108 561 1236 598 Exhibe

293 622 330 648 te
343 613 433 647 Patri
456 613 562 646 filium
601 636 611 652 ,
663 610 822 655 quoniam
844 611 878 643 in
902 610 970 652 ejus
991 612 1144 647 manibus
1165 613 1235 657 post

293 664 408 698 Deum
433 663 467 697 ὅ(
488 673 541 706 per
554 662 666 696 Deum
688 662 770 695 salus
793 658 941 694 Ecclefiae
960 662 1062 703 posita
1073 662 1119 696 est
1132 688 1139 696 .
1162 663 1236 698 Nec

293 713 431 748 differas
455 712 663 752 benefacere,
689 711 765 745 cum
777 709 872 753 possit
885 727 896 735 -
921 710 984 745 Sed
998 712 1020 745 si
1039 711 1132 747 aliter
1154 713 1235 748 salus

291 774 410 799 eorum
431 763 576 807 expediri
591 773 659 797 non
673 761 790 805 possit,
815 759 969 794 fratribus
991 762 1155 808 utrimque
1166 764 1235 798 sub-

291 811 385 848 trahe
405 813 529 857 aliquid
554 812 675 858 ignaris
695 820 750 844 aut
769 810 883 845 invitis
905 834 917 851 ,
942 811 1031 847 unde
1061 813 1233 849 incolumi·

291 872 342 898 tas
364 863 399 898 ἀ
419 862 617 898 indemnitas
639 872 752 896 eorum
776 861 809 893 in
830 860 885 895 die
902 860 1114 899 obdustionis
1126 864 1235 899 valeat

289 912 474 957 procurari.
500 913 582 952 Tu,
610 913 687 950 Deo
710 909 873 950 authore,
900 912 935 946 in
957 923 1054 955 portu
1084 914 1233 959 navigas,

288 962 371 1013 quid
388 973 422 998 te
442 973 591 1008 oporteat
614 973 734 1014 agere,
770 972 825 1010 per
846 960 1003 998 Latorem
1027 965 1231 1012 praesentium

296 1012 431 1053 audite.

439 1111 852 1149 EPISTOLA
914 1114 1085 1151 CV111.

335 1213 428 1250 idem
448 1213 688 1259 Bartholomeo
709 1213 890 1250 Exonienfi
915 1214 1205 1252 Archi-Diacono.

338 1316 393 1349 Suo
416 1313 577 1349 Benodfflo
583 1312 654 1356 suus
677 1317 844 1347 Gratianus
855 1313 986 1361 salutem
1001 1318 1036 1351 Θ
1056 1315 1184 1350 benedi-

586 1363 709 1398 monem
727 1364 749 1397 ἃ
767 1366 911 1401 Domino.

383 1463 476 1499 UIA
504 1462 566 1498 tibi
586 1465 791 1508 presentium
812 1465 954 1508 portitor
977 1463 1108 1509 plenius
1132 1473 1233 1500 notus

406 1512 471 1553 est,
503 1513 595 1556 plura
619 1513 721 1547 relatu
742 1511 844 1557 digna
856 1511 1014 1549 schedulae
1028 1513 1233 1556 subtrahens,

425 1561 498 1598 fidei
519 1562 588 1608 ejus
608 1561 755 1597 commisi
769 1562 830 1597 tibi
852 1563 1005 1599 secretius
1027 1563 1222 1599 intimanda.

283 1614 410 1650 Verum
431 1614 506 1661 quia
529 1612 571 1647 de
593 1612 676 1648 statu
709 1611 846 1658 publico
878 1614 1030 1649 Ecclesiae
1060 1614 1095 1649 ἁ
1121 1613 1233 1659 Regni

281 1667 404 1713 pariter
429 1664 648 1700 sollicitamur
661 1688 672 1704 ,
699 1673 859 1707 utumque
875 1663 938 1699 tibi
955 1665 1121 1701 succincta
1133 1664 1231 1699 brevi·

282 1726 350 1750 tate
370 1716 569 1760 perstringo.
596 1713 636 1744 In
653 1712 765 1754 primis
778 1712 857 1756 ergo
875 1715 1026 1760 noveris,
1054 1714 1145 1758 quod
1159 1716 1231 1748 Hae-

281 1765 436 1800 resiarcha
474 1761 657 1798 Cremensis
682 1761 716 1795 &
737 1762 930 1797 cremandus
968 1764 1097 1800 clausus
1128 1764 1230 1799 estin

280 1814 392 1849 Turre
412 1812 568 1857 Stephani
590 1809 787 1846 Theobaldi
811 1836 822 1852 ,
859 1823 923 1846 nec
942 1812 1041 1848 audet
1079 1811 1189 1858 egredi
1218 1837 1229 1854 ,

280 1865 443 1909 timetque
467 1865 570 1907 usque
591 1860 634 1896 ad
655 1871 797 1896 mortem
823 1862 1076 1899 innovationem
1098 1866 1230 1899 Senato-

279 1926 378 1955 rum,
405 1912 461 1958 qui
485 1914 519 1946 in
544 1911 704 1946 Calendis
725 1911 970 1948 Novembribus
1003 1912 1110 1949 Urbis
1141 1913 1230 1959 regi-

279 1975 357 2002 men
383 1962 548 2007 accepturi
576 1962 672 1996 sunt.
701 1961 792 1996 Nam
815 1963 979 2005 praesentis
1000 1963 1228 1998 anniSenato·

281 2026 355 2055 res,
380 2023 417 2049 ut
439 2014 588 2057 captivos
611 2013 687 2046 suos
714 2011 755 2047 de
778 2023 904 2047 carcere
924 2013 1134 2058 Imperatoris
1166 2012 1233 2047 eri-

280 2075 394 2112 perent
415 2088 426 2105 ‚
463 2062 660 2098 Gnidonem
685 2062 896 2098 Cremensem
921 2073 1113 2108 receperunt
1139 2061 1226 2107 apud

281 2115 434 2150 Sanctum
456 2113 589 2149 Petrum
605 2136 615 2152 ‚
651 2112 685 2146 δι’
708 2114 743 2148 in
767 2113 925 2159 Regione
948 2112 1232 2158 Transtyberina,

282 2167 312 2200 ei
333 2165 489 2208 juratoria
515 2164 675 2200 cautione
696 2164 904 2199 securitatem
924 2163 1109 2209 praestantes
1122 2189 1130 2196 .
1156 2163 1232 2209 Βο-

287 2227 378 2251 mam
399 2214 477 2250 vero
498 2215 528 2250 ei
555 2213 725 2259 nunquam
748 2212 906 2257 subjicere
925 2222 1124 2258 potuerunt,
1150 2213 1233 2246 &ut

289 2266 430 2309 opinor,
457 2276 518 2300 nec
542 2264 719 2299 voluerunt
733 2263 847 2297 -Novi
870 2261 946 2296 vero
968 2263 1140 2296 Senatores
1161 2262 1231 2295 Do-

288 2316 386 2351 mino
395 2313 489 2359 Papae
512 2313 707 2348 Alexandro
728 2312 850 2345 facient
874 2311 1067 2346 fidelitatem
1089 2336 1100 2352 ‚
1138 2310 1173 2345 &
1194 2320 1231 2344 ut

288 2365 451 2406 creditur,
477 2362 732 2401 authoreer,
758 2358 926 2396 schismati
950 2361 1049 2395 finem
1072 2360 1198 2395 dabunt
1225 2385 1234 2393 .

289 2417 372 2451 Hoc
390 2414 481 2449 enirn
502 2413 627 2447 diutius
653 2413 823 2445 tractatum
845 2411 890 2446 est
909 2436 919 2452 ,
946 2412 978 2446 &
993 2410 1105 2446 multis
1126 2412 1231 2445 firma-

292 2475 364 2500 tum
386 2462 576 2506 juramentis
604 2485 613 2494 .
648 2460 842 2495 Cardinales
874 2461 1012 2496 redeunt
1047 2462 1192 2496 revocati
1221 2485 1232 2502 ,

292 2527 362 2550 non
374 2515 438 2548 sine
458 2513 652 2548 confusione
676 2510 872 2554 poenitentes
891 2535 903 2552 ,
938 2511 973 2545 &
996 2521 1233 2556 conquerentes

292 2568 326 2601 se
349 2566 391 2600 ad
416 2564 519 2610 Regis
541 2561 747 2601 voluntatem
779 2560 881 2594 nimis
909 2561 1050 2596 caussam
1085 2561 1234 2596 Ecclefiae

293 2614 491 2660 depreffiffe.
520 2610 616 2646 Alter
633 2611 728 2646 ‘enim
753 2621 889 2651 eorum,
917 2610 1072 2646 videlicet
1091 2611 1232 2655 Papien-

286 2665 347 2705 fis,
373 2665 404 2698 ei
421 2663 456 2696 in
478 2661 632 2696 omnibus
645 2661 789 2700 adstitit,
814 2660 916 2695 altero
926 2671 1058 2705 quoque
1070 2661 1223 2696 remiffius

288 2724 429 2760 agente,
453 2712 552 2755 quam
572 2720 672 2745 tantas
692 2711 943 2754 exspestationis
978 2711 1012 2746 ἀ
1030 2712 1095 2755 spei
1125 2710 1229 2746 homi-

290 2761 558 2807 nemvdecuiffet.
580 2758 694 2796 'Unde
706 2760 826 2795 litteras
838 2761 929 2802 illas,
955 2760 996 2795 de
1018 2761 1134 2806 quibus
1151 2762 1228 2796 Rex

289 2808 473 2861 gloriatur}
498 2811 642 2845 Domini
663 2810 907 2845 cantuariensis
931 2811 1123 2854 potestatem
1138 2810 1225 2846 cohi-

291 2859 428 2905 bentes,
451 2862 559 2896 donec
580 2860 688 2895 redeat
701 2859 734 2893 in
749 2861 887 2905 gratiam
899 2861 991 2904 ejus,
1016 2862 1146 2896 constat
1171 2861 1233 2897 hac

292 2924 361 2950 arte
381 2915 474 2948 fuine
489 2913 674 2955 impetratas
685 2936 692 2942 .
719 2910 864 2944 Noverat
877 2922 1080 2946 memoratus
1094 2912 1231 2956 Papien-

294 2951 342 3000 ἧς’
359 2964 547 2998 Dominum
559 2960 827 2997 Cantuariensem
848 2960 1025 2996 obtinuisse
1036 2962 1078 2996 ab
1093 2961 1232 3005 Aposto-

293 3016 357 3050 lica
378 3014 483 3054 Sede,
508 3023 545 3045 ut
567 3012 596 3046 ei
616 3011 726 3046 liceret
748 3011 782 3044 in
804 3020 901 3054 caput
920 3011 1023 3055 Regis
1046 3011 1254 3047 anathema--

293 3065 356 3106 tis,
381 3066 416 3099 &
436 3065 470 3096 in
503 3063 658 3107 Regnum
689 3060 851 3095 interdicti
876 3063 1084 3107 promulgare
1111 3064 1236 3097 senten-

293 3118 397 3154 tiam,
425 3113 482 3146 nisi
495 3112 568 3146 Rex
591 3113 673 3145 infra
686 3113 862 3146 terminum
877 3109 994 3144 litteris
1025 3113 1235 3156 comprehen-

297 3168 368 3201 sum
392 3162 541 3198 Ecclefiis
563 3161 671 3195 ablata
690 3172 765 3195 cum
792 3161 987 3206 «integritate
1022 3162 1200 3196 restitueret
1227 3187 1237 3202 ,

301 3219 337 3251 &
355 3211 521 3257 condigne
541 3212 735 3245 satisfaceret
747 3236 754 3243 .
783 3211 910 3254 Scripsit
921 3210 1001 3254 ergo
1014 3211 1167 3244 Domino
1179 3212 1233 3245 Pa-

301 3279 373 3311 pae,
400 3261 626 3306 lachrymabili
648 3261 882 3305 supplicatione
894 3261 1086 3304 deposcenS,
1114 3272 1234 3295 utcum

301 3314 516 3359 Regemitius
537 3322 685 3359 ageretur
700 3335 710 3351 ,
738 3323 779 3344 ne
805 3322 871 3344 tam
895 3311 988 3344 illum
1004 3335 1015 3352 ,
1039 3310 1135 3351 quam
1160 3311 1234 3345 Do—

301 3369 430 3399 minum
443 3366 607 3398 Ottonem
629 3361 789 3405 collegam
812 3361 903 3394 suum
917 3386 927 3400 ,
954 3361 993 3394 ad
1018 3361 1232 3404 ignominiam

299 3418 335 3451 δι
357 3414 565 3455 opprobrium
599 3412 831 3454 sempiternum
865 3410 1011 3444 Ecclefiae
1048 3411 1202 3445 Romanae
1226 3435 1235 3451 ,

301 3467 388 3504 idem
412 3463 484 3497 Rex
499 3487 510 3504 ,
532 3464 609 3498 sicut
620 3463 684 3506 jam
695 3460 915 3507 disposuerat,
941 3461 963 3495 si
983 3462 1018 3495 in
1033 3461 1136 3506 ipsum
1149 3463 1239 3507 aspe-

957 115 1512 176 EPJST'OLAE

1299 210 1363 247 rius
1377 222 1544 257 ageretur,
1571 213 1747 256 conjiceret
1765 214 1802 248 in
1824 214 2009 254 vincula&
2041 231 2198 260 emerem
2225 221 2238 264 3

1299 260 1354 295 ubi
1378 273 1485 298 morte
1502 263 1567 306 ipsa
1586 264 1753 298 duriorem
1769 289 1779 304 ,
1804 266 1956 300 miseram
1969 266 2001 300 &
2012 266 2139 307 brevem
2152 283 2238 307 tran-

1270 358 1274 362 ,
1297 311 1434 358 figerent
1461 315 1583 347 vitam.
1612 314 1700 349 Cum
1725 313 1803 359 ergo
1835 315 1964 361 Regem
1986 314 2051 351 hoc
2077 316 2237 357 facturum

1296 362 1359 396 esse
1379 364 1571 406 persuasisset
1596 389 1607 406 ,
1639 365 1787 399 obtinuit
1808 364 1848 399 ad
1869 364 2138 403 consolationem·
2166 371 2238 407 Re-

1297 411 1371 455 giS,
1397 414 1497 448 etiarn
1513 415 1601 458 quasi
1625 416 1713 449 suam
1737 415 1772 450 &
1792 415 1873 450 socii
1896 416 2144 456 liberationem,
2169 421 2237 464 que»

1298 461 1426 496 facilius
1454 464 1659 510 egrederetur
1688 489 1701 506 ,
1748 465 1938 510 rescriptum
1971 465 2202 510 Apostolicum
2224 495 2237 512 ‚

1299 511 1385 554 quod
1410 522 1477 547 tam
1497 514 1635 549 vestram
1648 514 1745 559 quarn
1769 516 1921 551 omnium
1943 514 2093 551 fidelium
2114 512 2241 553 mentes

1298 561 1518 598 exulceravit.
1541 565 1603 600 Sed
1627 564 1801 609 impetrare
1823 577 1892 600 non
1917 567 2049 611 potuit,
2087 577 2125 601 ut
2148 567 2244 602 tolle-

1298 619 1407 645 rentur
1428 612 1543 649 litterae
1563 640 1574 656 ‚
1613 616 1734 660 quibus
1752 616 1921 652 Dominus
1944 615 2033 661 Papa
2056 615 2184 652 reducit
2206 617 2243 652 iu

1297 662 1488 698 memoriam
1512 664 1615 711 Regis
1635 691 1646 707 ,
1673 665 1761 709 quod
1783 669 1895 702 eitam
1918 677 1959 701 ex
1982 667 2099 702 litteris
2135 667 2204 713 ejus
2232 689 2246 707 ‚

1296 711 1391 754 quam
1411 724 1453 746 ex
1475 716 1741 759 promistionibus
1752 716 1963 752 Nunciorum
1977 717 2054 752 data
2065 725 2150 752 certa
2172 717 2244 761 spes

1296 762 1328 795 &
1352 761 1472 798 fiducia
1496 766 1584 808 pacis
1602 766 1659 800 sub
1680 778 1717 801 ea
1739 767 1935 803 conditione
1951 792 1963 809 ,
1987 778 2025 802 ut
2044 766 2124 811 saepe
2155 765 2245 803 dict·

1297 811 1382 857 Regi
1407 822 1518 849 tantus
1534 815 1742 852 exhiberetur
1761 816 1889 853 honor.
1914 815 2140 865 Supplicatum
2172 816 2244 858 est,

1296 872 1331 895 ut
1353 862 1394 896 ad
1416 875 1540 900 annum
1553 866 1798 910 protenderetur
1808 866 1877 902 haec
1897 866 2041 909 dilatio,
2066 867 2121 902 sed
2134 867 2242 912 repul·

1296 913 1332 945 sae
1353 913 1430 948 sunt
1449 926 1556 958 preces
1579 941 1590 957 ,
1618 917 1815 960 Apostolico
1839 917 1970 953 dicente
1988 913 2134 952 Nu'nciis
2168 917 2244 961 ipsis

1295 962 1326 995 se
1347 963 1379 996 in
1400 962 1488 999 brevi
1512 977 1738 1001 revocaturum
1760 967 2001 1012 indulgentiam
2025 968 2142 1008 istam,
2181 965 2244 1001 nisi

1299 1011 1369 1046 Rex
1391 1024 1466 1048 cum
1489 1014 1592 1050 Archi
1606 1034 1616 1042 ·
1629 1014 1791 1060 Episcopo
1813 1017 1883 1051 cito
1894 1019 2007 1052 fecerit
2031 1028 2145 1062 pacem
2163 1042 2171 1050 .
2197 1015 2245 1051 Et

1296 1062 1430 1106 quidem
1448 1063 1513 1107 jam
1534 1075 1681 1100 revocata
1692 1066 1760 1106 est,
1787 1066 1847 1100 nisi
1871 1067 1954 1101 insta
1973 1077 2100 1101 certum
2115 1068 2242 1102 satisfe-

1296 1112 1375 1146 cerit
1393 1112 1502 1148 diem.
1531 1114 1662 1151 Exinde
1685 1116 1775 1149 enim
1798 1115 1939 1149 liberum
1957 1115 2004 1149 est
2029 1113 2245 1160 Archi-Epi-

1298 1161 1395 1206 scopo
1416 1163 1591 1207 procedere
1607 1164 1648 1199 de
1669 1165 1783 1210 vigore
1802 1165 1982 1201 litterarum
1997 1189 2009 1206 ,
2033 1175 2112 1209 quas
2137 1165 2247 1209 ipsum

1296 1213 1438 1256 superius
1460 1213 1605 1248 diximus
1624 1215 1821 1257 impetrasse.
1849 1215 1932 1250 Inde
1945 1214 1993 1250 est
2008 1239 2019 1255 ,
2044 1212 2134 1259 quod
2167 1214 2248 1249 Car·

1295 1262 1419 1296 dinales
1437 1261 1478 1297 de
1501 1264 1649 1298 manibus
1663 1265 1765 1309 Regis
1785 1265 1870 1300 elabi
1893 1264 2100 1300 festinantius
2111 1264 2242 1300 studue-

1295 1320 1370 1346 runt
1392 1338 1400 1346 .
1435 1313 1588 1349 Nuncius
1621 1315 1780 1357 supplebit
1813 1325 1926 1349 caetera
1960 1313 2099 1349 dicenda
2132 1314 2247 1358 potius

1295 1362 1392 1404 quam
1417 1362 1586 1397 scribenda
1610 1388 1622 1405 ,
1654 1374 1692 1398 ut
1716 1365 1751 1397 &
1777 1373 1812 1398 tu
1837 1365 1913 1399 cum
1951 1365 2066 1399 omnia
2089 1363 2207 1399 videris
2234 1387 2246 1404 ,

1295 1413 1465 1456 provideas
1485 1412 1656 1456 quomodo
1681 1414 1775 1457 poffis
1797 1414 1977 1449 cautiffime
1989 1414 2158 1450 ambulare
2172 1439 2180 1446 .
2206 1415 2247 1449 si

1294 1460 1374 1505 quid
1400 1471 1510 1496 autem
1532 1461 1639 1496 adhuc
1659 1462 1821 1496 emerserit
1842 1488 1856 1504 ,
1894 1464 1982 1508 quod
2010 1464 2075 1506 jam
2108 1463 2246 1499 Statutis

1294 1511 1498 1554 praejudicet,
1523 1510 1584 1546 tibi
1599 1535 1610 1550 ,
1634 1511 1710 1545 Deo
1732 1513 1931 1556 propitiante
1957 1538 1967 1553 ,
1997 1514 2244 1548 communicare

1294 1571 1362 1594 non
1383 1559 1550 1595 differam.
1587 1561 1719 1606 Regum
1744 1573 1807 1605 pax
1832 1562 2014 1606 sperabatur
2036 1563 2070 1598 ὅ(
2092 1562 2246 1598 tractaba-

1294 1619 1347 1645 tur
1371 1621 1472 1654 nuper
1488 1634 1499 1651 ,
1526 1610 1578 1645 sed
1603 1611 1676 1645 Rex
1702 1612 1734 1645 in
1757 1621 1883 1647 tantam
1913 1611 2031 1648 recidit
2067 1613 2246 1648 contrarie-

1295 1670 1395 1695 tatem
1407 1685 1418 1702 ,
1445 1670 1481 1695 ut
1501 1659 1566 1703 jam
1580 1660 1644 1695 fere
1658 1660 1864 1705 impossibilis
1877 1661 2047 1703 videatur,
2071 1662 2153 1697 licet
2166 1674 2242 1697 neu-

1294 1720 1344 1745 ter
1368 1722 1519 1756 guerram
1541 1710 1639 1745 velit.
1666 1710 1821 1746 Profesto
1842 1712 2067 1747 convenissent
2085 1711 2104 1745 a
2125 1710 2242 1747 multis

1293 1760 1430 1800 diebus,
1457 1761 1515 1794 nisi
1537 1760 1611 1794 Rex
1636 1760 1768 1806 Angliae
1793 1761 1887 1797 rebus
1905 1762 2065 1809 dispositis
2086 1763 2121 1797 δε
2144 1762 2246 1797 corn⁴

1295 1810 1406 1853 positis
1433 1809 1557 1852 aliquid
1584 1812 1707 1853 semper
1730 1821 1902 1845 conaretur
1923 1811 2061 1853 adjicere
2084 1836 2091 1843 .
2131 1811 2246 1855 ltaque

1294 1857 1360 1894 fere
1376 1858 1518 1901 accidit,
1545 1867 1581 1893 ut
1602 1867 1760 1902 quantum
1780 1860 1956 1905 procedere
1977 1860 2120 1902 nititur,
2145 1861 2243 1896 resin

1295 1908 1498 1944 contrarium
1519 1910 1685 1954 proposito
1707 1922 1820 1956 pergat
1838 1915 2014 1946 eventum:
2056 1921 2095 1945 ut
2114 1910 2172 1945 fiat
2194 1922 2242 1946 re-

1294 1959 1464 2004 trogradus
1475 1960 1508 1993 in
1533 1959 1688 2004 agendis,
1716 1962 1771 2004 qui
1793 1971 1903 2005 praeter
1925 1972 2053 2005 aequum
2072 1958 2245 1996 &bonum'

1293 2008 1431 2043 molitur
1449 2008 1705 2049 conventionis,
1731 2011 1833 2045 etiarn
1846 2010 1927 2054 Iuris
1949 2023 2017 2046 non
2030 2020 2098 2045 tam
2114 2011 2247 2054 praeces-¹

1296 2060 1347 2093 sor
1366 2059 1450 2097 esse,
1478 2058 1575 2102 quam
1601 2058 1783 2093 subversor.
1814 2058 2016 2104 Apostolicae
2033 2059 2245 2096 constitutio-

1295 2108 1347 2143 nis
1367 2108 1539 2152 rescripta,
1568 2109 1644 2143 cum
1668 2109 1817 2151 licuerit,
1842 2110 1931 2154 quod
1951 2109 2084 2154 quidem
2107 2110 2142 2144 in
2176 2110 2245 2145 bre·

1295 2159 1350 2199 vi,
1377 2158 1531 2192 Domino
1553 2159 1780 2202 patrocinante
1796 2184 1807 2199 ,
1833 2161 1981 2194 futurum
1993 2159 2061 2200 est,
2088 2159 2150 2195 tibi
2163 2163 2243 2194 mit-

1296 2218 1362 2242 tam
1377 2233 1386 2248 ‚
1415 2208 1570 2252 adjiciens
1588 2209 1701 2253 siquid
1725 2210 1968 2245 referendorum
1992 2210 2169 2256 contigerit
2194 2209 2245 2243 in·
2298 2239 2300 2241 ,

1295 2259 1388 2292 terim
1413 2258 1580 2294 innovari.
1612 2258 1806 2294 Praeteream
1828 2258 1918 2304 quod
1939 2259 2077 2295 minime
2088 2271 2162 2294 reor
2171 2260 2240 2295 else

1295 2309 1573 2352 praetereundum,
1610 2308 1732 2344 scilicet
1752 2311 1941 2345 Dominum
1965 2311 2131 2345 Ottonem
2167 2321 2249 2354 pau«

1293 2358 1340 2392 cis
1355 2355 1488 2399 diebus,
1516 2359 1690 2402 antequam
1713 2358 1906 2394 recederet&
1922 2361 2017 2405 Rege
2030 2385 2041 2401 ‚
2069 2361 2173 2406 ipsum
2195 2359 2246 2394 di-

1294 2406 1448 2452 ligentius
1467 2409 1672 2448 convenisse,
1698 2419 1735 2442 ut
1753 2420 1865 2452 pacem
1878 2421 1954 2443 curn
1967 2409 2071 2444 Archi
2082 2428 2093 2436 ·
2109 2411 2243 2453 Episco-

1294 2469 1338 2502 po
1361 2458 1565 2491 reformaret.
1597 2457 1658 2492 Ille
1678 2458 1758 2492 vero
1782 2457 1950 2502 respondit
1975 2459 2009 2492 se
2036 2470 2094 2502 pro
2132 2469 2246 2493 amore

1295 2507 1439 2542 Domini
1462 2505 1557 2550 Papae
1582 2507 1617 2542 δι
1638 2507 1867 2542 Cardinalium
1889 2509 2113 2552 permissurum
2147 2533 2158 2548 ,
2202 2518 2242 2542 ut

1296 2557 1423 2593 Archi·
1439 2557 1623 2601 Episcopus
1647 2557 1680 2590 in
1705 2568 1782 2601 pace
1805 2557 1916 2591 redeat
1937 2557 1977 2591 ad
2000 2557 2116 2591 Sedem
2129 2559 2219 2592 suam
2233 2583 2247 2600 ,

1295 2609 1327 2643 δε
1345 2607 1499 2652 disponat
1523 2607 1672 2641 Ecclefiae
1693 2608 1726 2642 δε
1748 2607 1841 2642 rebus
1855 2607 1937 2640 suis.
1967 2607 2011 2641 Et
2022 2607 2098 2651 quia
2112 2606 2153 2642 de
2165 2619 2243 2642 con·

1295 2657 1519 2692 suetudinibus
1539 2656 1643 2701 jurgia
1664 2655 1786 2691 diutius
1806 2667 2034 2701 protraxerunt
2053 2680 2064 2697 ,
2099 2657 2184 2692 dixit
2209 2659 2246 2692 se

1293 2709 1327 2742 &
1351 2708 1472 2742 liberos
1481 2708 1556 2741 suos
1581 2706 1646 2741 illis
1669 2707 1745 2742 solis
1769 2709 1831 2742 esse
1846 2716 2023 2742 contentos
2037 2732 2048 2747 ,
2084 2718 2164 2753 quas
2184 2718 2243 2742 an-

1295 2759 1463 2794 tecessores
1484 2758 1558 2791 suos
1570 2756 1715 2791 habuisse
1730 2757 1932 2799 constiterit,
1956 2757 2143 2801 juramento
2168 2768 2244 2793 ceu-

1295 2819 1366 2843 tum
1388 2808 1565 2843 hominum
1587 2806 1628 2841 de
1650 2807 1795 2851 Anglia,
1821 2808 1854 2841 &
1870 2816 2005 2842 centum
2019 2806 2061 2842 de
2075 2807 2245 2842 Norman-

1298 2860 1350 2894 nia
1363 2883 1374 2899 ‚
1400 2859 1433 2893 &
1452 2869 1585 2893 centurn
1605 2856 1645 2891 de
1671 2857 1862 2902 Andegavia
1876 2882 1888 2897 ,
1913 2858 1947 2891 ὃς
1968 2856 2041 2891 aliis
2050 2858 2142 2892 terris
2166 2857 2240 2892 suis.

1297 2911 1328 2944 Si
1353 2910 1430 2942 νει-ὀ
1451 2906 1519 2943 haec
1535 2907 1687 2942 conditio
1701 2908 1788 2950 pacis
1812 2906 2114 2951 Archi-Episcopo
2124 2906 2236 2950 displi-

1297 2958 1421 2998 cuerit,
1458 2960 1490 2992 se
1514 2967 1657 3002 paratum
1681 2959 1743 2991 effe
1762 2956 1845 2989 dixit
1867 2957 1948 2992 siare
1970 2957 2106 2992 arbitrio
2139 2957 2246 2991 trium

1300 3009 1536 3052 Episcoporum
1563 3007 1711 3051 Angliae,
1749 3006 1902 3041 &trium
1941 3007 2198 3042 cismarinorum
2226 3031 2239 3047 ‚

1300 3057 1448 3093 videlicet
1462 3057 1736 3100 Rothomagensis
1748 3080 1758 3096 ‚
1784 3056 1967 3101 Bajocenfis
1981 3083 1990 3098 ,
2018 3057 2053 3091 ὅ(
2075 3058 2239 3092 Cenoma·

1300 3109 1423 3143 nensis.
1451 3109 1554 3158 Qod
1576 3107 1598 3139 si
1624 3117 1684 3140 nec
1706 3105 1790 3140 istud
1802 3108 1981 3146 suffecerit,
2008 3108 2152 3142 Domini
2178 3106 2236 3139 Pa-

1299 3171 1343 3202 pae
1363 3157 1487 3201 judicio
1509 3155 1603 3191 stabit
1626 3180 1637 3196 ‚
1664 3167 1704 3190 eo
1725 3157 1814 3191 salvo
1839 3167 1877 3191 ut
1899 3170 1967 3192 non
1990 3155 2237 3202 exhaeredentur

1300 3208 1389 3242 liberi
1410 3208 1477 3250 ejus
1492 3233 1499 3240 .
1525 3207 1614 3240 Nam
1639 3207 1672 3239 in
1697 3207 1814 3241 diebus
1832 3208 1897 3242 suis
1927 3207 2020 3242 facile
2045 3205 2238 3246 sustinebit,

1298 3270 1332 3292 ut
1352 3258 1516 3293 Dominus
1532 3257 1617 3299 Papa
1631 3282 1641 3297 ‚
1672 3268 1750 3300 quas
1764 3258 1921 3299 voluerit,
1947 3257 2110 3300 reprobet.
2139 3257 2233 3304 Qae·

1298 3311 1389 3343 situm
1413 3310 1458 3344 est
1481 3307 1522 3341 ab
1539 3318 1602 3347 eo,
1629 3308 1787 3351 quidnam
1804 3307 2151 3350 Archi-Episcopo&
2175 3304 2236 3338 suis

1299 3361 1437 3394 facturus
1458 3367 1526 3392 erat
1549 3358 1590 3392 de
1610 3357 1831 3398 restitutione,
1859 3368 1929 3400 quae
1951 3357 1992 3392 ab
2019 3358 2087 3400 ipso
2119 3354 2236 3400 petitur

1297 3410 1328 3444 &
1354 3408 1506 3443 debetur.
1536 3407 1583 3441 At
1605 3407 1661 3442 ille
1673 3408 1862 3452 respondit,
1890 3409 1967 3452 quia
1993 3407 2100 3447 nihil,
2124 3405 2234 3447 jurans

1296 3459 1408 3498 multis
1428 3459 1461 3493 ὅ(
1483 3458 1647 3503 exquisitis
1666 3458 1878 3504 juramentis,
1904 3458 1994 3504 quod
2005 3456 2138 3511 omnia,
2151 3463 2236 3536 desum

2116 3514 2149 3539 in
2174 3512 2192 3537 e
