2358 3776
359 125 453 169 310

296 243 398 278 &ibus
419 241 495 276 inde
506 242 662 285 perceptis
681 241 713 275 in
727 250 842 274 manus
858 238 972 273 vestras
996 238 1088 271 omni
1109 248 1234 272 contra-

291 293 437 327 dictione
455 291 489 326 δε
501 291 718 336 appellatione
730 292 869 325 cessante
881 288 1043 332 refignent
1055 312 1066 328 ,
1091 288 1125 322 δι
1135 289 1182 322 eis
1194 287 1233 322 ad

292 353 432 386 quorum
444 342 691 388 resignationem
713 342 781 384 jure
809 337 1034 372 Ecclefiastico
1055 336 1196 381 spectant
1223 362 1235 378 ,

291 390 511 435 disponendas
530 392 735 436 relinquant.
762 388 866 433 Qod
887 387 908 419 si
931 386 970 420 ad
993 389 1233 422 commonitio-

286 452 364 476 nem
375 442 515 478 nostram
530 443 611 476 infra
633 438 849 484 quadraginta
875 435 943 470 dies
953 437 1022 479 post
1046 435 1160 474 harum
1180 441 1232 472 su-

284 493 486 536 sceptionem
498 504 564 525 non
578 491 731 528 fecerint,
761 498 818 522 vos
829 497 885 522 eos
898 484 1097 522 authoritate
1113 490 1232 528 noflra,

287 542 417 577 sublato
436 540 665 584 appellationis
685 537 828 573 remedio
844 561 855 578 ,
881 534 1053 580 cujuslibet
1077 537 1195 573 timore
1221 566 1230 582 ,

286 595 413 637 gratia,
438 591 471 624 &
491 589 717 633 prohibitione
748 588 945 633 postposita,
969 589 1231 623 excommunica-

287 642 390 676 tionis
402 640 561 674 sententia
585 639 727 680 feriatis,
753 638 835 673 &ab
858 637 1012 671 omnibus
1031 637 1158 672 faciatis
1177 650 1233 682 per

286 688 466 727 Parochias
482 690 597 724 vestras
606 691 684 724 ficut
705 689 1008 724 excommunicatos
1029 689 1145 730 vitari,
1172 689 1233 724 do·

286 753 348 776 nec
361 741 519 776 Ecclefias
540 741 730 785 praescriptas
751 741 782 773 ὅ(
795 739 857 773 alia
871 735 1027 772 beneficia
1040 737 1230 773 Ecclesiasti-

281 803 319 826 ca
340 791 444 826 libere
454 791 687 836 resignaverint
698 791 762 824 illis
774 815 784 830 ‚
813 787 851 823 ad
865 799 1004 833 quorum
1016 789 1229 823 donationem

283 840 572 876 &ordinationem
587 843 751 885 studiant,
777 839 856 874 &in
877 850 954 882 pace
965 839 1145 874 dimiserint
1160 864 1170 879 ‚
1196 840 1229 873 ἃ

275 891 317 926 de
328 890 484 926 fruffibus
495 892 572 926 inde
588 892 743 935 perceptis
754 890 890 934 dignam
904 889 1052 928 Ecclesiae
1073 889 1219 925 exhibue

278 942 347 977 rint
359 942 628 977 satisfactionem.
659 943 691 976 Si
714 941 869 974 autemin
882 938 932 974 his
954 939 1151 984 exequendis
1173 951 1227 974 ne·

278 992 446 1038 gligentes
457 993 583 1027 fueritis
605 990 789 1027 autremiffi
803 1015 813 1031 ,
840 1002 900 1025 nos
912 1001 1028 1025 omnes
1047 990 1122 1024 illos
1135 1014 1145 1030 ,
1172 991 1226 1032 qui

276 1041 437 1076 Ecclesias
461 1042 511 1076 vel
522 1053 632 1076 caetera
650 1040 805 1076 beneficia
820 1040 1046 1077 Ecclesiastica
1061 1051 1171 1084 praeter
1184 1041 1227 1074 as·

271 1091 401 1125 sensum
415 1091 675 1135 Episcoporum,
702 1091 742 1125 ad
764 1102 846 1135 quos
857 1103 971 1125 eorum
995 1090 1134 1124 donatio
1156 1092 1226 1134 sper

276 1143 361 1183 ctat,
389 1140 539 1176 demanu
560 1142 681 1182 Laica,
707 1152 804 1186 prout
832 1141 977 1184 superius
999 1141 1122 1174 dicium
1144 1141 1189 1174 est
1214 1165 1225 1182 ,

275 1190 446 1235 suscepisse
458 1193 638 1227 noscuntur
650 1217 659 1233 ,
688 1193 746 1227 nisi
763 1192 925 1236 praeceptis
938 1191 1055 1225 nostris
1066 1191 1147 1225 infra
1160 1202 1226 1224 ter-

273 1241 406 1275 minum
420 1244 634 1286 praescriptum
648 1244 811 1285 paruerint
826 1267 836 1282 ,
864 1240 1226 1276 excommunicationis

273 1291 447 1326 sententiae
469 1291 691 1331 authoritate,
721 1304 784 1335 qua
806 1293 998 1334 fungimur,
1024 1289 1225 1324 decernimus

271 1341 433 1385 subjacere
459 1353 466 1372 ι
493 1342 526 1375 dc
556 1352 611 1375 eos
636 1341 743 1374 ficuta
768 1340 865 1374 nobis
884 1341 1187 1373 excommunicatos
1213 1364 1224 1380 ,

272 1390 475 1435 praecipimus
495 1391 538 1425 ab
552 1391 710 1425 omnibus
721 1390 834 1425 evitari
851 1415 858 1422 .
885 1391 1010 1425 Datum
1025 1389 1225 1430 Beneventi,

273 1441 402 1476 decimo
415 1450 533 1485 quarto
544 1439 711 1473 Kalendas
729 1439 816 1483 lunii
831 1463 839 1471 .

422 1536 831 1574 EPISTOLA
936 1533 1101 1572 XXXI.

448 1641 621 1674 Alexander
648 1641 737 1681 Papa
760 1642 883 1683 Joanm'
911 1644 1040 1673 cumin.

264 1767 266 1769 >
382 1738 575 1774 IRABILE
602 1738 745 1783 gerimus
766 1761 777 1777 ‚
802 1738 836 1773 ,δε
861 1749 959 1782 grave
983 1737 1162 1781 plurimum
1181 1749 1219 1773 ac

407 1788 551 1825 omnino
562 1787 735 1822 molestum
748 1785 924 1827 habemus,
951 1787 1038 1831 quod
1052 1798 1087 1822 tu
1102 1811 1113 1828 ,
1140 1788 1218 1821 ficut

265 1841 461 1887 iampridem
498 1836 595 1872 nobis
620 1837 804 1885 innotuit,
819 1836 1076 1872 Bathoniensem
1101 1835 1216 1872 Archi-

263 1892 492 1927 Diaconatum
505 1888 631 1924 Laicali
651 1886 850 1921 authoritate
874 1886 934 1922 tibi
949 1886 1121 1927 vendicare
1143 1897 1218 1930 prz-

263 1942 443 1985 sumpsisti,
471 1938 587 1973 &eum
600 1937 775 1972 venerabili
787 1936 891 1971 Fratri
903 1937 1014 1972 nostro
1029 1937 1217 1982 Vigornen-

265 1994 287 2026 fi
315 1993 503 2037 Episcopo,
523 1989 577 2023 ‘in
595 1987 751 2034 magistro
770 1986 976 2028 Baldwino,
1001 1985 1055 2021 cui
1076 1987 1190 2029 ipsum
1208 2008 1219 2024 ,

261 2043 413 2078 Roberto
425 2039 596 2085 quondam
614 2037 828 2073 Bathoniensi
856 2036 1021 2081 Episcopo
1039 2034 1148 2071 adhuc
1175 2035 1219 2069 vi-

265 2103 367 2128 vente
390 2116 401 2134 ,
428 2091 546 2133 Scripti
575 2089 677 2124 nostri
714 2088 900 2123 munimine
919 2087 1187 2122 confirmavimus
1207 2109 1217 2126 ,

261 2155 330 2178 non
348 2142 640 2177 timuistiauferre.
669 2138 774 2175 Unde
796 2137 953 2183 quoniam
972 2139 1134 2172 excessum
1158 2133 1218 2171 hu·

263 2191 405 2239 jusmodi
418 2217 430 2233 ‚
455 2191 536 2235 sicut
556 2202 625 2225 non
638 2188 810 2229 debemus,
838 2188 896 2224 sub
908 2188 1038 2223 silentio
1060 2187 1216 2233 nolumus

261 2245 419 2288 praeterire
430 2266 442 2283 ‚
467 2241 638 2276 dilectioni
652 2251 711 2274 tuae
722 2251 777 2283 per
792 2242 822 2274 A
827 2239 986 2283 postolica
999 2237 1116 2280 scripta
1127 2246 1215 2277 man·

263 2291 404 2331 damus,
430 2293 511 2325 &in
533 2292 653 2324 virtute
665 2289 865 2324 obedientiae
887 2287 1109 2329 injungimus,
1137 2296 1219 2329 qua-⁴

262 2343 357 2379 tenus
368 2351 551 2375 memorato
566 2339 733 2384 Episcopo
746 2335 963 2380 praescriptum
983 2333 1087 2369 Archi
1099 2352 1111 2359 -
1126 2335 1215 2370 Dia-

260 2403 421 2428 conatum
432 2402 509 2425 eum
521 2388 674 2423 universis
688 2386 765 2421 inde
787 2386 966 2430 perceptis,
992 2385 1086 2419 omni
1111 2384 1216 2429 appel-

261 2443 389 2478 latione
398 2441 434 2474 &
443 2436 700 2474 contradictione
710 2438 850 2471 cefl‘ante
859 2458 869 2474 ‚
893 2436 1031 2481 resignes
1040 2460 1051 2477 ,
1062 2436 1097 2471 ὅ(
1108 2436 1215 2479 ipsum
1264 2463 1267 2466 Α

262 2492 406 2530 eundem
427 2491 462 2524 in
486 2499 565 2533 pace
582 2487 746 2531 permittas
769 2486 803 2520 δε
828 2485 936 2530 quiere
958 2485 1097 2526 habere,
1124 2486 1157 2519 ὅ(
1182 2486 1213 2519 ei

263 2544 359 2587 supet·
370 2541 434 2576 hoc
448 2539 572 2574 nullam
583 2535 768 2573 molestiam
782 2559 793 2576 ‚
809 2535 859 2571 vel
873 2546 927 2579 per
939 2544 971 2570 te
981 2534 1032 2570 vel
1045 2547 1100 2579 per
1112 2535 1214 2569 alium

265 2595 387 2629 inferas
399 2617 410 2634 ‚
436 2600 492 2626 aut
504 2588 573 2633 ejus
597 2587 824 2632 posseffionem
838 2584 997 2629 impedire
1009 2586 1177 2629 praesurnas
1202 2611 1210 2618 .

264 2645 300 2680 si
317 2653 427 2678 autem
440 2641 586 2674 nostrum
605 2639 638 2672 in
662 2635 722 2671 hac
744 2647 834 2680 parte
858 2646 1048 2680 praeceptum
1059 2636 1143 2679 infra
1169 2635 1213 2669 vi·

266 2692 355 2739 ginti
379 2691 449 2726 dies
468 2682 673 2735 post'harum
695 2686 935 2729 susceptionem
957 2686 1132 2730 adimplere
1155 2697 1209 2720 ne—

269 2743 412 2789 glexeris
423 2766 434 2783 ,
462 2739 590 2775 noveris
602 2747 662 2772 nos
674 2738 804 2781 praefato
827 2736 993 2780 Episcopo
1005 2737 1039 2770 in
1050 2733 1213 2771 mandatis

269 2794 391 2828 dedisse
404 2816 415 2832 ,
440 2801 478 2824 ut
492 2800 523 2824 te
534 2789 662 2824 sublato
685 2786 913 2830 appellationis
922 2787 1070 2822 remedio
1089 2785 1212 2833 denun-

268 2845 335 2879 ciet
358 2839 704 2876 excommunicatum.
742 2836 846 2884 Qod
874 2836 896 2870 fi
918 2835 983 2872 hoc
1003 2835 1212 2879 forte2nollet

272 2893 398 2928 efficere
407 2915 418 2932 ,
445 2886 619 2923 venerabili
632 2886 721 2922 fratri
734 2887 845 2920 nostro
857 2885 1082 2922 Cantuariensi
1095 2886 1214 2922 Archi·

272 2942 438 2987 Episcopo
453 2938 702 2976 mandavimus,
728 2946 764 2969 ut
787 2938 955 2979 personam
977 2949 1068 2974 tuam
1093 2936 1220 2974 nullius

271 2991 490 3037 appellatione
513 2988 646 3024 admissa
666 2987 1019 3022 excommunicationis
1051 2987 1216 3022 sententiae

272 3042 448 3078 denunciet
459 3040 522 3074 esse
533 3037 703 3082 subjectam
714 3061 724 3078 ,
738 3036 770 3071 &
781 3034 823 3070 ab
838 3037 993 3073 omnibus
1005 3038 1101 3073 faciat
1115 3039 1220 3080 usque

273 3092 315 3131 ad
335 3090 534 3135 condignam
566 3089 818 3122 satisfactionem
839 3086 918 3120 sicut
939 3089 1209 3123 excommunica-

275 3155 348 3179 tum
361 3142 472 3177 vitari.
499 3139 572 3173 Nos
583 3139 682 3173 etiam
694 3148 725 3172 te
743 3135 785 3172 ab
797 3136 952 3171 omnibus
965 3138 1132 3182 Episcopis
1147 3139 1216 3173 An·

274 3194 348 3242 gliae
357 3204 416 3237 pro
426 3190 713 3228 excommunicato
726 3186 944 3233 praecipiemus
958 3186 1067 3222 haberi
1081 3213 1088 3221 .

1011 101 1562 154 EPISTOLAE

291 192 453 229 Ecclefias
473 191 577 235 ipsas,
604 188 808 235 prebendas,
835 189 887 224 vel
913 187 1072 223 beneficia
1088 197 1163 222 cum
1176 187 1238 221 fru-

1422 237 1453 272 E
1478 238 1506 273 P
1532 238 1595 273 las
1622 238 1659 273 T
1684 242 1718 276 Ο
1744 239 1774 275 L
1801 239 1836 275 A·
1935 241 2119 287 XXXJJ,

1529 340 1614 375 Idem
1641 343 1671 375 V
1669 340 1812 384 igornenfi
1835 341 1981 386 Episcopo
1992 369 2000 378 .

1389 439 1555 476 MNlNO
1580 440 1676 476 nobis
1698 442 1860 486 placeret,
1884 442 1992 479 &tuae
2003 444 2097 480 saluti
2120 448 2236 491 omn}

1413 491 1519 526 modis
1539 491 1725 535 expediret,
1751 502 1788 526 ut
1809 493 1850 527 ad
1862 494 2065 530 commissam
2079 495 2141 530 tibi
2155 492 2232 533 Ec·

1295 538 1423 574 clefiam
1442 552 1597 576 remeares
1616 566 1627 582 ‚
1655 543 1675 575 si
1699 542 1821 577 ibidem
1835 544 1994 579 Officium
2018 555 2112 580 tuum
2133 546 2237 583 libere

1294 590 1415 631 poteris
1436 602 1598 627 exercere.
1626 591 1752 627 Verum
1767 593 1832 628 site
1855 593 1976 629 ibidem
1998 594 2039 630 ad
2066 607 2177 640 pravas
2196 596 2236 631 il·

1295 639 1340 673 las
1361 642 1632 683 consuetudines,
1657 654 1736 686 quas
1751 643 1863 685 Deus,
1887 644 1921 678 ἀ
1935 644 2096 688 Ecclesia,
2126 647 2160 681 ἀ
2173 658 2235 682 nos

1294 690 1434 724 omnino
1456 690 1682 727 damnavimus
1707 717 1718 734 ,
1742 693 1984 736 observandas,
2010 695 2059 730 vel
2079 695 2121 731 ad
2143 697 2235 732 aliud

1294 749 1326 773 te
1347 742 1532 785 cogendum
1553 743 1789 778 inconveniens
1823 744 1999 786 formidas,
2025 746 2115 780 nulla
2138 747 2234 782 ratio·

1295 801 1335 823 ne
1357 791 1558 827 consulimus
1580 815 1592 834 ‚
1617 804 1652 828 ut
1674 794 1787 837 pedem
1815 795 1849 828 in
1878 796 2069 838 compedem
2097 807 2199 838 ponas
2223 819 2236 839 ,

1291 849 1346 873 aut
1368 850 1401 876 te
1415 841 1448 875 in
1472 853 1629 877 carcerem
1642 844 1755 887 aliquo
1781 844 1883 878 modo
1896 846 2059 880 intrudas.
2084 846 2159 881 Nos
2181 857 2236 881 at>

1293 899 1379 932 tem,
1405 891 1485 926 sicut
1500 892 1620 927 novisti
1634 916 1646 934 ,
1672 892 1799 939 Regem
1819 895 1854 929 in
1876 896 2054 939 patientia,
2077 896 2157 931 sicut
2181 897 2237 931 de·

1291 940 1382 981 cuit,
1407 942 1486 976 &in
1512 940 1699 977 humilitate
1710 945 1840 978 vincere
1858 946 2050 988 cupientes,
2075 948 2105 981 ei
2132 945 2236 982 haste·

1290 991 1350 1024 nus
1372 992 1514 1026 multum
1551 991 1732 1027 detulimus
1757 1016 1769 1033 ,
1806 993 1847 1027 de
1869 995 2089 1031 misericordia
2110 995 2233 1032 Christi

1290 1041 1448 1083 sperantes
1461 1065 1472 1081 ‚
1497 1041 1585 1084 quod
1599 1042 1654 1076 ille
1665 1066 1677 1083 ,
1703 1043 1739 1076 in
1752 1042 1842 1085 cujus
1854 1053 1954 1077 manu
1975 1044 2075 1079 eorda
2085 1047 2158 1080 sunt
2171 1046 2236 1082 Re·

1288 1100 1364 1134 gum
1377 1115 1388 1131 ‚
1414 1090 1618 1133 voluntatem
1637 1093 1671 1126 dt
1682 1092 1832 1126 animum
1846 1092 1912 1136 ejus
1927 1092 2078 1138 mitigare
2087 1094 2234 1139 deberet.

1288 1141 1321 1174 ἀ
1344 1140 1384 1175 acl
1409 1140 1502 1175 suum
1525 1141 1683 1185 placitum
1706 1142 1866 1176 inclinare
1893 1167 1900 1175 .
1938 1142 2047 1178 Unde
2078 1143 2237 1188 quoniam

1290 1190 1384 1225 nobis
1398 1193 1431 1226 in
1455 1190 1507 1225 his
1518 1189 1582 1225 huc
1604 1193 1707 1235 usque
1724 1193 1839 1234 aliter,
1866 1192 1965 1237 quam
1986 1192 2198 1229 credebamus
2223 1218 2236 1237 ‚

1282 1237 1421 1281 evenit,
1445 1252 1506 1275 nos
1529 1252 1604 1275 eum
1614 1239 1676 1276 hac
1690 1242 1759 1277 vice
1780 1254 1834 1286 per
1858 1242 2011 1278 Nuncios
2038 1243 2165 1279 nostros
2178 1244 2238 1279 du-

1285 1291 1395 1324 ximus
1420 1291 1664 1326 sollicitandum
1687 1315 1700 1332 ,
1725 1293 1806 1326 ficut
1829 1304 1870 1327 ex
1900 1293 1972 1327 aliis
1994 1293 2131 1335 litteris,
2155 1305 2238 1338 quas

1285 1338 1345 1374 tibi
1365 1340 1617 1380 transmisimus,
1646 1341 1835 1385 cognitioni
1857 1351 1918 1375 tuae
1943 1342 2073 1386 plenius
2105 1344 2237 1380 innote-

1285 1391 1367 1424 scet.
1395 1389 1497 1436 Qod
1511 1390 1532 1423 fi
1544 1401 1605 1424 nos
1618 1388 1678 1424 hac
1691 1391 1762 1424 vice
1773 1390 1882 1425 audire
1893 1393 2034 1427 noluerit
2045 1417 2058 1434 ,
2083 1404 2144 1438 pro
2167 1406 2235 1430 cer-

1284 1447 1320 1473 to
1331 1441 1534 1483 cognoscaS,
1559 1438 1651 1482 quod
1673 1450 1733 1478 nos
1753 1451 1829 1473 eum
1851 1441 1893 1474 de
1904 1451 2019 1476 caetero
2048 1455 2117 1478 non
2143 1443 2235 1480 sufli-

1284 1487 1457 1529 nebimus,
1483 1499 1544 1522 nec
1568 1487 1745 1521 venerabili
1767 1487 1857 1521 fratri
1870 1488 1980 1522 nostro
1994 1490 2167 1526 clausimus
2178 1493 2232 1528 vel

1284 1537 1493 1578 claudemus,
1520 1547 1576 1571 aut
1603 1538 1633 1571 ei
1656 1536 1772 1581 aliquo
1798 1537 1902 1573 modo
1922 1539 2116 1583 potestatem
2136 1542 2228 1577 suam

1283 1587 1485 1629 adimemus,
1517 1586 1693 1630 quominus
1711 1587 1871 1623 Officium
1890 1588 1982 1623 suum
2006 1588 2107 1625 libere
2128 1591 2233 1627 valeat

1281 1647 1445 1673 exercere.
1472 1638 1562 1672 Scire
1583 1648 1726 1681 namque
1747 1648 1781 1672 te
1803 1637 1970 1678 volumus,
1998 1640 2032 1674 δι
2057 1650 2145 1675 certa
2177 1653 2233 1677 co*

1281 1687 1436 1732 gnitione
1457 1696 1565 1722 tenere
1584 1711 1596 1728 ,
1621 1687 1711 1731 quod
1734 1699 1795 1723 nos
1823 1680 1852 1723 ei
1874 1688 1911 1723 in
1931 1689 2079 1723 Ecclefiae
2101 1689 2164 1724 suoe
2190 1691 2230 1726 li-

1282 1737 1403 1773 bertate
1424 1738 1457 1772 &
1497 1737 1618 1781 justitia
1639 1736 1880 1773 manutenenda
1893 1764 1904 1780 ,
1944 1738 2103 1781 quamdiu
2123 1739 2236 1776 vitalis-

1282 1788 1410 1830 spiritus
1430 1788 1465 1821 in
1491 1798 1627 1830 corpore
1649 1788 1760 1822 nostro
1797 1789 2002 1823 mansionem
2040 1789 2190 1824 habuerit
2215 1807 2231 1832 5

1280 1836 1369 1870 nulla
1393 1836 1522 1871 ratione
1540 1835 1720 1871 deerimus.
1749 1837 1810 1871 Sed
1829 1839 1861 1872 ei
1883 1838 1992 1881 potitis
2016 1837 2051 1872 in
2074 1837 2126 1873 his
2149 1849 2229 1874 con·

1278 1886 1622 1926 filium&auxilium‚
1649 1887 1683 1920 in
1711 1886 1829 1930 quibus
1850 1884 1986 1921 honeste
2009 1888 2191 1931 poterimus
2215 1913 2230 1931 ,

1280 1936 1454 1971 efficaciter
1473 1935 1745 1984 ministrabimus.
1775 1936 1820 1971 Et
1835 1936 1858 1971 si
1873 1937 1939 1982 ipse
1951 1937 2143 1984 negligens,
2170 1947 2229 1974 aut

1279 1986 1423 2019 remissus
1434 1985 1604 2027 existeret,
1633 1987 1695 2020 nos
1714 1985 1948 2022 authoritatem
1965 1987 2059 2035 Beati
2085 1988 2174 2024 Petri
2194 1990 2229 2024 δε

1280 2034 1423 2069 nostram
1450 2034 1562 2078 procul
1589 2033 1692 2070 dubio
1731 2043 1986 2079 apponeremus.
2015 2037 2126 2084 Qare
2149 2050 2226 2073 con-

1280 2086 1398 2120 stanter
1420 2085 1603 2119 &viriliter
1623 2096 1724 2131 agas,
1750 2086 1782 2121 dt
1805 2097 1875 2120 non
1901 2085 2070 2140 modicum
2097 2088 2131 2122 in
2156 2090 2226 2124 Do-

1279 2136 1371 2170 mino
1395 2134 1607 2175 conforteris,
1635 2133 1726 2169 cert&
1751 2136 1871 2170 certius
1893 2135 2045 2178 habens„
2070 2139 2161 2181 quod
2184 2150 2226 2172 ex

1277 2197 1344 2228 quo
1371 2184 1554 2220 misericors
1572 2186 1608 2219 ὅ(
1630 2186 1794 2219 miserator
1832 2186 2002 2220 Dominus
2035 2187 2225 2225 universalis

1266 2236 1427 2271 Ecclesiae
1450 2236 1623 2280 negotium
1643 2236 1677 2269 in
1692 2234 1821 2270 tantum
1845 2235 1939 2270 solita
1961 2237 2136 2272 elementia
2159 2238 2226 2282 jam

1266 2286 1432 2329 respexit,
1460 2284 1551 2329 quod
1573 2284 1794 2321 schismaticus
1810 2285 1875 2328 jam
1889 2283 1953 2320 fere
1966 2286 2075 2322 nullus
2096 2298 2225 2322 reman-

1274 2335 1330 2374 fit,
1360 2337 1395 2369 in
1417 2334 1514 2378 ipsius
1537 2335 1686 2374 Ecclesiae
1707 2335 1861 2375 membris
1881 2335 1940 2371 diu
1967 2347 2036 2371 non
2063 2337 2224 2382 poterunt

1274 2383 1423 2422 scandala
1445 2394 1654 2429 permanere.

1373 2482 1784 2519 EPISTOLA
1886 2483 2108 2519 XXXIII.

1309 2583 1439 2620 Thomas
1470 2583 1694 2627 cantuariensis
1721 2583 1809 2618 Archi
1823 2581 1987 2627 Episcopus
2014 2582 2172 2629 Epist-opis
2200 2607 2207 2619 -,

1382 2631 1390 2636 ’
1465 2634 1554 2679 suls,
1579 2637 1615 2670 Θ
1641 2633 1832 2676 Dunelmenfi
1856 2632 2001 2679 Episcopo
2014 2659 2021 2667 .

1369 2733 1548 2771 RATlAs
1574 2745 1639 2780 ago
1684 2735 1758 2770 Deo
1784 2744 1859 2769 meo
1881 2759 1892 2776 ,
1928 2732 1982 2768 cui
2000 2745 2090 2770 nunc
2110 2736 2221 2772 servio

1395 2788 1429 2820 in
1451 2784 1589 2820 vinculis
1599 2784 1701 2825 meis,
1728 2784 1818 2828 quod
1832 2784 2018 2819 obedientia
2032 2786 2133 2820 vestra
2142 2787 2210 2830 jam

1273 2838 1340 2871 Dei
1366 2837 1581 2871 Ecclefiarum
1602 2834 1691 2871 Orbe
1715 2834 1886 2879 divulgata
1908 2835 1952 2868 est
1996 2860 2004 2868 .
2041 2835 2124 2870 Haec
2162 2835 2211 2870 est

1275 2898 1362 2922 nunc
1382 2887 1489 2932 gloria
1511 2897 1583 2920 mea
1603 2907 1614 2924 ‚
1636 2883 1723 2927 quod
1736 2895 1824 2919 nunc
1846 2882 2029 2919 habitamus
2055 2885 2090 2918 in
2109 2883 2223 2922 unum.¹

1274 2937 1390 2982 rejeeto
1411 2936 1472 2971 illo
1493 2933 1708 2970 infelicissimo
1732 2933 1815 2976 Juda
1830 2958 1841 2974 ,
1879 2934 1969 2968 velut
1996 2935 2213 2978 putridissimo

1275 2987 1422 3022 membro
1445 2994 1612 3031 amputato
1641 3005 1652 3022 ‚
1678 2994 1732 3026 per
1750 2995 1847 3028 quem
1886 2984 1919 3017 in
1944 2985 2054 3019 nostro
2076 2997 2214 3030 corpore

1274 3047 1401 3072 tantum
1423 3036 1610 3072 scandalum
1632 3033 1740 3074 venit,
1767 3033 1824 3076 qui
1849 3033 1937 3067 velut
1959 3034 2142 3077 jumentum
2164 3037 2213 3070 in·

1273 3087 1420 3134 quietum
1437 3086 1472 3120 in
1494 3085 1636 3130 junctura
1657 3093 1726 3118 non
1760 3082 1907 3118 trahebat
1943 3108 1955 3125 ,
1991 3085 2046 3119 sed
2077 3086 2216 3125 unitatis,

1271 3137 1389 3173 vnostra
1401 3135 1552 3175 turbabat
1571 3133 1752 3179 jucundum
1766 3156 1774 3166 .
1801 3133 1907 3168 Unde
1922 3133 2061 3179 gloriam
2071 3135 2119 3170 illi
2131 3135 2213 3174 dan-

1275 3198 1347 3228 tes,
1370 3186 1428 3231 qui
1452 3187 1570 3222 virtute
1591 3184 1645 3218 sua
1669 3181 1854 3218 Catholicae
1877 3185 1939 3219 suae
1948 3185 2118 3220 columnas
2129 3196 2208 3220 con-

1276 3237 1418 3272 firmavit
1439 3262 1451 3278 ,
1478 3245 1628 3282 rogamus
1651 3245 1731 3274 vos,
1760 3233 1872 3269 fratres
1890 3234 2098 3269 amantiffimi
2112 3259 2125 3276 ,
2149 3246 2214 3278 per,

1275 3286 1449 3323 adventum
1470 3283 1608 3322 Domini
1630 3283 1729 3318 nostri
1750 3284 1822 3328 Jesu
1842 3283 1963 3319 Christi
1984 3309 1996 3326 ,
2021 3284 2056 3318 &
2094 3285 2217 3320 nostras,

1276 3335 1554 3382 Congregationis
1576 3335 1611 3369 in
1634 3335 1737 3378 ipsum
1751 3358 1763 3375 ,
1789 3345 1824 3368 ut
1849 3344 1916 3368 non
1940 3333 2009 3369 εἰτὸ
2030 3335 2213 3370 ηιονεαωίι

1278 3389 1310 3422 ni
1335 3387 1352 3421 ὲ
1376 3387 1486 3421 nostro
1507 3386 1598 3420 sensu
1616 3410 1627 3427 ,
1655 3395 1760 3428 neque
1782 3383 1966 3418 terreamini
1990 3410 2002 3426 ‚
2026 3395 2129 3428 neque
2150 3392 2204 3426 per

1277 3438 1404 3483 ipsum,
1429 3447 1534 3483 neque
1554 3446 1608 3481 per
1629 3436 1810 3471 sermonem
1832 3458 1844 3477 ,
1870 3446 1974 3481 neque
2000 3445 2054 3480 per
2086 3433 2205 3516 ¹episto-

2098 3492 2149 3517 am
