2358 3776
363 89 386 126 ἱ
402 76 465 129 28·
1001 60 1039 123 Ε
1074 71 1110 118 Ρ
1145 73 1167 120 Ι
1202 70 1228 118 S
1265 65 1307 117 T
1350 74 1395 123 O
1429 70 1467 121 L
1503 75 1561 121 AE

304 162 401 204 faciet
411 187 421 203 ‚
436 161 490 206 qui
504 167 571 193 non
583 155 681 195 habet
695 157 919 194 sublevantem
933 180 943 196 ‚
972 154 1078 200 neque
1094 167 1247 201 coopera-
1314 155 1361 190 fiae
1373 156 1519 192 membro
1531 181 1542 198 ,
1555 157 1679 192 interna
1694 159 1783 201 super
1795 155 1847 192 his
1858 159 1974 194 mentis
1986 161 2156 199 affectione
2167 173 2255 196 com-

301 215 434 250 rorem?
459 211 491 244 Si
504 219 611 244 tamen
625 210 790 246 Dominus
804 221 861 252 pro
874 206 968 241 nobis
993 230 1004 246 ‚
1030 218 1127 244 nemo
1151 208 1244 250 profi·
1267 223 1271 225 -
1315 207 1474 249 patimur,
1500 207 1533 243 ὃς
1551 208 1604 246 ei,
1631 208 1662 241 in
1688 207 1805 251 quibus
1825 210 2009 252 poisatum,
2036 212 2174 246 libenter
2190 223 2254 246 no·-

303 265 370 298 vciet
383 270 495 296 contra
518 270 575 296 vos
595 285 602 292 .
629 260 699 304 Ipse
718 262 805 293 enim
821 256 1006 301 reprobabit
1029 258 1247 302 cogitationes
1316 257 1382 291 strae
1401 258 1640 292 consolationis
1663 258 1814 292 solatium
1851 259 2049 300 impartimur
2071 286 2079 293 .
2105 263 2184 297 Inde
2206 262 2254 296 est

306 314 340 353 ἀ
352 310 610 347 machinationes
625 310 756 353 injustas
774 309 1014 352 EpiscoPOWU¹
1038 306 1169 352 Angliae
1181 330 1191 346 ‚
1216 307 1249 343 ἃ
1315 307 1402 351 quod
1416 308 1591 351 prudentiae
1603 306 1709 342 vestrae
1721 320 1776 352 per
1787 307 1816 341 A
1821 308 1979 351 postolica
2002 309 2115 352 scripta
2123 312 2262 347 mauda-'

303 359 609 405 diffiPabitconfilia
623 360 798 402 Psifl-CiPiS·
826 357 955 399 Scripsit
968 365 1076 392 autem
1089 358 1164 393 Rex
1177 359 1243 390 An·
1315 367 1386 390 mus
1408 381 1418 397 ‚
1444 359 1477 392 δε
1498 357 1689 393 mandando
1713 358 1912 402 praecipimus
1934 382 1947 398 ‚
1980 369 2136 401 quatenus
2147 363 2255 405 praedi-

302 411 378 457 gliae
389 409 539 444 Domino
551 410 702 449 Coloniae
729 408 913 443 Henricum
939 406 1095 443 Pisanum
1116 407 1149 445 δε
1166 407 1248 439 Wil-
1313 408 1399 441 stum
1412 407 1538 452 Regem
1550 419 1589 442 ex
1598 418 1688 452 parte
1701 409 1807 443 nostra
1819 418 2029 443 commovere
2042 409 2076 444 dc
2099 409 2251 447 inducere

303 461 451 496 helmum
470 462 654 504 papiensem
675 462 708 493 in
721 458 894 496 Franciam
920 466 1071 491 venturos
1092 457 1133 493 ad
1150 467 1251 493 novas
1313 457 1465 492 omnibus
1475 460 1583 493 modis
1595 458 1768 498 laboretis,
1795 469 1832 494 ut
1855 458 1934 493 ficut
1954 458 2071 493 anima:
2094 459 2154 497 suae
2177 461 2257 496 salu-

302 511 488 551 exactiones
499 511 684 550 faciendas,
709 518 744 544 ut
767 506 912 551 undique
933 505 1103 543 corradant
1125 507 1250 543 &con-
1314 517 1378 541 tem
1388 506 1523 552 diligit,
1550 510 1699 552 praediao
1713 507 2022 552 Archjfipjscopo,
2047 509 2082 543 ἀ
2106 509 2256 545 Ecclefiae

301 558 433 595 trahant
445 587 455 605 ‚
481 561 566 597 unde
579 559 667 605 Papa
687 558 876 594 Alexander
886 557 922 593 in
938 556 1035 593 Urbe
1047 556 1245 591 sustentetur.
1317 557 1374 591 suae
1386 556 1506 592 reditus
1519 583 1529 599 ,
1553 559 1586 593 &
1596 558 1739 593 honores
1750 583 1761 600 ,
1773 559 1808 594 δε
1821 558 2027 603 poffeffiones
2038 559 2159 593 ablatas
2175 559 2259 603 post-

304 610 400 650 Alter
411 638 422 654 ‚
448 620 483 651 ut
499 611 599 651 nostis
610 635 621 652 ‚
648 611 727 650 levis
735 610 779 643 est
792 608 826 644 ὅ(
837 606 1004 644 mutabilis
1018 631 1030 648 ,
1054 607 1135 641 alter
1157 606 1247 641 dolo·
1315 607 1413 649 posita
1424 618 1514 642 mora
1526 610 1689 650 restituat,
1716 609 1751 642 &
1762 609 1886 643 restitui
1905 610 2002 643 faciat
2015 633 2027 650 ,
2053 610 2087 644 δε
2110 609 2208 644 libere
2219 620 2257 643 ac

302 662 356 694 sus
376 661 408 701 ὃς
431 660 655 703 fraudulentus
668 685 678 702 ,
703 670 838 704 uterque
863 657 1044 701 cupidus&
1057 668 1189 692 avarus:
1215 656 1247 691 ὅ(
1314 656 1421 699 quiete
1430 657 1552 692 dimitti
1563 683 1573 700 ,
1598 659 1645 693 ita
1657 660 1745 703 quod
1758 671 1799 694 ex
1812 659 1876 694 hoc
1889 659 2062 702 nonpoffit
2073 658 2187 693 animae
2196 660 2257 694 suae

302 711 380 746 ideo
390 713 431 746 de
448 712 536 747 facili
549 722 681 749 munera
705 710 901 750 coecabunt,
926 708 960 746 &
985 707 1025 740 ad
1043 718 1177 743 omnem
1201 707 1248 741 in·
1314 705 1685 750 periculumincurrere,
1710 720 1765 744 aut
1776 710 1925 744 divinam
1949 708 2123 744 formidare
2147 708 2257 743 vindi-

303 760 460 804 iustitiam
483 762 701 801 incurvabunt
723 786 730 795 .
770 758 899 795 Audito
921 768 1032 796 eorum
1054 755 1247 794 detestando

302 814 445 847 adventu
466 813 573 853 statim
590 811 794 851 vehementer
815 807 989 847 formidare
1011 808 1097 852 coepi
1120 808 1248 851 praesen-

300 865 384 897 tiam
397 874 508 903 eorum
522 865 620 901 causae
634 859 740 901 vestrae
753 859 895 897 multum
916 858 1122 895 nocituram:
1149 858 1183 891 δε
1205 867 1246 890 ne

302 916 410 955 vestro
428 928 464 953 ac
477 916 651 954 vestrorum
666 910 822 956 sanguine
841 909 980 956 gratiam
1002 908 1107 954 Regis
1117 905 1248 952 Angliae

303 967 462 1008 redimere
474 977 541 1000 non
552 963 752 999 erubescant,
783 961 862 998 Hoc
873 961 982 1006 itaque
1000 958 1141 995 consulo
1174 979 1187 998 ,
1212 966 1249 991 ut

302 1028 358 1065 per
371 1017 497 1062 Regem
507 1017 706 1052 Francorum
720 1013 816 1055 &per
827 1009 1054 1048 Cistercienses
1063 1009 1148 1043 circa
1160 1005 1249 1063 hunc

301 1069 477 1105 articulum
499 1066 545 1104 ita
569 1064 823 1111 praeveniantur‚
860 1070 897 1096 ut
917 1059 1037 1095 etiamfi
1065 1059 1188 1098 velint,
1214 1068 1248 1090 m

300 1117 365 1157 hac
375 1126 462 1163 parte
476 1127 543 1152 non
567 1114 683 1159 poffint
710 1111 851 1158 perverse
872 1121 983 1155 agere.
1012 1108 1182 1143 Confidite
1206 1115 1253 1142 ta·

299 1179 379 1206 men
400 1165 612 1209 &injustitia
633 1163 754 1201 vestra:
780 1164 813 1197 δε
832 1161 920 1195 bona
944 1160 1023 1195 fides
1038 1160 1072 1193 in
1096 1160 1148 1202 spe
1166 1167 1252 1192 certa

303 1230 362 1257 vos
374 1211 497 1254 foveat.
526 1216 614 1258 Papa
627 1215 715 1251 enim
739 1210 927 1247 Alexander
947 1208 1176 1245 indubitanter
1195 1206 1252 1242 ob·

303 1269 408 1305 tinet.
435 1267 538 1304 Filius
561 1264 651 1300 enim
674 1262 794 1303 Siculi,
821 1262 855 1296 in
882 1269 1015 1304 paterno
1037 1259 1162 1303 Regno
1175 1267 1252 1291 con-

301 1318 467 1359 firmatus,
495 1316 525 1350 ei
538 1314 578 1351 ad
590 1322 726 1351 omnem
738 1321 856 1348 nutum
878 1309 1014 1344 affistet.
1043 1307 1087 1342 Et
1111 1305 1251 1342 vindicta

300 1369 371 1404 Dei
384 1364 553 1401 manifeste
564 1363 695 1398 desaevit
706 1362 740 1397 in
753 1359 864 1396 medio
882 1358 1074 1402 Principum
1097 1356 1252 1392 Aleman-

303 1419 369 1455 niae
404 1442 412 1453 .
438 1414 717 1459 conspiraverunt
728 1422 816 1447 nunc
829 1409 926 1445 multi
937 1407 1126 1451 Principum
1138 1414 1251 1440 contra

301 1467 434 1504 Ducem
445 1464 610 1500 saxonie.
639 1460 741 1507 Quod
751 1470 860 1494 tamen
878 1459 1059 1502 Imperator
1082 1457 1253 1499 pacificare

301 1514 494 1557 contendit.
521 1510 837 1546 Coloniensssetiam
851 1508 884 1541 in
897 1518 1019 1552 partem
1044 1503 1253 1540 Adversario-

302 1577 378 1602 rum
389 1564 495 1601 cedit,
519 1561 674 1597 deficiens
694 1558 711 1592 a
732 1559 911 1597 societate,
935 1566 1035 1600 quam
1057 1565 1135 1589 curn
1157 1554 1253 1589 Duce

305 1623 533 1652 contraxerat.
558 1609 621 1647 Sed
643 1610 677 1646 &
701 1606 935 1646 coloniensis,
960 1616 1036 1640 cum
1059 1603 1252 1640 convocatis

305 1661 638 1703 militibusaccineius
648 1659 724 1691 effer
743 1658 783 1691 ad
808 1656 954 1690 eundum
975 1656 1010 1688 in
1033 1654 1183 1695 ltaliam,
1207 1665 1254 1688 ar-

304 1725 414 1762 reptus
426 1713 471 1747 est
484 1709 610 1757 duplici
620 1706 803 1746 Tertiana,
826 1706 906 1741 &ea
929 1704 1011 1741 adeo
1034 1704 1160 1738 laborat
1180 1727 1191 1742 ,
1218 1711 1254 1737 ut

308 1767 397 1810 quali
417 1771 542 1797 eertum
565 1760 602 1793 {it
622 1769 699 1792 eum
720 1765 795 1789 ante
816 1753 971 1798 hyemem
994 1753 1039 1786 ire
1062 1763 1129 1787 non
1147 1752 1254 1798 poffe.

307 1814 461 1851 Promisit
472 1821 582 1846 autem
595 1805 677 1842 mihi
691 1807 725 1840 in
739 1804 800 1839 hae
819 1803 1012 1849 aegritudine
1032 1802 1106 1840 sua,
1130 1800 1220 1844 quod
1232 1799 1254 1832 fi

305 1866 420 1911 ipsein
434 1861 562 1896 ltaliam
575 1869 642 1893 non
657 1855 774 1900 iverit,
799 1855 862 1888 live
881 1855 1056 1898 Imperator
1076 1851 1173 1888 iverit
1192 1851 1253 1884 five

306 1927 378 1951 non
390 1937 401 1954 ‚
427 1909 564 1947 confilio
576 1905 837 1942 Cistercienlium
849 1928 860 1944 ‚
870 1904 905 1938 &
918 1901 1020 1947 Regis
1033 1904 1232 1937 Francorum
1244 1923 1256 1941 ,

308 1967 345 2002 ὅ(
364 1963 471 2001 vestro
490 1961 523 1998 se
548 1956 735 1993 committet
755 1955 797 1993 de
819 1952 969 1988 facienda
990 1963 1067 1998 pace
1078 1962 1155 2002 cum
1167 1949 1255 1998 Papa

308 2013 521 2053 Alexandro.
547 2007 648 2043 Etita
663 2005 819 2055 proponit
838 2002 990 2039 ordinare
1009 2024 1022 2040 ‚
1045 2009 1082 2035 ut
1104 1999 1259 2042 quodam·

309 2065 415 2102 r'nodo
426 2067 563 2106 cogatur
572 2058 590 2091 a
602 2057 701 2092 Clero
712 2057 770 2089 suo
784 2054 816 2088 id
827 2054 931 2087 facere
942 2075 951 2084 .
977 2050 1067 2085 Istud
1080 2051 1115 2084 in
1132 2049 1258 2084 confes-

312 2107 404 2155 fione
415 2112 509 2149 vobis
519 2108 625 2147 scribo
636 2133 646 2148 ,
669 2108 751 2144 ficut
764 2104 851 2141 Patri
864 2104 899 2137 &
911 2101 1084 2143 Domino,
1110 2109 1147 2134 ut
1157 2100 1195 2134 sit
1206 2098 1259 2156 ab·

309 2164 502 2202 sconditum
522 2169 619 2204 penes
640 2169 719 2197 vos,
745 2155 853 2193 donec
873 2152 1066 2191 videamus,
1091 2151 1113 2184 fi
1131 2160 1185 2206 ⁸res
1203 2150 1258 2182 ali-

312 2225 411 2261 quem
432 2211 583 2250 habitura
605 2209 643 2246 fit
662 2208 833 2244 effectum.
858 2199 1052 2237 Siadebitis
1074 2210 1156 2235 meis
1167 2198 1270 2235 fuero-

309 2266 489 2304 'liberatus,
513 2262 613 2299 etiarn
625 2269 694 2292 non
709 2264 842 2293 vocatus
855 2252 873 2285 ὲ
894 2250 990 2286 vobis
1012 2246 1127 2284 redibo
1146 2272 1154 2282 .
1180 2249 1260 2285 Me-

313 2317 373 2355 dio
383 2325 491 2350 tamen
503 2319 669 2354 tempore,
696 2307 719 2339 s1
731 2302 824 2339 vobis
836 2303 869 2336 in
882 2300 992 2347 aliquo
1014 2308 1067 2333 me
1091 2297 1261 2334 intellexe-

313 2379 353 2404 ro
366 2361 572 2404 necessarium
585 2383 596 2404 ‚
622 2359 746 2404 semper
757 2353 798 2390 ad
821 2349 1022 2389 redeundum
1042 2357 1171 2395 paratus
1182 2360 1260 2385 ero.

315 2416 404 2460 *Vale
415 2439 422 2451 .

1313 758 1395 791 &am
1408 780 1415 788 .
1443 756 1559 792 Eidem
1570 770 1701 804 quoque
1713 759 1799 804 Regi
1811 761 1902 803 super
1914 759 1979 793 hoc
1993 759 2112 794 blanda
2138 759 2172 793 &
2186 759 2258 795 dul-

1312 808 1388 846 cia,
1415 807 1564 850 aspera&
1579 810 1681 851 dura,
1708 810 1892 853 fiexpedire
1905 809 2070 851 videritis,
2096 810 2174 844 ficut
2197 809 2256 843 viri

1312 855 1443 893 discreti
1455 857 1486 894 δε
1497 860 1646 902 providi,
1673 861 1866 904 proponatis
1876 885 1884 893 .

1498 959 1907 996 EPISTOLA
1959 959 2082 995 cxm.

1314 1054 1468 1091 Thomas
1487 1057 1729 1094 Cautuarienfis
1763 1056 2084 1102 Archi-Episcopus
2107 1058 2262 1097 Hemicor

1578 1106 1791 1142 Vintonienfi
1813 1108 1999 1152 Episcopo.

1315 1207 1445 1243 Thomas
1472 1211 1528 1241 Dei
1547 1213 1652 1250 gratia
1677 1207 1898 1248 Canruarienfis
1912 1211 1939 1240 E
1942 1207 2042 1249 cclefiae
2064 1192 2187 1240 humilii
2199 1210 2261 1246 nt-

1365 1257 1450 1298 nister
1462 1257 1625 1290 venerabili
1629 1257 1726 1298 fratri
1736 1261 1857 1290 Hem-ico
1866 1283 1876 1298 ‚
1905 1261 1961 1290 Dei
1978 1263 2081 1301 gratia
2095 1262 2196 1291 ero-

1416 1307 1507 1350 nienfi
1515 1306 1656 1350 Epifiopo
1666 1306 1817 1352 ‚sciemiae
1829 1309 1861 1342 (7
1872 1305 1979 1348 confiln'
1991 1310 2136 1350 Spiritum
2150 1333 2157 1340 .

1411 1405 1596 1442 UANTO
1624 1407 1719 1441 vobis
1738 1409 1975 1451 compatiamur
1994 1408 2131 1447 affeetu,
2163 1407 2189 1442 is
2201 1418 2262 1451 op-

1436 1457 1515 1491 time
1526 1458 1622 1492 novit
1635 1482 1644 1496 ,
1670 1459 1727 1500 qui
1748 1459 1907 1492 scrutator
1927 1459 1972 1493 est
1996 1458 2164 1493 cordium.
2194 1457 2263 1492 Sci·

1426 1518 1497 1541 mus
1508 1508 1637 1551 quidem
1648 1507 1746 1550 quam
1766 1510 1869 1554 multa
1892 1509 1953 1542 sint
1969 1508 2129 1552 &magna
2152 1530 2165 1547 ,
2190 1519 2262 1551 quie

1317 1567 1376 1590 vos
1386 1556 1516 1590 turbent
1526 1558 1559 1591 δε
1572 1568 1725 1592 moveant
1735 1582 1746 1598 ,
1766 1559 1801 1592 dc
1812 1558 1910 1603 quam
1923 1558 2008 1592 nulli
2018 1558 2068 1592 vel
2079 1557 2173 1602 pauci
2186 1557 2262 1598 lint,

1318 1606 1376 1650 qui
1387 1606 1535 1649 spiritum
1549 1605 1689 1639 vestrum
1703 1606 1859 1643 roborent
1872 1631 1883 1646 ‚
1908 1608 1942 1643 &
1955 1608 1990 1640 in
2010 1607 2072 1640 hac
2094 1605 2264 1651 tempesta·

1317 1667 1350 1691 te
1360 1655 1561 1690 confirment
1573 1680 1582 1688 .
1609 1655 1670 1689 Sed
1684 1655 1818 1689 viriliter
1837 1656 1926 1699 agite
1937 1679 1948 1696 ,
1983 1656 2187 1690 confortetur
2202 1667 2274 1705 unt⁸

1319 1752 1657 1797 circumventionibus
1679 1754 1744 1786 [εἰς
1762 1765 1820 1786 vos
1840 1755 2029 1788 involvant.
2068 1755 2186 1798 Capite
2210 1766 2273 1798 tvo-1

1317 1803 1381 1838 tius
1397 1803 1528 1846 vulpes,
1555 1813 1624 1845 quae
1644 1801 1774 1836 vineam
1793 1803 2038 1837 demoliuntur.
2065 1803 2154 1839 luter
2175 1805 2273 1842 colu-2

1320 1854 1394 1888 bros
1406 1850 1565 1896 liquidem
1579 1853 1611 1886 δε
1624 1854 1774 1887 tortuoso
1786 1853 1904 1888 itinere
1917 1853 2146 1888 incedentibus
2159 1856 2266 1889 neoess

1314 1903 1396 1938 satia
1408 1903 1453 1936 est
1474 1901 1656 1946 serpentina
1678 1901 1814 1937 astutia.
1836 1904 1918 1938 Haec
1944 1903 2038 1938 vobis
2050 1904 2215 1948 loquimur
2227 1914 2264 1940 ut

1289 1977 1294 1983 .
1318 1954 1408 1989 fratri
1427 1975 1438 1990 ,
1465 1951 1627 1986 &dileeto
1640 1952 1673 1985 in
1688 1951 1838 1988 Christo.
2216 1986 2220 1987 ⁷

1369 2001 1494 2036 Verum
1520 2001 1676 2036 habemus
1699 2002 1826 2046 ali-quid
1847 2003 2016 2039 adversum
2041 2016 2122 2046 vos,
2149 2005 2265 2049 inquo

1320 2052 1366 2086 ob
1376 2052 1539 2085 excelsum
1550 2051 1689 2086 vestrum
1704 2065 1773 2087 non
1793 2053 1960 2088 modicum
1979 2055 2093 2088 tristati
2116 2047 2277 2093 sumnam*

1320 2100 1489 2146 Siquidem
1511 2113 1571 2146 pro
1592 2113 1685 2143 certo
1710 2105 1917 2148 accepimus,
1944 2103 2034 2149 quod
2059 2106 2266 2152 Crucemve-

1322 2153 1415 2186 stram
1428 2162 1555 2186 auream
1567 2152 1608 2186 ab
1621 2153 1761 2188 Ecclefia
1774 2154 1876 2189 vestra
1895 2154 2112 2193 alienaveritis
2131 2179 2145 2196 ‚
2173 2155 2265 2197 quod

1320 2201 1395 2236 satis
1414 2202 1766 2246 improvide&contra
1788 2215 1924 2238 omnem
1953 2204 2133 2240 canonum
2154 2206 2270 2244 censu·v

1321 2263 1389 2286 ram
1410 2254 1530 2288 fastum
1552 2254 1817 2299 interpretamur.
1854 2254 2086 2289 Alienationes
2101 2254 2263 2299 liquidem

1321 2301 1510 2344 hujusmodi
1529 2303 1659 2346 prorsus
1682 2302 1701 2336 ὰ
1722 2303 1914 2338 Canonibus
1937 2301 2129 2339 inhibentur
2154 2329 2162 2336 .
2188 2303 2273 2343 Pro-

1320 2351 1426 2397 pterea
1445 2352 1540 2386 vobis
1563 2350 1779 2393 mandamus,
1813 2353 1848 2386 δε
1868 2354 2060 2387 mandantes
2086 2356 2119 2387 in
2147 2353 2270 2389 virtute.

1319 2401 1512 2438 obedientiae
1525 2402 1725 2446 praecipimus
1738 2426 1748 2442 ,
1775 2412 1934 2443 quatenus
1953 2402 2041 2436 infra
2063 2403 2268 2446 quadragesi-

1321 2465 1412 2488 mum
1423 2452 1510 2487 diem
1531 2451 1601 2495 post
1624 2453 1803 2486 litterarum
1825 2451 2006 2486 nostrarum
2027 2452 2267 2495 susceptionem

1323 2503 1484 2547 praefatam
1499 2503 1639 2536 Crucem
1651 2501 1753 2544 adjus
1763 2513 1801 2536 ac
1812 2501 2002 2536 dominium
2017 2501 2166 2536 Ecclefiae
2176 2525 2188 2542 ,
2211 2503 2268 2536 cui

1322 2555 1398 2588 Deo
1421 2551 1573 2587 Authore
1595 2551 1765 2595 praefidetis
1781 2575 1792 2591 ,
1817 2549 1971 2585 studeatis
1995 2550 2103 2586 modis
2115 2551 2273 2590 omnibus

1323 2615 1490 2647 revocare.
1518 2603 1621 2649 Quod
1645 2602 1664 2634 fi
1686 2612 1755 2634 non
1779 2600 1972 2640 effeceritis,
1998 2601 2039 2635 ad
2059 2600 2268 2644 praesentiam

1324 2653 1494 2688 nostrama
1507 2650 1827 2696 quadragefimoillo
1837 2650 1891 2685 die
1910 2651 1996 2684 infra
2017 2649 2100 2684 duos
2118 2653 2274 2691 menses-‚.

1323 2705 1414 2746 super
1433 2703 1527 2737 causa
1547 2701 1756 2737 alienationis
1783 2702 1872 2735 fasta
1891 2701 2126 2745 satisfacturus,
2153 2702 2264 2738 venito

1326 2764 1395 2789 non
1407 2753 1537 2788 differas
1551 2778 1557 2784 .
1585 2752 1704 2787 Valeat
1716 2751 1912 2785 Fraternitas
1927 2750 2027 2785 vestra
2038 2775 2046 2782 .

498 2500 915 2549 EPISTOLA
975 2501 1080 2538 CXI}-

371 2615 541 2651 Alexander
569 2615 657 2651 Papa
683 2605 829 2650 Episcopo
855 2602 1015 2646 Meldenfi,
1040 2605 1075 2638 θ’
1102 2600 1212 2640 Abbati

654 2657 759 2694 San&
785 2654 941 2699 Crispini.

422 2756 685 2797 EVOTIONlS
711 2766 748 2789 ac
771 2755 961 2788 sinceritatis
981 2753 1134 2798 inspectio
1155 2776 1167 2792 ,
1200 2761 1278 2795 qual

446 2813 530 2848 circa
554 2819 614 2842 nos
633 2807 668 2840 &
689 2802 865 2838 Ecclesiam
886 2804 951 2837 Dei
975 2803 1145 2848 prudentia
1163 2802 1264 2836 vestra

321 2865 494 2906 fervescit,
520 2870 580 2894 nos
601 2856 758 2891 admonet
781 2854 1007 2897 multipliciter
1027 2855 1060 2888 δε
1081 2852 1196 2887 invitat
1209 2862 1266 2885 vos

325 2920 420 2960 super
441 2910 574 2955 negotio
594 2905 740 2941 Ecclefiae
760 2904 963 2938 confidenter
986 2903 1160 2938 sollicitare
1189 2925 1202 2942 ‚
1234 2901 1267 2935 &

328 2965 441 3004 vobis,
469 2960 569 2996 etiam
582 2968 651 3001 quae
661 2954 760 2990 ardua
769 2955 844 2987 sunt
866 2954 901 2987 ὃ(
922 2953 1088 2994 difficilia,
1116 2953 1184 2986 sine
1204 2950 1268 2985 du-

329 3016 492 3054 bitatione
516 3007 722 3046 committere
743 3002 953 3047 exequenda.
980 3003 1062 3036 Sane
1078 3001 1269 3037 discretioni

330 3067 440 3104 vestrae
451 3073 518 3097 non
532 3058 635 3093 exstat
662 3054 872 3099 incognitum
890 3077 900 3093 ,
925 3052 1057 3095 quantis
1078 3053 1236 3086 molestiis
1261 3076 1271 3092 ,

331 3111 574 3155 gdverfitatibus
601 3132 612 3148 ‚
647 3103 911 3152 gravaminibus,
942 3102 976 3135 &
999 3101 1273 3144 persecutionibus
1421 3100 1571 3136 URAM
1590 3101 1624 3135 δι
1645 3099 1927 3140 sollicitudiuem,
1954 3111 2052 3151 quam
2073 3100 2158 3134 circa
2182 3110 2272 3134 com-

330 3158 580 3213 atquepressuris
592 3155 783 3191 venerabilis
793 3155 890 3188 frater
901 3151 1008 3186 noster
1024 3149 1273 3185 ThomasCan-
1442 3152 1568 3186 missam
1596 3149 1658 3186 tibi
1690 3148 2010 3184 administrationem
2041 3149 2214 3193 prudenter
2236 3151 2271 3189 ὁ(

331 3214 500 3256 tuarienfis
511 3202 842 3249 Archi-Episcopus&
856 3203 948 3247 Rege
961 3202 1018 3235 suo
1032 3224 1043 3240 ‚
1064 3201 1137 3234 zelo
1148 3200 1274 3243 justitiae
1334 3202 1590 3248 magnanimiter
1601 3200 1706 3245 geris,
1733 3199 1835 3244 digna
1847 3199 1943 3234 laude
1958 3200 2182 3243 prosequimur
2194 3224 2202 3232 .
2231 3201 2276 3234 Et

359 3281 394 3302 ro
407 3264 553 3300 libertate
564 3257 712 3293 Ecclefiae
723 3255 781 3289 fibi
793 3253 992 3291 commiff22
1018 3250 1116 3284 fuerit
1136 3261 1273 3294 praegra·
1335 3251 1586 3288 tolerantiaetuae
1597 3249 1798 3294 propositum
1825 3249 2048 3292 multipliciter
2065 3251 2099 3283 in
2124 3248 2276 3284 Domino

333 3281 452 3355 gatus,
479 3310 626 3353 &longo
638 3305 739 3340 exilio
752 3312 953 3342 maceratus,
978 3302 1088 3335 &tam
1110 3299 1275 3343 poffeffio-
1336 3300 1621 3345 commendamus.
1648 3299 1753 3348 Qod
1775 3299 2094 3345 autemhfignificasti
2118 3298 2214 3334 nobis
2227 3309 2282 3338 ve·

339 3366 435 3402 nibus
445 3364 541 3405 quam
562 3357 718 3392 reditibus
739 3353 887 3388 Ecclefiae
907 3352 969 3386 suae
987 3350 1144 3395 privatus·
1166 3349 1276 3392 Siqui-
1340 3352 1515 3388 nerabilem
1534 3352 1666 3384 fratrem
1690 3349 1837 3385 nostrum
1859 3348 2112 3383 Vintoniensem
2147 3347 2283 3392 Episco-

343 3414 418 3456 dem
431 3421 595 3457 tamquam
607 3407 697 3446 fratri
710 3402 916 3454 chatiffimo,
941 3399 1146 3449 &Ptaecipu‘3
1168 3399 1276 3436 Eccffe-
1342 3414 1417 3449 pum
1429 3400 1602 3437 occasione
1621 3399 1870 3446 iniuriarum&
1894 3398 2176 3444 persecutionum,
2201 3408 2282 3454 quas

2210 3459 2241 3482 er

1504 2850 1912 2888 EPISTOLA
1964 2849 2091 2892 CXIV.

1463 2952 1633 2986 Alexander
1660 2950 1748 2990 Papa
1773 2947 1893 2982 Thomae
1927 2946 2138 2991 cantum-least

1655 2998 1744 3032 Archi
1757 3017 1767 3023 -
1779 2997 1926 3042 Episcopo
1938 3024 1946 3032 .

1317 1707 1457 1740 vestrum
1471 1729 1483 1744 ,
1509 1705 1691 1739 neinimici
1707 1705 1806 1738 nostri
1819 1705 2014 1748 praevaleant
2026 1729 2036 1745 ,
2063 1706 2097 1741 δε
2118 1705 2216 1742 dolis.
2228 1705 2273 1743 δε,
2326 1738 2331 1743 ,
