2358 3776
52 259 53 263 ,
99 236 204 274 stica.

525 97 566 143 S.
602 86 1372 142 THOMAECANYUARQ
1391 84 1638 142 ENSIS.

321 178 480 228 eqnvenit
507 179 648 214 censura
663 175 875 213 districtionis
899 173 1052 209 Ecclesia·
1109 171 1467 216 co-fifioejusaliquid
1476 173 1658 209 audierint.
1680 174 1993 218 Attefide'fflwim
2005 178 2055 230 est.

95 193 209 220 totum

272 231 431 273 inpleatur
442 255 452 263 .
481 229 622 266 Litteras
633 246 645 270 ,-
660 238 740 270 quas
750 224 939 261 cicestrensi
952 224 1049 267 Epis-

101 294 186 328 copo
197 279 376 316 mittebatis
399 303 412 321 ,
436 279 524 323 apud
546 290 611 314 nos
627 288 777 313 tenemus
798 275 1017 318 exspeQantes
1042 299 1053 315 ,

97 344 134 367 ut
144 342 203 376 pro
211 342 302 366 certo
314 330 549 376 cognoscamus
561 354 572 370 ‚
599 328 654 362 nbi
678 336 803 361 moram
815 326 914 360 faciat
925 340 938 365 5
963 325 1014 358 vel
1032 326 1053 358 si

99 382 180 423 forte*
202 382 347 425 partibus
369 380 485 414 nostris
507 377 839 424 appropinquaverit,-
869 385 907 408 ιιι
928 374 961 409 ei
975 374 1055 418 ipsas

100 432 265 472 tradamus
276 457 284 464 .
310 431 462 465 Praetema
473 440 541 466 tam
552 430 588 463 in
602 428 703 462 Curia
716 426 820 471 Regis
830 449 842 467 ,
855 436 954 468 quarn
966 423 1051 468 apud

94 493 156 516 nos
168 485 273 525 plures
282 482 446 520 asserunt,
470 479 560 524 quod
587 477 825 512 cancellariam
848 476 1052 511 Francorum

97 532 198 577 Regis
210 532 327 567 habere
349 529 497 566 debetis.
526 527 644 571 Aliqui
667 527 874 571 conjectant,
898 524 990 569 quod
1015 525 1050 559 in

99 582 180 622 {esto
191 584 303 618 sanstae
326 581 439 617 Maria
456 577 667 624 Magdalenae
690 578 728 611 in
753 576 855 621 Regis
880 576 1049 619 personam

100 634 270 676 proferetis
280 631 492 668 sententiam.
525 629 675 663 Domina
700 624 894 672 imperatrix
912 626 1051 660 audiens

97 683 134 720 iu
157 688 242 725 qu‘os
265 680 457 717 sententiam
479 678 641 716 dederatis
664 702 676 719 ,
699 677 786 722 quasi
809 676 888 710 ludo
910 677 944 710 id
966 676 1049 710 acci·

101 733 194 775 piens
207 754 231 773 ,-
244 743 300 767 eos
310 731 434 775 pridem
445 729 747 765 excommunicatos
767 728 831 761 esIe
846 725 1013 770 respondit
1038 751 1047 759 .

95 779 176 816 Post
187 782 342 817 haecum
351 792 392 815 ex
411 791 498 823 parte
509 778 670 815 Richardi
686 777 731 813 de
753 776 943 813 Welceflria
968 776 1049 812 salu-

99 841 244 872 αιτιοι,-
269 829 528 873 nihilrespondit
539 854 551 863 .

148 880 399 915 Derumoribus
409 880 518 915 Curiae
528 889 630 923 panca
641 878 780 920 scimus,
805 877 865 913 nisi
886 877 977 920 quod
990 876 1050 910 Ba-

99 930 246 966 tone‘sde
257 929 453 974 Episcopatu
464 930 707 965 Cenomanenfi
728 939 841 972 pacem
855 939 931 963 cum
957 927 1051 971 Rege

100 980 246 1017 fecerunt
257 1004 266 1013 .
292 980 348 1016 De
362 979 552 1014 Britonibus
563 980 705 1014 necdum
720 980 895 1023 quisquam
907 1003 919 1020 ‚
947 978 1000 1012 sed
1014 980 1049 1011 in

103 1031 216 1076 vigilia
229 1030 466 1074 Apostolorum
475 1040 544 1064 erat
557 1030 631 1064 Rex
643 1040 719 1064 cum
743 1030 887 1064 exercitu
909 1029 950 1062 ad
975 1039 1049 1072 qua·

103 1091 180 1115 tuor
189 1081 296 1116 leucas
310 1080 351 1114 de
365 1081 516 1126 Felgeres
527 1105 536 1113 .
558 1079 646 1114 Cum
662 1079 775 1115 Abbas
786 1079 828 1114 de
840 1078 943 1113 Derbi
953 1077 1052 1112 redit>

105 1132 171 1171 rit,
195 1131 287 1173 plura
309 1131 446 1165 scientes
467 1129 562 1165 vobis
584 1129 834 1165 mandabimus.
859 1126 1053 1171 Radulphus

106 1180 147 1215 de
170 1179 337 1223 Hospitali
359 1182 493 1214 veniens
511 1180 553 1216 ab
570 1178 698 1225 Anglia
719 1178 805 1213 dixit
816 1178 935 1217 nobis,
962 1176 1052 1220 quod

107 1230 261 1274 Episcopi
292 1230 527 1265 convenientes
546 1229 629 1263 circa
660 1228 777 1263 fesium
798 1228 896 1262 fausti
917 1226 1054 1269 Joannis

106 1278 340 1322 appellaverint
358 1288 472 1313 contra
494 1289 553 1314 vos
563 1278 602 1312 ad
617 1279 814 1311 VirtGaltlaei
835 1290 848 1311 .-
877 1275 1052 1319 Eri-quod

60 1328 66 1339 ¹
106 1323 307 1372 Episcopum
336 1327 608 1364 Saresberiensem
638 1325 760 1373 absque
776 1336 893 1361 eorum
914 1324 1054 1360 consilio

106 1377 312 1424 suspendistis
322 1401 334 1418 ‚
360 1378 394 1412 δε
404 1377 479 1421 quia
492 1378 526 1411 in
538 1378 725 1413 Dominum
738 1377 832 1411 suum
858 1376 986 1420 Regem
998 1375 1053 1409 da·

105 1440 142 1463 re
160 1429 354 1463 sementiam
374 1427 492 1463 minati
516 1427 612 1464 estis.
650 1426 753 1462 Archi
768 1426 960 1461 -Diaconus
979 1424 1055 1460 vero

107 1477 211 1513 vester
223 1479 339 1514 nititur
359 1503 369 1518 ,
403 1489 563 1522 quantum
585 1478 687 1520 potest
710 1502 722 1519 ,
747 1476 867 1511 habere
887 1476 1054 1510 licentiam

109 1528 337 1564 transfretandi
348 1552 356 1560 .
368 1527 521 1562 Necdum
533 1538 645 1563 tamen
655 1527 777 1562 litteras
787 1525 902 1561 vestras
912 1526 1037 1569 accepit
1046 1549 1054 1557 .

103 1576 167 1613 Pet
177 1577 387 1615 canonicum
401 1578 599 1623 Regularem
610 1578 746 1611 fratrem*
757 1577 865 1610 Adam
880 1600 891 1617 ,
915 1577 969 1619 qui
983 1586 1054 1618 pro·

108 1635 180 1672 pter
192 1629 300 1662 zelum
322 1627 452 1671 justitias
473 1638 531 1661 vos
555 1627 691 1671 diligit,
716 1626 853 1661 scribere
871 1625 1019 1669 poteritis
1044 1648 1056 1665 ‚

106 1677 318 1720 quodvestrae
337 1676 493 1720 placuerit
514 1676 701 1721 paternitati
724 1688 735 1708 τ
757 1674 917 1720 quoniam
937 1674 1057 1718 absque

106 1726 252 1762 moraad
265 1735 326 1760 uos
335 1726 512 1762 reversurus
522 1725 568 1760 est
578 1742 589 1758 .·
614 1724 733 1758 Valeat
756 1726 907 1758 sanctitas
930 1724 1054 1758 vestra.-

107 1777 188 1811 Hoc
196 1784 356 1818 procerto
368 1774 498 1813 sciatis,
524 1773 614 1814 quod
627 1773 783 1816 Episcopi
810 1771 929 1811 vestri,
952 1771 1055 1804 etiam

106 1823 375 1862 Herefordenfis,
399 1832 514 1856 contra
538 1831 597 1855 vos
618 1821 698 1855 dura
718 1821 900 1864 loquuntur
925 1830 935 1852 ε
962 1819 1052 1864 quod

103 1874 330 1919 Anglicanam
354 1872 529 1907 Ecclesiam
550 1871 584 1905 δε
604 1871 794 1907 Romanam
814 1868 1020 1904 conturbatis
1045 1894 1053 1902 .

107 1924 299 1959 Concilium
317 1921 484 1966 quoddam
500 1919 641 1957 habituri
672 1922 747 1956 sunt
770 1922 805 1955 in
823 1919 944 1955 oelavis
966 1920 1056 1963 Apo-

106 1973 266 2008 stolorum
286 1972 463 2018 Episcopi,
497 1972 537 2007 δε·
557 1982 674 2007 omnes
693 1970 842 2007 Abbates
859 1969 948 2015 apud
967 1969 1055 2005 Nor-

107 2022 335 2060 thamtonam.

259 2168 674 2209 EPlsToLA
735 2168 910 2206 CXLVII.

184 2271 307 2307 rhome
333 2269 549 2312 Cantuaerienfi
569 2269 818 2315 Archi-Epiftopo
844 2273 994 2314 Ioanne!

455 2322 494 2356 de
519 2320 718 2356 Saresberta.
784 2349 785 2352 ,

192 2470 229 2505 T
253 2467 323 2505 fere
334 2468 468 2511 omnia,
494 2467 661 2513 quaemihi
686 2468 789 2504 vestra
813 2466 1061 2515 fignificavitdi

220 2521 359 2566 gnatio,
385 2519 471 2553 fama
496 2519 692 2565 divulgante
710 2519 878 2554 audieram
902 2535 914 2560 ,-
939 2519 992 2552 sed
1014 2528 1064 2551 au-

111 2571 270 2608 thoritate
282 2569 427 2604 nominis
440 2569 531 2602 vestri
549 2571 630 2604 fasta
643 2571 715 2603 sunt
739 2571 895 2604 certiora.
925 2570 974 2604 Ea
986 2579 1066 2613 ergo
1114 2608 1116 2615 Ι

112 2633 192 2660 non>
206 2619 360 2664 tanquim
383 2630 467 2653 certa
482 2635 496 2659 ,·
518 2620 569 2653 sed
593 2620 680 2653 velut
702 2620 840 2660 audita,
867 2631 922 2663 per
947 2620 1066 2653 litteras

113 2670 390 2717 meassignificavi
402 2669 556 2703 Domino
580 2669 768 2702 Pistavienfi
784 2694 796 2711 ,
820 2669 951 2712 adjcffis
976 2669 1028 2702 his
1053 2692 1063 2709 ,

114 2721 234 2766 quaede
246 2718 377 2766 Angliae
389 2718 473 2753 statu
497 2718 663 2753 audieram
689 2743 700 2759 ,
727 2730 844 2764 rogans
871 2720 1026 2753 attentius
1057 2743 1066 2758 ‚

114 2782 153 2809 ut
165 2770 258 2806 vobis
270 2772 359 2814 super
371 2769 437 2804 boc
446 2768 618 2803 consilium
631 2768 721 2803 daret
732 2793 740 2801 .
772 2770 822 2803 Ex
835 2768 902 2813 quo
915 2769 992 2802 verti
1014 2779 1067 2811 per

114 2821 241 2856 litteras
253 2821 370 2856 vestras
390 2820 580 2854 certioratus
602 2820 670 2853 sum
687 2844 699 2860 ‚
726 2818 818 2855 illico
839 2830 913 2853 cum
939 2818 1067 2852 Amicis

117 2871 245 2910 vestris,
270 2870 312 2906 de
323 2874 463 2916 quorum
475 2869 663 2903 sinceritate
676 2881 743 2903 non
766 2867 884 2903 dubito
896 2893 908 2909 ,
932 2868 1065 2902 adhibi·-

117 2930 156 2955 to
167 2921 322 2966 magistro
336 2920 494 2963 Philippo
504 2943 515 2960 ‚
541 2920 670 2953 contuli
685 2921 775 2961 super
789 2919 924 2964 negotio
939 2919 1044 2953 vestro
1056 2944 1066 2960 ‚

119 2970 206 3004 nulli
217 2975 326 3004 tamen'
342 2970 517 3004 ostendens
542 2970 797 3003 transmissarum
814 2970 909 3004 n'obis
918 2970 1065 3011 exempla

119 3021 319 3054 litterarum.
348 3020 843 3063 Etlicer‚«nt‹praescripseratis,
869 3019 1066 3065 singulatim.

118 3069 332 3105 convenerim
358 3070 492 3105 Amicos
514 3071 633 3104 vestros
658 3094 670 3110 ‚
697 3070 866 3105 Abbatem
881 3070 988 3105 Sansti
1009 3070 1065 3103 Re»

120 3119 240 3165 migii,
264 3119 298 3153 dc
315 3119 501 3163 magistrum
517 3122 697 3154 Fulconem
723 3145 734 3161 ‚
760 3122 792 3155 ἀ
816 3122 1003 3165 magistrum
1028 3120 1068 3152 R.

121 3194 130 3205 .
143 3194 151 3202 .
164 3193 172 3201 .
189 3194 196 3201 .
214 3179 329 3203 omnes
350 3177 458 3203 tamen
479 3181 544 3203 non
571 3169 673 3213 modo
694 3174 728 3205 in
751 3171 894 3206 eundem
907 3172 1030 3205 sensum
1058 3194 1069 3209 ‚

122 3219 177 3253 sed
201 3218 265 3253 fere
286 3220 323 3253 irr
347 3219 460 3253 eadem
478 3221 571 3254 verba
593 3232 819 3257 convenerant
839 3246 847 3255 .
886 3222 923 3255 In
946 3221 1067 3254 summa

122 3279 201 3313 ergo
214 3269 323 3302 nullus
336 3280 450 3302 eorum
469 3269 618 3304 inventus
627 3272 708 3313 esti,
733 3273 797 3316 qui·
811 3272 954 3307 Domini
975 3269 1068 3314 Papssae

122 3317 260 3352 consilio
272 3319 455 3353 adversetur
469 3333 479 3351 .·
505 3320 694 3364 Omnesque
714 3321 934 3357 communiter
958 3332 1066 3362 appro·
1130 3332 1237 3356 turam

1876 101 1978 161 ¹53

1110 222 1265 259 inflantia
1286 222 1444 267 temporis
1457 246 1471 264 ‚
1507 223 1661 258 conditio
1682 225 1826 266 Ecclefiae
1855 232 2016 268 Roman-2
2040 250 2057 275 ,A

1114 272 1278 310 neceffitas
1289 272 1402 317 Regni
1414 272 1546 318 Angiiae
1560 296 1572 312 ‚
1594 274 1774 317 periculum
1796 291 1863 316 non
1882 276 2058 320 modost-⁹¹

1110 325 1163 360 dis
1185 322 1312 365 aestrae,
1337 324 1394 359 sed
1413 325 1657 359 commissarum
1678 325 1772 360 vobis
1795 328 2056 369 Ecclesiamm&

1112 375 1310 410 animarum.
1337 373 1466 421 Qibus
1477 375 1498 408 si
1509 374 1558 408 vel
1570 386 1741 411 occurrere
1752 376 1803 410 vel
1814 379 1984 418 subvenire
1995 388 2057 429 poi

1112 423 1239 459 tueritis
1252 448 1264 465 ‚
1290 425 1345 457 vix
1356 423 1577 460 tantideberis
1593 426 1700 460 facere
1716 427 1863 462 animam
1882 430 2017 468 vestram
2044 450 2061 475 ,ι

1114 485 1150 510 ιιι
1159 484 1227 508 ιιοιι
1238 485 1297 518 pro
1309 475 1410 509 salute
1420 475 1516 518 ipsius
1526 476 1644 510 animae
1655 477 1687 511 &
1698 476 1894 512 liberatione
1912 478 2057 516 Ecclesiae

1115 524 1337 569 naufragantis
1346 524 1507 560 accedatis
1526 524 1569 559 ad
1591 526 1759 571 colloquia
1781 529 2021 573 persecutorum
2046 554 2059 571 ,

1113 574 1370 618 &experiamini
1380 575 1459 619 quid
1475 573 1758 619 poehdmilitaterii
1778 573 1916 614 vestram
1943 578 2059 625 digne-

1114 636 1164 660 tur
1174 625 1299 659 efficere
1308 624 1380 668 pius
1390 625 1529 670 JESUS
1541 650 1553 666 ,
1577 626 1635 671 qui
1648 628 1718 670 post
1742 627 1974 663 Adscenfionis
1985 629 2061 675 glo-

1114 676 1195 710 riam
1219 675 1414 718 protessatus
1432 675 1478 710 est
1491 699 1505 716 ‚
1528 676 1614 711 sicne
1629 677 1665 711 in
1687 677 1809 713 litteris
1822 679 1993 713 invenitur
2004 691 2059 713 au·

1114 725 1269 760 theuticis
1280 748 1292 764 ‚
1305 726 1337 758 se
1346 724 1455 760 adhuc
1467 738 1614 770 paratum
1623 728 1685 762 effe
1695 729 1780 762 mori
1798 740 1858 772 pro
1869 728 2061 769 humilibus,

1113 776 1147 811 &
1159 775 1276 809 Crucis
1289 775 1506 818 ignominiam
1519 777 1690 812 sustinere.
1716 776 1893 823 Ptaeserrim
1905 779 1982 813 cum
1995 779 2059 823 illi,

1113 825 1239 870 quivos
1252 824 1410 869 persecuti
1420 826 1494 861 sunt
1506 851 1517 868 ‚
1537 828 1573 862 ἀ
1585 827 1751 863 Christum
1762 828 1796 862 in
1810 827 1925 869 vobis,
1948 820 2065 873 diesen-⁴

1114 887 1168 911 tur
1184 875 1428 920 aliquantulum
1440 877 1459 911 a
1479 878 1582 923 Regis
1598 879 1703 923 gratia
1720 877 1894 920 excidisse,
1915 878 1951 913 δι
1967 882 2002 913 iu
2022 887 2067 914 ea

1114 926 1307 962 conditione
1320 926 1434 961 versari
1447 951 1459 967 ,
1484 938 1518 962 ιιι
1531 938 1588 963 eos
1599 930 1665 972 jam
1677 930 1789 964 tardent
1799 928 1875 963 vitae
1897 930 1977 963 suae².
2004 928 2066 964 An*

1108 977 1226 1012 *vetum
1242 977 1279 1011 fit
1294 1000 1306 1018 ,
1346 976 1481 1017 neseio,
1507 979 1561 1012 sed
1583 990 1697 1014 rumor
1717 979 1804 1024 apud
1826 990 1889 1014 nos
1912 978 2070 1023 publicus·

1113 1027 1160 1062 est
1170 1052 1179 1061 .
1205 1027 1284 1062 Sive
1292 1037 1403 1062 autem
1415 1027 1459 1062 ita
1471 1028 1530 1069 sit,
1556 1029 1619 1064 sive
1631 1042 1699 1065 non
1716 1054 1728 1070 ,
1751 1041 1844 1065 certo
1855 1030 1975 1065 certius
1991 1029 2038 1063 est
2051 1053 2064 1070 ,

1115 1078 1192 1120 quia
1202 1077 1431 1121 proculdubio
1444 1076 1662 1123 triumphabit
1674 1105 1686 1121 ,
1706 1081 1739 1115 ἀ
1750 1079 1863 1115 reddet
1885 1080 2070 1123 unicuique

1118 1139 1186 1161 non
1197 1126 1298 1161 modo
1307 1128 1401 1170 juxta
1412 1139 1510 1172 opera
1522 1129 1575 1163 sua
1586 1155 1597 1171 ,
1626 1131 1678 1165 sed
1689 1131 1722 1165 &
1733 1130 1895 1165 voluntati
1915 1130 2070 1164 consum·

1117 1188 1211 1211 matae
1221 1178 1350 1220 perfesti
1363 1183 1471 1222 operis
1493 1178 1648 1215 attribuet
1670 1192 1831 1216 coronam
1856 1205 1866 1212 .
1899 1180 2073 1214 Perfecto-

1118 1236 1190 1260 rum
1203 1227 1420 1268 Amicorum,
1446 1229 1464 1262 a
1484 1228 1604 1271 quibus
1624 1241 1690 1274 ego
1709 1230 1745 1264 δε
1769 1230 1921 1274 magister
1942 1228 2073 1272 Phiiip-

1118 1286 1176 1319 pus
1186 1287 1255 1310 non
1266 1275 1470 1310 diffientimus
1478 1300 1491 1316 ,
1517 1278 1690 1311 consilium
1700 1279 1748 1312 est
1759 1303 1771 1319 ‚
1799 1288 1835 1313 ut
1847 1280 1867 1311 si
1894 1290 1953 1313 vos
1962 1279 2074 1322 Imp«.-⁶>

1119 1326 1425 1365 ratrixvocaverir,
1451 1325 1495 1360 ad
1517 1326 1618 1370 ipsam
1640 1327 1787 1362 ducente
1811 1324 2072 1373 Rothomagensi

1121 1375 1405 1419 Archi-Episcopo
1416 1374 1524 1412 secure
1537 1377 1718 1412 accedatis.
1747 1377 1790 1412 Et
1803 1377 1826 1410 fi
1850 1377 1894 1412 ibi
1907 1377 1989 1412 boni
2011 1377 2077 1412 ali-e

1118 1426 1395 1469 quidaudieritis,
1425 1426 1529 1471 agatis
1539 1428 1662 1472 gratias
1674 1427 1750 1462 Deo
1762 1452 1769 1459 .
1800 1428 1842 1461 Et
1854 1427 1899 1462 ita
1925 1439 1980 1472 per
1994 1438 2071 1462 om-

1120 1475 1366 1514 niaincedatis,
1394 1486 1430 1510 ιιι
1442 1476 1602 1512 modestia
1623 1477 1725 1510 vesira
1748 1478 1906 1511 omnibus
1927 1478 2073 1511 innotes-

1121 1537 1194 1560 cat.
1218 1525 1252 1558 Si
1275 1524 1375 1565 vero',
1400 1524 1491 1568 quod
1512 1524 1616 1566 absit,
1641 1526 1732 1560 secus
1750 1525 1903 1560 acciderit
1928 1550 1941 1567 ,
1979 1527 2072 1561 redu-

1120 1584 1215 1609 cente
1226 1575 1359 1618 praefato
1373 1574 1493 1608 Archi·
1508 1573 1671 1619 Episcopo
1694 1575 1728 1608 in
1752 1586 1870 1610 terram
1891 1577 2074 1625 peregrina·

1122 1626 1225 1659 tionis
1235 1623 1345 1658 vestrae
1355 1634 1432 1658 cum
1444 1622 1616 1658 honestate
1626 1623 1660 1659 &
1673 1626 1845 1660 securitate
1855 1627 2071 1661 revertemini.

1122 1676 1175 1709 De
1200 1674 1338 1708 Clericis
1360 1673 1440 1708 vero
1457 1672 1619 1707 ducendis
1639 1672 1706 1707 hoc
1716 1675 1920 1715 consulunt,
1945 1687 1981 1711 ut
2005 1688 2073 1710 non

1126 1723 1379 1757 multitudinem
1402 1720 1554 1761 ducatis,
1582 1721 1637 1755 sed
1659 1733 1782 1765 paucos
1804 1723 2002 1767 providos&
2016 1726 2078 1759 dis·

1121 1780 1226 1806 cretos
1248 1770 1407 1814 :Siquos
1417 1780 1529 1805 tamen
1543 1769 1785 1814 habetistaIes‚
1811 1782 1953 1817 quorum
1979 1775 2078 1817 possi‘-

1121 1820 1446 1862 tisinniticonsrlio,
1474 1820 1590 1866 siopus
1615 1822 1715 1856 fuerit
1737 1846 1750 1863 ‚
1785 1823 1818 1857 δι
1840 1824 1899 1858 sub
1922 1836 2076 1867 praetextu

1121 1882 1236 1905 eorum
1258 1871 1316 1915 qui
1339 1870 1525 1910 defuerint,
1567 1871 1590 1904 fi
1616 1870 1681 1906 hoc
1703 1872 1871 1907 necessitas
1890 1875 2039 1919 exegerit
2068 1900 2079 1916 ,

1121 1921 1316 1956 dilationem
1334 1920 1456 1964 possitis
1469 1921 1646 1956 commode
1657 1922 1829 1965 impetrare
1842 1948 1849 1955 .
1874 1922 1952 1967 Ego
1961 1934 2075 1958 autem

1122 1982 1176 2005 me
1199 1972 1234 2004 in
1260 1969 1326 2004 hoc
1345 1981 1430 2012 opus
1451 1982 1518 2003 non
1541 1972 1685 2015 ingero,
1712 1972 1765 2006 sed
1791 1982 1853 2006 nec
1866 1973 1996 2017 refugio
2006 1973 2079 2015 qui·

1121 2020 1197 2055 dem
1211 2043 1223 2060 ,
1248 2020 1270 2052 si
1286 2030 1338 2053 me
1348 2018 1692 2055 decreveritisitineris
1705 2021 1823 2061 vestri,
1845 2019 1896 2056 “&
1918 2021 2039 2058 laboris
2058 2048 2077 2066 ,,

1122 2070 1155 2105 ὅτ.
1167 2069 1262 2104 sortis
1272 2070 1344 2104 fore
1356 2070 1557 2104 consortem.
1590 2071 1680 2105 Nam
1694 2071 1727 2104 in
1738 2081 1874 2106 omnem
1886 2070 2078 2116 hujusmodi

1122 2120 1231 2155 casum
1245 2129 1374 2164 paratus
1385 2121 1480 2160 sum,
1507 2119 1660 2155 Authore
1672 2121 1827 2155 Domino
1857 2146 1869 2162 ,
1894 2132 1953 2165 pro
1977 2120 2081 2158 fideli-

1124 2180 1191 2205 tate
1204 2168 1352 2204 Ecclesiae
1364 2194 1375 2210 ,
1401 2171 1436 2204 δε
1450 2171 1570 2205 vestra.
1599 2171 1632 2204 Si
1644 2181 1753 2206 tamen
1770 2171 1927 2216 placuerit
1938 2197 1950 2214 ,
1973 2183 2011 2207 ut
2023 2183 2083 2207 vob

1123 2220 1174 2255 bis
1184 2230 1376 2259 occurram,
1403 2230 1457 2253 me
1469 2222 1553 2254 tanti
1567 2222 1723 2265 temporis
1734 2221 1839 2265 spatio
1859 2221 2052 2266 praemunite
2066 2234 2079 2265 ‚·

1124 2280 1160 2305 ut
1172 2269 1212 2304 ad
1235 2270 1347 2303 locum
1368 2269 1402 2303 &
1428 2268 1519 2303 diem
1534 2292 1545 2310 ,
1571 2281 1670 2314 quem
1692 2272 1963 2316 praescripseritis,
1988 2283 2080 2309 eom·

1125 2319 1223 2355 mode
1234 2319 1357 2354 valeam
1370 2318 1555 2362 pervenire.
1584 2319 1673 2354 Nam
1685 2321 1720 2355 in
1735 2332 1788 2355 me
1811 2332 1901 2357 mora
1929 2333 1994 2357 non
2015 2323 2079 2358 erit

1125 2370 1216 2411 ulla,
1241 2368 1321 2404 licet
1333 2368 1453 2404 multas
1464 2368 1557 2404 domi
1570 2380 1629 2413 pro
1640 2379 1788 2415 tempore
1810 2374 2000 2408 necessarias
2025 2372 2079 2408 ha·

1125 2421 1219 2456 beam
1229 2420 1463 2464 occupationes
1474 2443 1485 2460 ,
1511 2427 1583 2455 tum
1593 2432 1635 2455 ex
1652 2420 1806 2456 instantia
1819 2422 1962 2457 Abbatis
1975 2423 2040 2457 mei
2065 2442 2079 2463 ι

1125 2481 1196 2505 tum
1220 2481 1262 2505 ex
1283 2470 1447 2515 praesentia
1469 2469 1601 2505 Girardi
1618 2469 1906 2512 Archi-Diaconi,
1934 2482 2077 2516 quorum

1125 2520 1311 2563 desideriis,
1336 2520 1420 2557 ficut
1432 2519 1534 2556 nostis
1550 2544 1562 2562 ‚
1590 2531 1659 2555 non
1674 2520 1803 2564 possum
1817 2521 1920 2556 deesse
1933 2546 1942 2557 .

1272 2666 1686 2721 EPISTOLA
1735 2667 1928 2706 CXLVIII.

1264 2769 1432 2805 Alexander
1458 2771 1547 2811 Papa
1570 2768 1692 2805 Thomae
1729 2769 1943 2813 cantuarlenfi

1449 2818 1539 2855 Archi
1549 2838 1561 2847 -
1574 2819 1721 2865 Episcopo
1742 2847 1751 2856 .

1209 2969 1241 3004 X
1267 2968 1384 3004 litteris
1409 2970 1475 3005 tuis
1498 2969 1564 3013 jam
1592 2971 1717 3015 pridem
1738 2997 1749 3014 ‚
1774 2972 1809 3007 δε
1833 2980 1922 3008 certa
1951 2971 2077 3007 multo-

1231 3031 1302 3055 rum
1328 3020 1487 3055 relatione
1511 3023 1754 3067 cognovimus,
1778 3023 1869 3066 quod
1896 3033 1931 3056 tu
1959 3022 1991 3055 in
2022 3023 2074 3065 Jo-

1126 3071 1270 3105 celinum
1299 3071 1569 3106 saresberiensem
1602 3075 1823 3115 Epmopum,
1849 3071 2007 3116 quoniam
2035 3071 2077 3105 ti·

1127 3120 1160 3154 bi
1189 3120 1384 3155 inobediens
1409 3121 1471 3156 fuit
1497 3146 1507 3162 ‚
1547 3122 1709 3156 interdicti
1738 3124 1931 3157 sententiam
1967 3130 2076 3165 protu-

1127 3169 1210 3204 listi.
1237 3170 1306 3215 Ipse
1335 3173 1434 3212 vero,
1459 3170 1533 3205 licet
1562 3172 1654 3215 sup=r
1682 3172 1747 3207 hoc
1773 3172 1814 3207 ad
1842 3174 1983 3206 nosiram
2022 3180 2077 3204 au·

1126 3221 1285 3256 dientiam
1314 3221 1502 3263 appellasset
1522 3244 1532 3260 ‚
1572 3223 1607 3255 ὅ(
1634 3222 1850 3257 Dominicam
1876 3246 1888 3262 ,
1913 3231 1976 3264 qua
2001 3230 2076 3253 cau-

1127 3280 1235 3313 tatur,
1261 3274 1327 3314 Ego
1349 3269 1419 3313 sum
1447 3269 1547 3307 Pastor
1572 3271 1688 3314 bonus,
1714 3272 1869 3317 proximo¹
1894 3281 1974 3304 tunc
1994 3280 2077 3303 ven·

1274 3344 1286 3361 ,
1312 3320 1524 3363 appellationi
1554 3321 1615 3356 suae
1641 3323 1817 3357 terminum
1858 3320 2075 3363 praefixisset,

123 3366 203 3402 bant
220 3367 413 3409 consilium,
440 3369 528 3411 quod
554 3370 651 3404 vobis·
666 3371 756 3406 dedit
777 3372 937 3407 Nicolaus
955 3370 1068 3405 xeno·
1131 3373 1244 3407 eadem
1272 3369 1414 3404 instante
1440 3382 1501 3405 nec
1527 3372 1616 3406 venit
1639 3394 1651 3411 ,
1686 3382 1746 3405 nec
1772 3369 1812 3404 ad
1842 3380 1903 3404 nos
1934 3371 2078 3413 aliquem

124 3415 253 3454 doehus
268 3416 570 3466 Rothomagensrs,
595 3419 796 3459 licetneede
813 3423 932 3459 litteris
950 3421 1074 3458 nec-de
1132 3429 1192 3468 pro
1217 3422 1250 3458 se
1275 3419 1495 3466 responsalem
1520 3422 1710 3459 transmisit.
1737 3421 1913 3469 rorrea·
1930 3427 2079 3455 noseum

1999 3468 2035 3503 in
