2358 3776
377 157 472 216 382
1027 139 1517 196 INDEX

350 240 397 273 ses
413 231 572 278 Religiosi
583 254 596 273 ,
618 224 953 264 studenteshonorem
967 225 1063 260 illum
1087 228 1158 262 aliis
1170 239 1242 270 prae·

350 290 456 326 ripere
479 310 484 315 .
526 292 603 331 34¹·
621 289 651 314 2.
681 281 860 313 Morientur
884 288 919 312 ut
943 275 1029 310 idem
1053 278 1175 312 faciant
1195 279 1242 312 D,

350 336 496 373 Thomae
515 335 581 378 jam
591 331 734 365 redituro
749 352 758 359 .
786 329 856 359 ibid.
885 327 1079 361 Dicereerat
1089 328 1202 362 solitus
1226 353 1237 369 ,

348 387 436 422 nihil
454 389 484 420 se
497 383 599 427 magis
613 381 729 414 habere
741 377 919 418 suspectum
933 400 944 415 ‚
955 388 1052 419 quam
1064 380 1151 420 quod
1164 390 1239 412 eum

348 438 482 473 Deusin
495 444 564 467 tora
577 433 639 464 vita
657 451 667 467 ‚
696 427 782 459 nulla
795 427 993 469 corripuerat
1019 427 1206 463 advertitate
1232 453 1239 460 .

348 499 427 535 232.
442 498 470 521 1·
497 481 625 521 Scripfit
638 477 783 511 libellum
795 478 984 510 orationum
997 501 1008 517 ‚
1035 487 1134 521 quem
1157 490 1234 512 con-

346 540 491 572 sueverat
504 531 548 564 D.
572 528 727 561 Thomas
749 527 903 567 volvere,
931 529 1028 560 etiarn
1052 527 1137 561 inter
1160 530 1239 562 cele-

344 584 527 622 brandum,
552 576 632 613 dum
649 578 830 623 quidquam
840 577 1061 612 cantabatura
1085 576 1201 613 Choro
1231 604 1238 612 .

347 635 378 672 8.
394 647 421 671 1.

296 682 488 731 Appellatio
501 681 545 717 est
558 677 737 716 remedium
750 688 930 713 commune
943 677 1100 713 omnibus
1115 689 1192 726 132.
1210 688 1238 711 1.

294 736 493 783 Appellatur
506 743 585 767 voce
598 730 631 765 &
645 730 778 774 scripto.
796 739 871 775 140.
886 741 915 765 2.
931 729 1126 772 Appellatur
1138 729 1238 764 etiam

343 787 362 820 a
375 787 487 820 futuro
500 780 705 830 gravamine.
722 789 797 826 132-
818 790 844 815 ι.
875 780 1056 822 Appellans
1080 780 1113 813 δε
1133 779 1239 824 appel-

342 837 427 871 latus
438 837 513 869 sunt
526 831 700 867 necessari&
725 830 795 863 duae
817 830 977 872 personat.
1010 826 1085 873 138.
1115 839 1143 864 ι,
1171 831 1237 873 Ap-

342 887 469 931 pellans
479 884 567 920 diem
579 882 723 927 designat
747 889 825 927 140·
841 891 874 917 2.
899 890 968 915 nou
978 890 1170 924 comparens
1187 891 1239 914 ex·

343 937 426 972 cidit
438 935 574 979 suojure
587 959 595 967 .
1119 940 1237 977 1541.

294 986 492 1034 Appellatur
503 986 542 1019 ad
554 984 677 1028 Papam
690 981 881 1016 Romanum
894 979 936 1015 ab
955 980 1049 1015 omni
1070 978 1206 1014 homine
1233 1004 1240 1011 .

343 1047 400 1076 20.
420 1048 448 1072 ι.
464 1035 632 1080 Appellari
650 1045 717 1068 non
731 1034 818 1076 posse
842 1033 860 1066 a
882 1032 970 1075 Papa
982 1033 1021 1065 ad
1044 1030 1143 1065 alium
1155 1054 1166 1071 ‚
1193 1031 1238 1064 so·

340 1087 406 1122 lius
417 1085 463 1120 est
478 1084 572 1129 Papae
584 1083 790 1129 privilegium
805 1107 813 1115 .
837 1082 917 1127 264.
930 1092 961 1116 2.
990 1080 1237 1124 Appellandum

339 1136 361 1172 ὲ
374 1137 466 1181 Rege
475 1135 514 1171 ad
530 1135 653 1179 Papam
669 1158 680 1175 ‚
707 1131 821 1176 probat
833 1133 877 1166 D.
893 1131 1047 1165 Thomas
1061 1132 1124 1165 hoc
1149 1142 1241 1176 argu·

341 1197 477 1223 mento:
506 1187 592 1220 stalli
606 1193 774 1218 extremum
787 1179 965 1226 reservatus
985 1183 1163 1224 judicium,
1189 1187 1240 1223 qut

343 1247 455 1281 potens
467 1236 503 1278 est
509 1237 652 1277 judicare
663 1242 767 1277 corpus
792 1235 827 1267 (5
848 1239 1001 1273 animam,
1032 1233 1181 1274 numquid
1189 1243 1235 1264 ex-

344 1297 445 1322 trema
465 1293 526 1322 erit
548 1293 628 1319 inter
651 1285 784 1317 homines
819 1281 982 1325 &summa
997 1282 1147 1324 potestas,
1174 1292 1240 1324 quae

338 1338 463 1379 judicat
473 1334 635 1378 secundam
643 1332 808 1375 spiritum?
1135 1341 1191 1378 79.
1208 1341 1238 1364 2.

290 1385 483 1431 Appellatio
494 1382 697 1428 gaudetjure
710 1380 915 1423 suspensivo.
947 1390 1022 1427 193.
1048 1391 1076 1416 1.
1104 1381 1239 1424 Suspen-

339 1437 391 1469 dit
407 1432 602 1467 sententiam
619 1453 629 1468 ,
657 1429 698 1463 de
712 1439 776 1471 qua
799 1429 845 1461 est
867 1430 1067 1470 appellatum
1081 1452 1089 1460 .
1120 1438 1196 1472 132.
1213 1441 1239 1464 1·

338 1485 385 1519 Et
396 1493 499 1516 omne
511 1479 599 1514 aliud
613 1489 790 1524 gravamen
801 1499 811 1515 ,
841 1477 881 1510 de
895 1487 963 1519 quo
974 1476 1018 1510 est
1032 1477 1240 1520 appellatum.

339 1532 432 1582 78.2
470 1531 550 1565 Non
576 1527 738 1571 suspendit
760 1528 951 1571 gravamina
971 1527 1011 1560 de
1035 1526 1153 1571 quibus
1175 1537 1242 1560 non

339 1585 386 1620 est
405 1582 603 1626 appellatum
615 1603 622 1610 .
646 1579 721 1611 tbrd.
739 1578 792 1611 Sic
806 1576 1007 1621 suffraganei
1023 1577 1238 1611 Cantuarien·

338 1635 381 1671 fis
397 1631 546 1670 Ecclefiae
558 1628 764 1672 appellabant
779 1628 820 1661 ab
832 1625 1135 1671 Archi-Episcopos
1157 1630 1198 1662 ad
1211 1627 1241 1660 S.

337 1685 456 1721 sedem
473 1707 480 1717 .
508 1681 645 1715 Interim
662 1690 767 1721 neque
792 1678 832 1711 de
845 1678 937 1711 novis
960 1678 1090 1711 suisaut
1113 1679 1242 1711 suorum

338 1732 521 1771 exceffibus
535 1728 763 1773 permittebant
780 1727 1094 1771 Archi-Episcopum
1121 1740 1243 1773 cogno·

340 1786 433 1819 scere
447 1779 492 1830 73
524 1790 549 1817 ¹.
579 1779 719 1812 Mandat
745 1776 821 1810 vero
845 1778 1036 1811 Alexander
1060 1777 1145 1821 Papa
1171 1802 1182 1818 ,
1209 1787 1244 1811 ut

339 1833 519 1877 appellatio
531 1829 671 1874 gaudeat
698 1828 831 1870 quidem
857 1826 926 1870 jure
938 1826 1119 1870 suspensivo
1143 1829 1240 1870 respe-

342 1886 396 1919 flu
409 1882 640 1927 gravaminum
656 1903 667 1919 ‚
694 1879 734 1910 de
747 1875 864 1920 qulbus
877 1876 923 1910 est
936 1879 1135 1920 appellatum
1150 1901 1161 1917 ,
1175 1889 1242 1911 non

341 1933 486 1975 respectu
501 1930 654 1962 aliorum.
672 1927 747 1959 ibzd.
766 1937 796 1961 2.
827 1928 1064 1969 Appellatrone
1076 1926 1156 1969 justa
1171 1938 1242 1970 pen-

342 1983 443 2019 dente
484 1979 566 2014 nihil
603 1978 647 2014 est
687 1979 914 2012 innovandum
956 1974 1032 2023 138.
1056 1988 1086 2013 2-
1119 1987 1191 2024 ¹43·
1217 1988 1245 2012 2.

341 2034 444 2068 etiam
459 2041 634 2074 antequam
655 2029 690 2062 fit
703 2029 894 2070 rescriptum
908 2052 915 2059 .
951 2028 1027 2073 198.
1041 2035 1072 2060 2.
1103 2027 1245 2060 Excom·

344 2081 535 2120 municario
552 2083 613 2113 lata
628 2082 791 2122 pendente
802 2078 1043 2122 appellatione,
1070 2087 1244 2118 antequam

346 2133 524 2168 Romanus
540 2130 698 2165 Pontifex
708 2130 838 2163 causam
852 2128 1058 2167 terminavit,
1086 2128 1131 2162 est
1147 2127 1244 2161 nulla.

342 2185 427 2231 265.
448 2195 474 2219 ι.
496 2180 730 2224 Appellatione
744 2180 907 2222 pendente
918 2188 1031 2214 contra
1047 2178 1077 2213 se
1089 2177 1245 2221 prolatam

342 2235 405 2266 effi—
422 2234 618 2267 sententiam
630 2229 773 2275 graviter
786 2229 998 2275 conqueritur
1013 2230 1054 2262 D.
1070 2228 1224 2261 Thomas
1237 2251 1245 2258 .

344 2293 427 2330 135>
447 2296 476 2318 ι,
508 2282 743 2324 Appellatione
764 2280 926 2323 pendente
944 2277 1025 2311 dum
1046 2274 1126 2320 quid
1140 2277 1244 2310 inno·

345 2342 460 2370 vatur,
489 2331 525 2365 fit
544 2330 662 2371 injuria
684 2329 758 2363 Sedi
786 2325 984 2370 Apostolicae
1004 2349 1011 2356 .
1046 2336 1121 2372 132.
1134 2335 1167 2361 2.
1181 2324 1245 2369 Ap·

344 2379 539 2426 pellationis
557 2379 679 2411 virtute
702 2375 912 2420 praesumebat
937 2375 1246 2419 Archi-Episcopus

343 2428 561 2466 Eboracenfis
573 2435 703 2461 crucem
716 2435 777 2469 prae
789 2426 820 2457 se
832 2425 913 2460 ferre
925 2424 959 2459 in
983 2426 1111 2470 lignum
1125 2425 1246 2460 Prima-

344 2489 399 2518 tus
425 2504 435 2519 ‚
462 2480 558 2512 etiam
584 2476 618 2511 in
646 2473 815 2519 provincia
839 2473 1063 2509 Cantuarienti
1087 2489 1098 2509 .-
1133 2475 1245 2510 statuit

345 2530 449 2566 Rom.
462 2526 623 2562 Pontifex
648 2524 908 2571 provisionaliter
922 2547 933 2564 ,
961 2524 1016 2567 ipfl
1042 2548 1054 2565 ,
1084 2526 1246 2569 pendente

347 2579 593 2624 appellatione,
620 2573 851 2610 abstinendum
863 2575 949 2608 effe:
978 2574 1118 2621 Qippe
1130 2575 1244 2619 quiin-

345 2628 482 2666 novavit
497 2627 742 2672 praeteufionem
756 2626 844 2660 suam
856 2649 864 2656 .
895 2633 974 2665 107.
999 2636 1033 2662 2·
1055 2625 1244 2669 Appellatio

347 2691 420 2714 non
433 2677 600 2722 suspendit
615 2675 794 2710 sententias
811 2675 889 2709 latas
912 2674 953 2710 ab
979 2674 1141 2719 Episcopo
1154 2699 1165 2715 ,
1192 2687 1246 2710 aut

347 2730 419 2766 alio
430 2729 550 2774 quovis
560 2750 571 2766 ,
597 2726 620 2759 fi
634 2726 703 2760 latae
719 2726 778 2759 sint
790 2724 831 2760 de
844 2724 1001 2760 mandato
1031 2724 1225 2769 Apostolico
1238 2751 1245 2758 .

351 2789 432 2827 144,
450 2791 473 2813 ι.
487 2777 538 2813 Sic
553 2777 597 2811 D.
623 2773 767 2809 Thomae
788 2774 942 2810 concedit
965 2775 1063 2809 Rom.
1088 2775 1246 2810 Pontifex

350 2828 589 2865 authoritatem
605 2824 914 2861 excommunicandi
930 2850 939 2867 ,
968 2825 1010 2859 ita
1025 2836 1060 2859 ut
1074 2837 1140 2861 non
1154 2827 1246 2860 licent

350 2878 530 2922 appellare.
561 2884 639 2921 320.
657 2884 686 2911 2„
718 2885 759 2923 35
765 2884 784 2922 3
820 2886 847 2911 1.
889 2875 929 2909 Et
952 2875 1070 2910 fsustra
1092 2876 1246 2910 volebant

351 2927 509 2972 Episcopi
523 2935 678 2970 praetextu
693 2924 940 2969 appellationis,
958 2926 1133 2961 sententias
1146 2926 1248 2970 hujus-

352 2973 447 3015 modi
469 2976 599 3011 eludere
612 3000 623 3018 ,
650 2986 727 3019 quas
746 2975 787 3008 D.
802 2972 954 3008 Thomas
969 2977 1145 3019 protulerat
1173 2979 1247 3014 126.

357 3039 388 3065 1.
403 3027 593 3070 Appellatio
605 3025 724 3061 frivola
736 3025 769 3059 &
781 3024 897 3067 injusta
908 3036 974 3060 non
1001 3026 1165 3070 suspendit
1188 3038 1249 3060 au·-

355 3077 546 3114 thoritatem
559 3075 682 3121 Judicis
695 3075 713 3109 ὲ
725 3086 792 3118 quo
803 3100 811 3108 .
829 3086 841 3110 1
851 3085 903 3122 37·
917 3086 948 3111 2·
979 3075 1168 3119 Appellatio
1180 3090 1247 3111 non

355 3127 455 3165 debet
471 3128 700 3185 impunitatem
716 3127 902 3160 excessuum
914 3125 1061 3160 tribuere.
1076 3124 1168 3171 73⁴·
1183 3127 1245 3171 Ap-

356 3178 548 3225 pellationis
562 3175 736 3209 remedium
763 3187 830 3210 non
849 3185 982 3209 evacuat
1005 3176 1248 3221 obligationem

358 3227 559 3263 obedientiae
572 3252 579 3260 .
610 3236 677 3271 ¹²4·
697 3238 710 3262 1
752 3225 893 3259 Nullum
905 3224 1020 3260 eximit
1034 3226 1074 3261 ab
1096 3226 1248 3263 obedien-

356 3279 403 3313 tia
418 3276 579 3320 Superiori
590 3275 701 3312 debita
714 3301 722 3308 .
755 3275 827 3310 162.
848 3288 872 3311 1.
894 3275 1085 3320 Appellatio
1098 3288 1165 3311 non
1180 3288 1245 3311 tue·

356 3337 409 3363 tur
421 3338 583 3371 raptores,
616 3326 779 3361 invasores
791 3325 953 3361 bonorum
979 3326 1138 3362 Ecclefiae.
1171 3325 1246 3375 138.

359 3387 393 3413 2-
423 3378 615 3421 Appellatus
636 3378 780 3410 Romam
794 3386 922 3410 tenetur
934 3378 1141 3419 personaliter
1160 3389 1246 3412 com-

361 3436 495 3468 parere,
520 3439 575 3463 aut
594 3428 843 3461 Procuratorem
865 3428 1011 3460 mittere.
1044 3437 1120 3477 107.
1145 3437 1177 3463 2.
1203 3430 1245 3462 D.

361 3473 517 3511 Thomas
528 3478 706 3522 appellatus
717 3475 759 3512 ab
769 3476 935 3522 Episcopo
946 3476 1144 3514 Eboracenfi
1151 3501 1166 3522 ,
1192 3481 1268 3513 eit-⁸

1354 232 1474 266 cusansv
1483 232 1515 265 se
1525 227 1737 274 personaliter
1747 239 1862 273 compa
1867 239 1935 265 rere
1944 238 2012 265 non
2024 233 2111 274 porte
2124 259 2137 276 ‚
2161 233 2241 271 Pro-

1353 293 1538 316 curatorem
1560 282 1683 315 mittit.
1710 279 1784 313 ibid.
1812 281 2048 325 Appellatione
2074 283 2203 319 admiss'a
2227 309 2241 327 ,

1354 331 1522 377 litigantes
1533 330 1659 366 restitui
1670 330 1806 370 debent,
1816 331 1838 364 fi
1849 332 1976 375 spoliati
1990 331 2110 366 fuerint
2126 346 2137 366 .·
2145 335 2241 371 aliam

1354 383 1580 416 conditionem
1594 393 1694 415 nemo
1707 380 1749 414 ad
1760 381 1960 426 litigandum
1974 383 2033 416 nisi
2048 384 2180 417 insanus
2189 384 2242 418 ad-

1354 431 1483 467 mittet.
1517 434 1592 478 185.
1605 443 1636 469 2.
1664 431 1879 474 Appellatum
1891 434 1969 466 dum
1985 433 2029 466 est
2042 458 2054 474 ,
2079 435 2135 476 qui
2154 433 2173 466 a
2197 434 2243 476 ju-

1354 481 1430 516 dice
1441 482 1459 515 ὲ
1471 494 1538 526 quo
1549 483 1694 525 expectat
1707 481 1845 526 gratiam
1857 507 1867 522 ,
1894 483 1991 517 debet
2012 484 2100 526 prius
2116 484 2246 517 mittere

1355 533 1609 567 renunciatorias
1630 533 1861 576 appellationis
1878 532 1896 566 a
1925 533 1956 566 se
1980 534 2081 567 factae.
2115 543 2183 580 ¹23·
2216 543 2246 568 ι.

1355 582 1598 626 Appellationes
1612 583 1781 617 Romanas
1795 583 2008 628 impugnabat
2020 582 2096 617 Rex
2110 583 2246 627 Angliae

1352 633 1516 668 Henricus
1529 633 1686 668 secundus
1699 659 1705 665 .
1730 631 1782 679 84.
1798 645 1818 667 1.
1831 635 2045 677 conqueritur
2057 633 2247 668 Alexander

1354 683 1489 716 tertius.
1515 683 1587 716 ibid.
1610 685 1641 718 ὅ(
1654 684 1695 718 D.
1708 683 1879 718 Thomas.
1910 693 1974 727 1¹9·
1992 685 2093 726 1.5eq.
2125 682 2248 727 Appel-

1310 767 1314 772 ,
1352 732 1489 767 landum
1501 735 1588 768 enim
1601 745 1666 768 erat
1684 734 1725 768 ab
1747 733 2025 768 Archi-Diacono
2048 734 2089 767 ad
2114 733 2247 778 Episco-

1354 793 1431 826 pum
1443 797 1455 817 .·
1481 783 1600 818 deinde
1611 783 1652 818 ad
1664 784 1767 819 Archi
1779 803 1789 809 -
1803 784 2001 828 Episcopum
2017 806 2027 823 ,
2056 784 2088 819 δι
2103 782 2182 818 hinc
2190 794 2250 827 po·

1351 831 1472 867 stremo
1483 834 1522 867 ad
1536 833 1662 880 Regem
1675 860 1682 867 .
1713 835 1741 869 A
1768 835 1860 879 Rege
1881 835 1922 869 ad
1938 834 2059 878 Papam
2081 834 2246 877 appellare

1353 884 1447 919 nullo
1462 883 1562 919 modo
1577 885 1694 919 licebat
1706 884 1771 918 fine
1791 884 1894 930 Regis
1916 885 2049 919 licentia
2065 909 2072 917 .
2100 883 2246 928 Eratque

1351 945 1416 968 una
1430 934 1494 968 haec
1504 945 1543 968 ex
1557 933 1851 969 consuetudinibus
1865 935 1994 979 Angiae
2008 958 2018 974 ,
2039 945 2137 977 quam
2157 934 2247 969 dam·

1353 985 1442 1019 navit
1456 985 1592 1018 Ecclesia
1617 996 1673 1028 per
1696 983 1923 1018 Alexandrum
1946 985 2096 1018 tertium.
2123 982 2179 1030 58-
2211 994 2247 1020 2-

1354 1034 1501 1067 Eandem
1512 1033 1647 1068 damnat
1660 1034 1700 1068 D.
1713 1033 1867 1068 Thomas
1876 1057 1885 1065 .
2120 1046 2135 1070 1
2146 1043 2199 1078 17·
2211 1045 2245 1070 z.

1306 1082 1501 1127 Appellatio
1513 1083 1552 1117 ad
1567 1084 1758 1117 Romanum
1776 1083 1978 1118 Pontificem
1999 1082 2109 1117 multo
2134 1085 2247 1116 minus

1352 1133 1471 1168 licebat
1486 1134 1583 1168 Clero
1594 1134 1633 1167 de
1643 1135 1745 1168 causis
1756 1132 1908 1167 civilibus
1920 1159 1927 1166 .
1949 1130 2002 1180 85.
2015 1144 2040 1166 1.
2068 1131 2250 1176 Appellan-

1355 1194 1403 1218 tes
1414 1184 1454 1218 ad
1469 1183 1498 1219 S.
1510 1183 1626 1219 Sedem
1641 1183 1714 1217 Rex
1726 1182 1983 1227 provifionaliter
1994 1182 2149 1226 captivari
2160 1192 2251 1222 mane

1353 1234 1410 1268 dat
1422 1259 1434 1276 ,
1460 1235 1492 1268 ὅ(
1505 1245 1618 1268 eorum
1634 1233 1721 1269 bona
1736 1233 1833 1268 saisiri
1847 1258 1854 1266 .
1882 1245 1936 1281 72.
1949 1245 1983 1270 2-
2009 1233 2103 1266 Illius
2113 1231 2252 1266 manda·

1353 1285 1380 1317 ti
1406 1284 1509 1318 Breve
1529 1294 1620 1318 extat
1645 1308 1651 1317 .
1694 1294 1747 1331 73.
1783 1295 1811 1319 1.
1839 1284 1974 1328 singulis
2001 1280 2252 1318 vicecomitibus

1358 1333 1492 1377 Angliae
1502 1334 1547 1366 est
1565 1333 1696 1366 missum
1710 1357 1717 1364 .
1747 1333 1820 1364 ibid.
1842 1333 1959 1377 finguli
1971 1331 2005 1367 hi
2017 1332 2253 1378 obligabantur·

1356 1382 1459 1416 Breve
1482 1381 1565 1415 illud
1588 1383 1696 1415 secum
1718 1381 1841 1414 adferre
1863 1405 1872 1414 .
1898 1381 1991 1414 (ibid.
2016 1383 2151 1417 Interim
2173 1381 2251 1416 Rex

1357 1431 1438 1464 dum
1460 1430 1691 1472 appellationes
1715 1430 1915 1473 impugnat,
1939 1431 1980 1463 ad
2004 1433 2035 1465 S.
2059 1431 2177 1466 Sedem
2195 1442 2256 1475 ap-

1357 1479 1457 1523 pellat
1471 1480 1603 1522 ipsemet
1618 1502 1626 1510 .
1727 1486 1732 1491 '
2129 1488 2205 1526 149-
2217 1490 2252 1516 2·

1309 1527 1519 1572 Apostrophe
1534 1528 1711 1563 vehemens
1724 1526 1763 1563 ad
1789 1525 1982 1570 Christum,
2008 1538 2183 1564 venturum
2204 1528 2254 1572 ju-

1357 1578 1463 1613 dicare
1476 1578 1600 1621 judicio
1614 1604 1624 1620 ‚
1651 1590 1717 1621 quo
1730 1578 2004 1623 quisjudicaverit
2020 1603 2028 1612 .
2125 1588 2201 1625 142·
2212 1589 2249 1614 2-

1309 1629 1450 1663 Arbores
1463 1640 1587 1675 magnae
1600 1629 1657 1664 diu
1671 1630 1816 1664 crescunt
1828 1653 1839 1669 ,
1865 1629 1898 1663 δε
1911 1639 1974 1662 una
1988 1628 2070 1664 hora
2091 1631 2255 1672 extirpan-

1358 1691 1434 1714 tur.
1461 1679 1585 1713 Stultus
1599 1678 1643 1714 est
1656 1681 1711 1723 qui
1737 1690 1847 1714 earum
1866 1680 1989 1714 fruetus
2009 1680 2055 1717 ita
2065 1679 2214 1724 expectat
2237 1701 2253 1720 ‚

1358 1741 1393 1764 ut
1403 1741 1472 1764 non
1482 1729 1629 1765 attendat
1640 1731 1752 1764 casum
1763 1755 1772 1763 .
2133 1725 2203 1776 158.
2219 1738 2252 1767 1.

1309 1780 1576 1815 Archi-Diaconi
1589 1792 1655 1815 non
1668 1781 1800 1823 possunt
1820 1778 1976 1815 investire
2002 1780 2188 1818 Eeelefias,
2214 1770 2254 1813 dt

1355 1830 1478 1863 tradere
1487 1841 1598 1863 curam
1609 1830 1791 1863 animarum
1802 1853 1809 1861 .
1837 1829 1939 1864 Hanc
1951 1828 1998 1864 eis
2010 1828 2253 1864 authoritatem

1358 1877 1548 1913 subtrahunt
1559 1879 1688 1913 decreta
1701 1879 1753 1913 SS.
1766 1879 1900 1913 Patrum
1911 1903 1919 1912 .
2118 1887 2200 1926 279.
2218 1888 2252 1916 1.

1308 1928 1476 1970 Aristippus
1498 1926 1720 1971 Philosophus
1751 1930 1843 1962 omni
1868 1929 2063 1965 conditione
2093 1925 2254 1972 temporis

1359 1977 1581 2022 aequanimiter
1594 1978 1744 2012 utebatur
1757 2001 1768 2018 ,
1795 1978 1827 2012 ἃς
1846 1977 1880 2011 in
1904 1977 1986 2022 ipsisv
1999 1976 2254 2023 philosophaba-

1362 2038 1414 2061 tur
1426 2028 1542 2073 nugis:
1569 2026 1922 2072 jucundustomnibus,
1935 2028 2018 2063 nulli
2028 2028 2135 2073 gravis
2146 2052 2154 2060 .
2169 2039 2250 2076 157.
2305 2029 2309 2033 '

1361 2090 1393 2116 2·
1407 2078 1576 2123 Rogatus,
1602 2078 1681 2122 quid
1706 2076 1764 2111 sibi
1786 2077 1993 2122 philosophia
2016 2077 2202 2112 contulisset
2232 2078 2252 2110 ζ

1362 2128 1568 2173 Respondit:
1597 2137 1633 2163 ut
1642 2139 1719 2162 cum
1731 2126 1888 2163 omnibus
1899 2123 2093 2163 hominibus
2116 2126 2253 2170 intrepi-

1359 2178 1400 2213 de
1412 2179 1573 2213 fabularer
1583 2202 1590 2211 .
1998 2177 2000 2181 ’
2171 2176 2248 2210 ibid.

1309 2226 1480 2263 Articulos
1495 2229 1546 2263 seu
1558 2229 1676 2273 panna
1699 2227 1821 2263 divinae
1842 2226 1927 2272 legis
1949 2238 2154 2273 congerere,
2179 2236 2251 2262 non

1358 2279 1402 2312 est
1414 2280 1593 2323 aliquando
1605 2288 1736 2323 tutum3
1762 2278 1837 2322 quia
1851 2278 1906 2312 etsi
1920 2280 2001 2312 reela
2013 2278 2076 2313 fint
2093 2277 2224 2313 forfitan
2236 2300 2254 2318 a

1362 2328 1499 2365 subinde
1519 2340 1630 2365 tamen
1654 2341 1724 2365 non
1746 2329 1804 2364 nili
1825 2328 1867 2364 ad
1888 2328 2127 2365 subversionem
2149 2327 2250 2372 profi-⁴

1358 2379 1453 2413 ciunt
1466 2380 1665 2415 Auditorum
1676 2406 1685 2414 .
2122 2387 2200 2426 154-
2219 2386 2251 2414 1·

1309 2427 1479 2474 Astrologi
1490 2440 1684 2473 quamquam
1698 2441 1771 2464 vera
1780 2428 1892 2464 dicant
1903 2454 1914 2471 ‚
1924 2439 2037 2472 parum
2053 2438 2163 2463 tamen
2174 2429 2253 2463 sunt

1358 2478 1490 2513 curandi
1505 2504 1513 2510 .
1524 2483 1605 2527 207.
1616 2488 1648 2515 2.
1655 2477 1717 2522 sieq.
1757 2478 1979 2512 Praedicebant
1990 2477 2095 2512 Anno
2105 2475 2252 2521 quodam

1361 2529 1474 2563 futuro
1485 2540 1525 2562 ex
1535 2528 1641 2564 forma
1653 2527 1914 2563 constellationis
1924 2552 1935 2568 ,
1956 2528 2062 2561 futura
2075 2524 2250 2560 mirabilia.

1357 2578 1396 2611 ln
1410 2578 1469 2612 illo
1481 2579 1614 2613 consilia
1627 2589 1739 2622 regum
1753 2578 1909 2611 mutanda
1920 2587 1936 2618 ;
1964 2576 1998 2610 in
2023 2574 2115 2619 Qrbe
2138 2574 2251 2610 crebra

1358 2628 1429 2661 fore
1439 2627 1524 2662 bella
1535 2652 1547 2668 ‚
1571 2628 1816 2669 seditionesque
1830 2625 2018 2660 revelandas
2029 2626 2063 2659 in
2077 2626 2145 2660 fine
2153 2625 2249 2662 anni.

1358 2676 1402 2710 Et
1417 2678 1461 2710 ita
1473 2677 1609 2720 quidem
1620 2678 1726 2711 astum
1749 2676 1794 2710 est
1808 2701 1816 2710 .
1846 2676 2069 2723 Mortuifunt
2090 2672 2254 2720 Regina!-

1360 2727 1420 2762 dus
1443 2726 1650 2761 Colonienfis
1671 2725 1992 2770 Archi-Episcopus,
2016 2725 2050 2759 <Sc
2074 2723 2252 2771 Mogonti-

1358 2788 1421 2812 nus
1442 2802 1455 2819 ‚
1482 2776 1669 2811 Consiliarii
1704 2777 1913 2820 Imperatoris
1952 2774 2113 2810 Frederici
2160 2774 2255 2819 peffi.

1360 2828 1426 2861 mi.
1453 2826 1609 2860 Mortuus
1621 2827 1667 2860 est
1692 2825 1881 2861 Leodiensis
1902 2825 2065 2860 intrusus.
2092 2825 2251 2860 Romana

1360 2878 1465 2911 soluta
1476 2876 1521 2911 est
1533 2875 1661 2911 obsidio
1680 2876 1713 2911 ἀ
1728 2873 1918 2910 Rhemenfis
1929 2874 2036 2911 sedata
2050 2873 2095 2909 est
2108 2874 2250 2918 seditioq

1359 2928 1435 2961 ibid.

1313 2976 1440 3012 Asturia
1462 2977 1645 3022 serpentina
1664 2976 1711 3010 est
1745 2974 1917 3010 necessaria
1946 2972 2035 3010 inter·
2054 2975 2212 3013 colubros
2234 2979 2247 3020 -Ϊ

1363 3025 1439 3064 128.
1465 3038 1495 3063 2·

1311 3076 1457 3111 Avaritia
1470 3071 1685 3112 sordida‘218·
1702 3085 1728 3110 1.
1757 3074 1792 3108 in
1805 3073 1970 3119 judicibus
1982 3073 2061 3109 dum
2072 3075 2245 3121 reperitur,·

1363 3127 1499 3161 inclinat
1514 3127 1582 3160 vim
1592 3124 1799 3159 authoritatis
1809 3150 1818 3158 .
2126 3134 2202 3171 234.
2217 3133 2245 3160 2

1317 3178 1467 3212 Audacia
1478 3178 1545 3211 fine
1566 3174 1669 3222 gloria
1689 3185 1747 3210 aut
1766 3175 2014 3217 emolumento,
2039 3175 2087 3210 est
2111 3175 2210 3210 stulta
2235 3191 2248 3206 0

1361 3225 1415 3264 88.
1445 3238 1475 3263 2.

1312 3276 1585 3315 Audirerniserias
1595 3287 1707 3321 parum
1718 3275 1785 3318 est,
1811 3275 1863 3312 sed
1877 3275 1992 3311 sentite
2025 3274 2237 3312 laboriosum.

1408 3326 1437 3366 8·
1453 3340 1479 3365 1·

1307 3381 1347 3412 Β.
1359 3339 1532 3423 {iigustinus
1544 3375 1678 3424 Angliae
1688 3376 1867 3422 Apostolus
1877 3400 1888 3416 ‚
1899 3373 2049 3411 fundavit
2062 3376 2238 3411 Ecclesiam

1358 3428 1624 3463 cantuariensem
1635 3428 1778 3462 moribus
1789 3428 1823 3461 ὅ(
1835 3426 1997 3471 lapidibus
2006 3451 2015 3460 .
2119 3436 2192 3474 107·
2205 3434 2237 3460 1·

1308 3477 1423 3515 Aulici
1433 3478 1576 3515 Henrici
1588 3478 1723 3515 secundi
1734 3477 1867 3526 Angliae
1887 3477 2010 3523 Regis.
2035 3476 2198 3558 P²¹5⁰¹¹⁶f
2227 3496 2244 3519 ,,

2120 3535 2193 3561 ucn
