2358 3776
294 175 335 219 s.
410 161 1796 223 THOMAE''CANTUARIENsls

106 274 192 301 tens,
222 266 259 293 ut
272 257 416 301 aliquem
431 255 570 300 probum
593 252 761 289 hominem
775 250 933 285 mittatis.
961 249 1056 283 Reci-

112 316 176 360 piet
187 320 295 345 tamen
310 317 548 351 quemcumque
570 303 720 338 miseritis
730 326 738 333 .
768 300 839 334 Vos
858 309 969 334 autem
981 299 1056 333 ficu-

112 365 144 400 bi
156 356 391 397 transmiseritis
402 358 545 402 aliquem
553 371 569 395 ,⁴
587 353 746 387 instituite
765 362 842 384 eum
854 374 865 390 ,
889 358 925 383 ut
947 350 1059 384 mode-

113 413 159 448 ste
180 414 210 446 se
226 409 362 445 habeat:
390 409 480 455 Qia
497 404 649 440 homines
673 401 770 446 hujus
793 400 903 445 Regni
917 398 1056 441 modesti

116 466 205 499 sunt.

267 562 296 595 E
322 560 349 594 P
374 554 436 592 18
461 554 559 590 TO
582 552 612 588 L
640 552 671 587 A
723 550 908 586 XXXlI.

119 663 287 699 Alexander
312 661 402 700 Papa
428 652 638 695 mindoniensi,
667 654 702 687 Θ
726 651 864 686 omnibus
891 649 1055 695 Episcopis

419 709 541 739 Camiae
567 705 754 737 Provinciae.

214 804 588 853 NlVERSISoppreffis
601 828 611 843 ‚
636 803 670 838 dr
687 813 741 846 per
753 801 904 845 injuriam
916 801 1057 846 gravatis

237 871 280 894 ear
301 855 416 892 Officii
436 855 536 888 nostri
557 853 672 889 debito
694 852 864 887 subvenire
875 861 1023 887 tenemur
1048 875 1057 884 .

117 913 162 946 Et
186 908 354 955 presertim
378 904 606 940 Ecclefiasticis
627 903 703 938 vitis
723 925 735 942 ‚
752 903 817 947 qui
830 914 887 946 pro
909 901 1058 936 Ecclefiae

116 954 461 997 suaelibertateruenda
471 954 611 990 exilium
634 954 788 987 sustinere
806 963 991 998 coguntur,
1016 951 1057 985 ne

116 1009 153 1047 in
162 1010 275 1055 aliquo
287 1008 371 1052 Juris
381 1006 429 1040 sui
439 1004 672 1040 detrimentum
684 1003 854 1038 incurrant
867 1027 878 1043 ,
901 1001 1058 1037 debemus
1096 1024 1098 1027 ψ

117 1060 301 1106 providete.
325 1056 596 1103 Qaliterautem
607 1053 813 1088 Venerabilis
823 1054 944 1087 Fratris
957 1051 1058 1086 nostri

118 1111 263 1146 Thomz
292 1106 535 1143 Cantuariensrs
567 1103 839 1148 Archi-Episcopi
857 1102 978 1138 Clerici
999 1113 1058 1145 pro

117 1162 260 1196 Domini
270 1158 318 1193 sui
329 1157 488 1191 fidelitate
494 1155 661 1198 Principis
671 1153 936 1199 indignationem
952 1153 1059 1186 incur·

118 1211 239 1250 rerint,
264 1209 299 1243 &
323 1207 421 1241 bonis
435 1205 503 1239 suis
512 1204 632 1239 fuerint
652 1202 713 1237 hac
723 1204 896 1238 occasione
919 1201 1059 1246 privati,

117 1258 212 1295 tanto
230 1257 351 1292 certius
370 1255 472 1289 vestra
491 1253 583 1289 novit
599 1253 771 1294 discretio,
794 1262 923 1296 quanto
944 1250 1005 1285 hac
1016 1261 1057 1284 ex

117 1319 207 1354 parte
217 1306 464 1352 propriisoculis
474 1303 624 1347 potuistis
636 1302 764 1346 plenius
773 1302 960 1346 inspexisse.
982 1300 1058 1336 Un-

117 1357 335 1402 de·quoniam
355 1355 532 1399 indignum
550 1354 595 1387 est
609 1377 621 1393 ‚
647 1362 684 1387 ut
702 1362 832 1396 propter
842 1354 909 1386 vim
922 1350 1059 1386 fibi-illa-

117 1418 184 1444 tam
197 1407 340 1450 aliquam
361 1403 594 1438 beneficiorum
615 1403 747 1437 suorum
769 1401 945 1437 sustineant
962 1401 1058 1435 laefio-

116 1467 197 1494 nem
205 1482 217 1499 ,
243 1454 451 1492 Fraternieari
463 1455 571 1489 vestrae
582 1464 636 1496 per
659 1453 851 1497 Apostolica
862 1453 976 1496 scripta
988 1462 1059 1495 prae-

115 1507 272 1552 eipiendo
295 1505 488 1540 mandamus
517 1526 529 1543 ,
562 1504 596 1539 δε
612 1503 803 1538 mandando
823 1502 1023 1546 przeipimus

117 1556 278 1602 quatenus
301 1556 486 1595 universos,
510 1555 567 1598 qui
584 1553 648 1596 jam
669 1553 875 1588 clericorum
898 1552 1060 1586 dictorum

117 1607 276 1643 Beneficia
286 1606 321 1639 in
331 1605 475 1639 absentia
483 1604 526 1638 de
537 1603 703 1637 Mandato
715 1603 826 1646 Regio
840 1601 1040 1645 perceperint
1051 1624 1062 1639 ,

119 1657 162 1692 ad
183 1667 298 1691 eorum
312 1656 476 1698 integram
501 1651 742 1686 restitutionem
768 1651 826 1684 sub
847 1649 1063 1684 anathematis

121 1704 387 1741 interminatione
406 1726 416 1742 ,
442 1701 663 1744 appellatione
682 1702 822 1734 cessante
844 1724 855 1739 ,
889 1699 1063 1733 districtius

120 1751 344 1798 compellatis:
371 1762 432 1784 nec
452 1749 549 1782 iubis
558 1749 763 1790 exequendis
783 1749 902 1781 remiffi
914 1756 970 1780 aut
984 1747 1063 1788 tepi-

118 1797 551 1846 dialiquarenusappareatis
566 1820 574 1829 .
601 1797 727 1830 Datum
740 1795 916 1835 Laterani,
943 1794 1062 1839 quinto

119 1863 224 1888 nonas
233 1849 337 1885 Maii.
748 1862 763 1865 w

276 1917 684 1983 EprsToLA
734 1944 897 1979 xxxm.

136 2049 284 2085 r-z'bomae
310 2044 521 2088 Cantuaerknfi
551 2040 799 2088 Archi-Epislropo
820 2069 832 2086 ‚
863 2047 1010 2090 Joannes

146 2119 148 2121 >
175 2114 178 2120 ¹
251 2129 254 2131 .
462 2099 503 2132 de
525 2096 719 2130 saresberia.

121 2198 233 2285 EX
243 2198 405 2235 relatione
414 2196 545 2233 Latotis
567 2194 789 2239 praesentium,
816 2189 851 2228 8(
872 2193 974 2228 literis
984 2202 1062 2236 quas

225 2249 308 2284 mihi
321 2249 419 2283 amici
439 2247 503 2281 mei
522 2244 566 2279 ab
578 2245 700 2288 Anglia
713 2243 966 2284 transmiserunt,
973 2252 1061 2286 pote·

119 2301 190 2335 ritis
209 2298 394 2336 advertere,
418 2296 492 2338 quis
512 2294 657 2329 Ecclefiae
680 2294 780 2331 status
795 2292 838 2330 Iit
857 2295 893 2328 in
911 2294 1038 2337 Regno
1052 2315 1060 2323 .

121 2349 227 2384 Mitto
246 2348 346 2383 etiarn
368 2345 467 2380 vobis,
483 2344 625 2383 litteus,
649 2354 729 2386 quas
741 2341 1059 2387 mihimifit-Episco·

119 2396 392 2444 puessajocenfis,
418 2404 472 2438 per
491 2393 664 2428 Nuncium
686 2403 821 2432 meum,
845 2403 944 2436 quem
965 2393 1005 2426 ad
1020 2393 1062 2435 ip-

120 2445 430 2484 sumdestinaveram
444 2468 456 2485 ,
478 2453 515 2478 ut
526 2453 581 2487 pet
593 2443 695 2486 ipsum
708 2443 896 2478 certiorarer
912 2443 954 2477 de
977 2443 1059 2476 statu

119 2498 242 2534 Fratris
250 2496 314 2531 mei
325 2519 337 2536 ‚
362 2496 398 2530 dt
408 2505 515 2529 rerum
528 2492 706 2529 nostrarum
720 2518 728 2526 .
755 2493 829 2527 Rex
842 2493 1061 2528 euimeicom·

120 2546 383 2583 miseratreditus
401 2545 527 2579 nostros
541 2567 552 2584 ‚
576 2554 659 2586 quos
684 2544 717 2577 in
741 2541 964 2578 saresberiensi
978 2542 1060 2585 Epis·

118 2608 240 2643 copatu
253 2593 453 2630 habebamus
462 2619 470 2626 .
496 2594 594 2640 Qus
603 2603 712 2627 autem
724 2592 922 2627 habebamus
946 2594 981 2628 in
992 2593 1063 2625 aliis

121 2647 297 2687 Ecclefiis,
333 2645 450 2690 partim
472 2643 698 2677 Londoniensi
720 2644 882 2677 commisit
898 2667 910 2684 ,
945 2644 1062 2686 partim

122 2698 214 2734 aliis.
241 2696 313 2743 Qi
333 2703 460 2730 tantam
481 2693 690 2737 diligentiam
711 2691 895 2733 adhibent,
921 2703 957 2727 ut
980 2692 1062 2727 nihil

121 2748 198 2784 inde
210 2747 362 2792 posfimus
372 2743 488 2779 habere
499 2755 562 2788 ego
571 2742 605 2775 &
616 2743 713 2776 frater
737 2753 844 2783 meus,
874 2753 933 2777 nec
946 2742 1063 2786 aliquis

122 2800 260 2833 nomine
270 2796 400 2831 nostro.
427 2794 555 2828 Etsicut
575 2793 716 2827 referunt
736 2793 793 2833 qui
814 2792 856 2826 de
867 2791 1012 2836 partibus
1025 2792 1062 2825 il·

124 2849 162 2883 lis
174 2847 311 2882 redeunt
322 2870 333 2886 ,
359 2856 407 2878 res
421 2844 533 2878 nostrae
544 2842 764 2886 dilapidantur
773 2843 916 2877 omnino
929 2865 940 2881 ‚
951 2852 987 2875 ut
1002 2853 1062 2876 nec

121 2898 281 2938 ecelesia,
307 2907 367 2930 uec
379 2895 498 2929 domus
508 2893 711 2927 reficiantur.
740 2892 815 2936 Ego
834 2893 930 2935 'super
956 2892 1063 2926 hoc&

125 2948 181 2990 ipfi
191 2945 414 2982 Londonienfi
429 2945 556 2988 scripsi,
583 2943 617 2977 &
633 2941 862 2976 Herefordenfi
880 2942 1062 2986 ‚&Vigor-

126 2997 235 3035 nenfi,
261 2994 493 3030 &Cicestrensi
519 2993 705 3036 Episcopis,
733 2993 767 3026 &
789 2990 1063 3027 Archi-Diacono

123 3043 312 3080 Pistavienfi
327 3068 334 3076 .
360 3043 567 3079 Cicestrenfis
586 3053 695 3077 autem
718 3042 748 3075 se
768 3041 940 3078 &Domini
961 3043 1063 3087 Regis

123 3095 227 3141 gratia
238 3092 392 3127 excidisse
401 3094 612 3138 conqueritur
622 3117 632 3132 ,
650 3093 683 3126 ὃ(
698 3091 763 3126 haec
775 3092 869 3130 verba
882 3091 1062 3137 subjungit.-

126 3149 212 3189 ,ρμὶα
226 3142 305 3187 solm
327 3142 530 3186 Londontenfis
552 3141 683 3185 censetur
702 3147 816 3176 nomine
839 3141 911 3185 suo.
940 3143 1061 3177 Nullus

125 3196 265 3230 aliorum
285 3192 368 3226 mihi
388 3192 568 3235 respondit.
594 3193 755 3236 Exspesto
776 3202 886 3227 tamen
908 3193 1061 3227 utsaltem

124 3244 222 3279 verba
244 3241 324 3277 dent
348 3241 432 3277 mihi
445 3243 540 3277 veteri
561 3244 670 3277 amico
691 3243 796 3277 suoin
812 3242 919 3278 reditu
932 3243 967 3276 N
972 3243 1060 3277 uncii

127 3307 213 3331 mer.
404 3323 407 3326 ,
502 3308 505 3310 -
536 3321 539 3325 ,
568 3320 571 3324 ,

179 3345 233 3379 De
243 3342 363 3377 Cautia
376 3350 484 3376 autem
494 3339 577 3375 nibil
585 3341 693 3376 audivi
706 3367 713 3374 .
741 3342 966 3378 Veruntamen
981 3341 1062 3386 post-

128 3395 227 3440 quam
240 3403 317 3437 puer
334 3402 422 3425 meus
441 3391 460 3426 a
481 3389 572 3425 vobis
592 3393 732 3427 reversus
749 3393 796 3427 est
809 3415 821 3434 ,
845 3393 955 3428 audivi
974 3392 1060 3436 quod

130 3447 202 3481 Rex
212 3446 385 3479 Scotorum
398 3441 559 3485 scripserat
570 3440 663 3476 vobis
681 3465 694 3483 ‚
718 3443 751 3476 ὃς
763 3444 853 3486 quod
874 3443 1061 3478 obtinuerat

126 3494 147 3532 a
158 3494 251 3543 Rege
263 3503 375 3540 pacem
387 3491 542 3528 vestram.
570 3491 632 3528 Sed
642 3502 709 3527 non
723 3493 817 3537 potui
828 3492 927 3528 fidem
945 3491 1062 3529 habere

1918 175 1950 220 28
1963 174 1989 221 ι’

1121 246 1244 282 verbis:
1273 255 1344 281 tum
1367 247 1442 289 quia
1461 247 1566 282 audio
1590 250 1761 287 Scotorum
1783 257 1911 301 Regem
1930 268 2000 292 110„
2007 269 2059 293 ὃς.

1118 297 1235 332 ceffisse
1246 297 1286 331 ad
1299 295 1445 332 nostruin
1457 321 1469 338 ‚
1495 307 1566 333 tum
1577 300 1652 342 quia
1667 303 1835 345 negotium
1856 312 1923 341 tam
1940 310 2057 344 acriter

1120 348 1283 391 inceptum
1304 346 1421 388 video,
1450 359 1485 382 ur
1508 360 1575 382 non
1597 350 1694 393 poffit
1716 351 1782 384 fine
1796 355 1950 393 miraculo
1961 357 2058 393 facile

1121 409 1174 440 per
1191 397 1300 432 literas
1322 396 1485 442 expediri.
1511 399 1661 434 Praeterez‘a
1683 400 1804 435 dicitur
1820 403 1912 444 quod
1935 410 2059 444 Comes

1117 447 1322 494 Flandrensis
1342 459 1458 493 rogatu
1481 448 1698 492 imperatricis
1716 451 1751 485 δε
1774 452 1911 497 Reginae
1923 466 2058 499 magn0s

1120 497 1205 532 viros
1223 498 1307 533 misit
1328 498 1368 532 ad
1394 501 1523 543 Regem
1547 523 1558 538 ,
1584 511 1684 544 agens
1702 501 1743 536 de
1767 513 1845 546 pace
1867 504 1968 537 vestra
1993 529 2003 544 ‚
2024 510 2060 543 a&

1118 548 1208 592 quod
1221 549 1399 583 redierunt.
1426 549 1490 582 Sed
1510 549 1590 593 quid
1615 550 1808 593 retulerint,
1831 552 1995 588 incertum
2004 554 2062 589 ha:

1094 614 1096 616 ¹
1117 598 1181 633 beo
1192 623 1200 630 .
1227 598 1285 632 Ad
1294 598 1361 633 haec
1373 598 1506 642 quidam
1520 598 1560 632 de
1574 599 1773 637 Domesticis
1794 602 1905 638 vestris
1919 628 1930 644 ,
1948 615 1988 639 ‚ut
1999 617 2062 639 au-

1117 648 1176 683 dio
1185 673 1196 689 ,
1224 648 1266 684 ab
1274 649 1487 692 expeditione
1500 649 1621 693 Wallie
1632 649 1672 685 ad
1685 662 1744 686 vos
1761 652 1873 687 reverfi
1885 653 1959 690 suut
1970 680 1977 687 .
2011 656 2060 690 Ea

1117 709 1246 743 propter
1259 698 1342 732 mihi
1354 699 1480 733 rescribi
1494 709 1624 744 precor,
1653 702 1692 736 ,δε
1713 702 1753 736 de
1773 703 1911 737 Nuncio
1925 729 1937 745 ‚
1964 717 2061 749 quem

1094 754 1097 796 ζ
1117 749 1158 783 ad
1177 760 1235 782 vos
1247 750 1418 783 transmisit
1434 750 1506 784 Rex
1518 752 1656 792 Scotiae,
1682 753 1716 786 ὅ(
1729 753 1770 786 de
1781 753 1924 787 Nunciis
1948 756 2064 789 Comi-

1094 804 1097 847 }
1118 800 1159 834 tis
1169 798 1370 834 flandrensis
1379 799 1547 835 destinatis
1555 801 1596 835 ad
1606 800 1732 848 Regem
1745 827 1756 843 ,
1778 804 1815 838 ,ἀ
1827 803 1916 847 quod
1925 806 2062 840 audistis

1096 889 1097 892 Ἴ
1117 850 1159 883 de
1179 849 1336 884 Domino
1351 848 1475 894 Rege,
1495 851 1528 885 δε
1551 852 1788 893 Wallensibus,
1813 854 1848 887 &
1869 855 1891 887 si
1912 854 1992 898 quid
2015 856 2059 890 de

1118 899 1272 935 Domino
1293 898 1382 943 Papa
1405 900 1499 936 vobis
1519 902 1675 938 innotuit
1689 928 1701 945 ‚
1724 903 1901 948 postquam
1915 906 2064 942 venirat}

1119 950 1274 985 Mentem
1286 948 1511 985 Pessulanum..

1165 1000 1327 1035 Defidero
1338 1010 1447 1038 autem
1456 1001 1497 1036 de
1511 1013 1554 1036 eo
1564 1003 1678 1037 audire
1695 1005 1844 1049 prospera
1854 1027 1867 1044 ,
1887 1005 1933 1040 eri
1953 1007 2064 1052 magis

1119 1050 1184 1095 quo
1196 1051 1246 1084 illi
1268 1062 1309 1085 ex
1333 1059 1452 1095 magna
1465 1063 1574 1096 parte,
1599 1054 1687 1088 inter
1703 1065 1785 1098 quos
1807 1066 1921 1091 moror
1931 1081 1944 1097 ,
1969 1058 2064 1091 eiva·

1120 1102 1299 1135 ticiuautur
1306 1101 1440 1136 adversa
1449 1125 1460 1134 ..
1486 1103 1618 1138 Dicunt
1628 1104 1717 1138 enim
1730 1105 1819 1149 quod
1831 1105 1941 1140 Pisani
1953 1107 1985 1141 δε
1996 1106 2063 1141 Ge·-

1120 1152 1256 1186 nuenses
1268 1175 1279 1192 ,
1305 1162 1343 1185 ac
1354 1153 1453 1185 etiam
1465 1151 1670 1189 Arelatenses
1682 1167 1770 1190 mare
1782 1157 1912 1201 ingreffi
1931 1158 2006 1192 sunt
2017 1168 2067 1191 ex

1097 1220 1099 1222 ·
1120 1201 1277 1236 mandato
1296 1200 1505 1236 Theutonici
1529 1203 1709 1246 Tyranni,
1733 1216 1771 1240 ut
1792 1208 1821 1239 ei
1833 1206 1971 1240 tendant
1989 1207 2065 1240 infi-

1118 1250 1209 1291 dias,
1232 1252 1269 1285 t&
1291 1252 1470 1294 pyraticam
1492 1263 1668 1287 exereeant
1692 1277 1700 1285 .
1739 1255 1793 1290 Ut
1820 1257 1885 1288 fine
1906 1256 2066 1290 manudu-

1119 1301 1229 1335 ctione
1249 1310 1363 1334 eorum
1388 1301 1472 1334 nulli
1489 1301 1631 1335 omnino
1656 1303 1755 1337 liceat
1779 1307 1935 1350 navigare
1954 1307 1988 1339 in
2002 1307 2062 1340 illo

1098 1385 1100 1387 .
1121 1350 1216 1385 mari.
1243 1350 1417 1394 Adjiciuut
1426 1351 1528 1385 etiam
1539 1352 1671 1395 quodiu
1686 1353 1866 1388 Ecclesiam
1886 1354 2063 1401 Mogunti-

1122 1412 1198 1434 nam
1217 1400 1295 1435 velit
1317 1401 1486 1435 intrudere
1506 1402 1605 1436 illum
1628 1412 1697 1437 non
1717 1403 1947 1439 Christianum
1972 1430 1983 1446 ‚
2010 1407 2064 1440 sed

1122 1449 1404 1492 Anti-Christum,
1431 1451 1626 1495 Apostatam
1645 1454 1738 1488 suum
1758 1478 1770 1494 ‚
1796 1456 1852 1498 qui
1873 1455 2065 1501 Regi‘naldo

1049 1505 1072 1541 ,'
1123 1500 1266 1536 succeffit
1278 1500 1313 1534 in
1325 1501 1448 1536 Officio
1458 1502 1691 1542 cancellaria,
1713 1505 1750 1539 v&
1771 1506 1995 1548 persecutione
2006 1508 2064 1540 Ec-

1122 1550 1220 1585 clesia:
1231 1574 1243 1589 ‚
1268 1551 1301 1584 dt
1310 1550 1482 1585 collisione
1493 1563 1532 1585 ac
1542 1553 1642 1595 strage
1653 1554 1804 1596 gentium
1816 1578 1827 1593 ‚
1851 1555 1887 1588 ὅ(
1898 1556 2063 1590 eversione

1122 1600 1313 1637 civitatum.
1341 1600 1475 1634 Dicitur
1491 1601 1584 1635 enim
1604 1601 1670 1635 hoc
1691 1605 1897 1645 promeruisse
1931 1606 1966 1638 in
1986 1618 2026 1640 eo
2054 1631 2066 1645 ‚

1101 1686 1103 1692 .,
1123 1649 1215 1694 quod
1234 1649 1420 1683 Thusciam
1442 1660 1548 1684 totam
1566 1650 1792 1686 Theutonicis
1822 1653 1969 1688 subdidit
1986 1677 1996 1694 ‚
2030 1655 2069 1690 δέ

1124 1698 1341 1740 Campaniam
1351 1719 1364 1736 ,
1392 1707 1429 1730 ut
1439 1697 1602 1731 Romanis
1614 1699 1698 1732 nihil
1708 1701 1858 1735 relietum
1871 1703 1905 1736 sir
1918 1727 1929 1742 ,
1957 1716 2016 1738 nec
2029 1706 2069 1739 iu

1122 1747 1227 1790 agris,
1259 1754 1322 1779 uec
1342 1746 1377 1778 in
1398 1745 1549 1787 olivetis,
1585 1758 1645 1782 aut
1669 1747 1796 1790 vineis,
1829 1762 1923 1787 extra
1945 1757 2068 1789 moenia

1125 1794 1248 1831 Urbis*
1288 1793 1420 1835 Unde,
1445 1803 1483 1830 ut
1500 1796 1614 1839 ajunt,
1649 1797 1794 1834 inclusus
1821 1803 1962 1845 populus
1987 1828 1999 1844 ,
2036 1806 2069 1840 &

1122 1844 1210 1890 quasi
1219 1844 1352 1880 affectus
1363 1844 1473 1880 inedia
1484 1846 1632 1882 obtinuit
1640 1847 1756 1882 multis
1777 1852 1922 1892 precibus
1933 1878 1943 1894 ‚
1970 1855 2005 1889 δε
2018 1867 2069 1899 pe-

1122 1895 1222 1929 cunia.
1232 1895 1308 1929 data
1321 1894 1470 1930 inducias
1491 1897 1593 1941 usque
1608 1896 1651 1932 ad
1661 1896 1790 1932 ‘festum
1812 1901 1842 1934 S.
1854 1901 2033 1939 Michaelis
2058 1932 2067 1940 .

1123 1945 1226 1980 Tunc
1238 1945 1296 1980 nifi
1305 1945 1473 1980 Dominus
1496 1947 1583 1990 Papa
1603 1948 1736 1983 interim
1764 1949 1888 1985 venerit
1910 1952 2069 1989 &subve-

1124 1995 1228 2035 uerit,
1252 1997 1409 2038 recepturi
1422 1995 1615 2031 Guidouem
1626 1997 1836 2034 cremensem
1849 2024 1860 2041 ,
1878 2001 1911 2036 ὅ(
1923 2002 1958 2036 in
1970 2005 2067 2040 verba

1123 2043 1416 2079 Theutonicorum
1423 2045 1577 2087 juraturi.
1604 2047 1649 2081 Et
1661 2048 1702 2082 nd
1711 2048 1838 2092 aliquid
1856 2050 2042 2090 subtraham
2056 2081 2068 2095 ‚

1121 2095 1262 2128 afferunt
1276 2095 1475 2138 nescioquas
1494 2095 1967 2142 ProphetissasnTbeutonicas
1986 2107 2068 2139 vati,

1120 2145 1317 2178 cinataseffe
1330 2168 1341 2184 ,
1368 2143 1453 2179 unde
1464 2147 1554 2180 furor
1565 2145 1858 2184 Theutouicorum
1878 2153 1982 2195 potest
2000 2165 2066 2189 am-

1122 2194 1207 2238 plius
1219 2193 1437 2234 inflammari,
1463 2197 1496 2230 δε
1508 2195 1594 2231 unde
1612 2197 1819 2234 schismatici
1838 2203 2029 2238 animantur
2055 2230 2063 2238 .

1122 2244 1186 2279 Sed
1204 2242 1346 2287 profesto
1369 2253 1486 2287 potens
1508 2247 1555 2279 est
1577 2247 1669 2284 Deus
1690 2259 1866 2287 conterere
1881 2253 2066 2297 superbiam
2132 2248 2137 2253 ⁷

1122 2293 1251 2333 Moab,
1277 2293 1370 2328 valde
1390 2294 1541 2330 adversus
1551 2296 1740 2333 Dominum
1761 2301 1993 2344 sbperbicntis.
2020 2306 2066 2340 Et

1121 2344 1309 2390 arrogantia
1320 2343 1389 2388 ejus
1399 2345 1504 2389 major
1522 2348 1569 2383 est
1586 2348 1687 2392 quam
1708 2350 1886 2386 fortitudm
1914 2353 2066 2390 Undeiu

1123 2404 1217 2429 tanto
1235 2404 1342 2429 rerum
1362 2395 1495 2431 turbine
1513 2396 1596 2431 nihil
1611 2398 1767 2434 salubrius
1784 2402 1944 2445 arbitror,
1966 2404 2067 2446 quam

1123 2454 1159 2479 ut
1171 2445 1408 2490 confugiamus
1418 2446 1460 2482 ad
1473 2446 1686 2482 clementiam
1697 2448 1819 2484 Christi
1830 2476 1842 2491 ,
1867 2452 1924 2495 qui
1936 2455 1991 2487 etsi
2007 2455 2066 2488 ite·

1122 2494 1194 2531 rum
1203 2494 1432 2540 crucifigitur,
1458 2508 1528 2532 non
1545 2496 1710 2532 occiditur
1728 2522 1741 2538 ,
1766 2500 1820 2534 sed
1840 2500 2064 2539 crucifixores

1122 2547 1194 2585 suos
1207 2546 1242 2581 in
1253 2545 1418 2580 ultionem
1428 2545 1600 2581 Columba
1611 2548 1709 2581 faciet
1723 2549 1871 2585 acerbius
1890 2554 2038 2599 crucifigi
2053 2578 2063 2587 .

1124 2597 1165 2631 Et
1174 2596 1241 2639 jam
1251 2595 1416 2641 crucifigit
1424 2608 1483 2640 pto
1493 2606 1583 2640 parte
1591 2620 1602 2636 ‚
1626 2608 1819 2634 convocans
1837 2600 1992 2636 adversus
2001 2615 2060 2639 eos

1123 2648 1244 2691 pestem
1255 2646 1445 2691 &gladium
1458 2670 1465 2678 .
1493 2645 1537 2681 Et
1548 2646 1632 2680 alios
1639 2645 1789 2692 Angelos
1802 2651 1875 2685 suos
1889 2675 1900 2692 ‚
1913 2663 1968 2695 per
1980 2665 2062 2697 quos

1121 2696 1294 2742 gloriosius
1307 2696 1400 2738 punit
1410 2705 1527 2731 contra
1538 2708 1615 2731 eum
1634 2697 1825 2734 immaniter
1844 2702 2027 2746 gloriantes
2053 2720 2061 2737 a

1121 2748 1155 2782 Si
1167 2747 1258 2780 vobis
1270 2745 1433 2780 adfuerint
1444 2747 1565 2780 Saustae
1588 2747 1831 2784 Cantuarienfis
1848 2752 1992 2787 Eccleliae
2004 2754 2067 2787 Pa-

1125 2799 1235 2836 troni,
1261 2806 1402 2839 quorum
1413 2797 1608 2831 memoriam
1618 2795 1730 2833 haberi
1750 2799 1869 2845 jugiter
1891 2803 2024 2846 expedit
2051 2827 2063 2847 ,

1122 2847 1197 2882 Deo
1207 2845 1358 2880 Authore
1369 2846 1493 2881 utiliter
1503 2846 1663 2882 sedabitur
1676 2848 1743 2883 haec
1756 2852 1898 2893 procella
1909 2878 1919 2894 ,
1948 2854 1982 2888 ἀ
2002 2865 2063 2888 nos

1122 2897 1258 2932 feliciter
1280 2894 1322 2929 ad
1341 2906 1491 2939 optatum
1512 2898 1764 2942 enavigabimus
1785 2912 1918 2943 portum
1946 2927 1954 2935 .
1990 2903 2064 2938 Nec

1122 2946 1239 2981 diffido
1249 2946 1331 2989 quin
1348 2957 1404 2980 eos
1416 2946 1593 2982 habeamus
1616 2950 1774 2992 propitios
1786 2975 1797 2990 ,
1827 2953 1847 2985 fi
1861 2954 2065 2995 posuerimus

1122 2997 1220 3031 corda
1234 2996 1342 3030 nostra
1354 2996 1448 3039 super
1458 2999 1525 3032 vias
1538 2999 1662 3033 nostras
1672 3023 1682 3039 ,
1708 3000 1743 3034 ἀ
1761 3001 1814 3035 ita'
1828 3004 1940 3037 versati
1966 3003 2066 3037 fueri·-

1122 3058 1193 3081 mus
1214 3047 1248 3080 in
1263 3046 1419 3081 exercitio
1432 3049 1532 3093 Legis
1554 3049 1704 3089 Divinae,
1732 3062 1768 3084 ut
1789 3062 1862 3086 eam
1877 3052 2066 3086 nonmtnfis

1121 3096 1307 3131 studeamus
1317 3097 1423 3131 facere
1435 3122 1446 3138 ‚
1465 3100 1562 3142 quam
1572 3099 1683 3133 audire
1699 3124 1707 3131 .
1733 3101 1821 3136 Nam
1836 3113 1872 3136 ut
1884 3103 1930 3137 ait
1942 3104 2066 3146 sapiens

1120 3147 1273 3232 gluidam:
1300 3150 1416 3182 Rerum
1425 3155 1613 3192 experientia
1620 3149 1658 3191 est
1668 3151 1814 3197 Magistra
1835 3153 2041 3197 intelligennae
2053 3176 2062 3184 .

1155 3197 1258 3233 alete.

1917 3527 2046 3583 21²1!
