2358 3776
297 84 759 143 S.THOMAE
816 76 1758 142 *CANTUARIENsrffi

87 182 201 228 Regia
218 179 339 215 honori
360 180 471 224 procul
494 178 597 213 dubio
619 176 711 212 cedet
735 177 769 210 &
787 174 918 221 gloriae,
945 183 981 206 ut
995 174 1027 207 in

91 234 194 275 ipsum
218 231 394 265 clementer
411 230 585 271 respiciatis
606 253 618 269 ,
642 229 675 262 ἃ
688 226 802 269 Regiae
817 224 942 267 pietatis
953 235 1030 256 ocu-

85 282 140 319 ‘los
159 282 192 315 in
212 282 316 323 ipsum
335 280 491 314 attentius
524 278 668 312 habeatis
689 302 697 309 .
735 275 883 310 Fidelem
909 274 1030 317 quippe

91 331 261 365 clericum
284 331 422 364 vestrum
435 330 630 363 transmittet
645 326 685 359 ad
706 335 766 358 vos
786 349 796 364 ,
824 335 857 357 ut
870 325 967 366 quam
981 324 1031 366 pie

93 380 261 414 Dominus
287 379 525 414 Cantuariensis
546 378 583 411 sit
603 376 687 409 circa
709 375 810 416 ipsum
835 374 993 407 sollicitus
1021 397 1031 412 ,

90 431 125 464 ὅ(
150 430 252 464 verbis
274 429 341 472 ejus
362 432 396 464 ὃς
417 429 563 472 scriptis,
588 436 656 469 quae
679 435 739 468 prae
762 423 910 458 manibus
922 421 1030 462 habet,

93 481 292 523 agnoscatis.
318 481 414 516 Onus
433 474 583 521 siquidem
607 475 822 523 suspensionis
836 474 876 507 ad
900 474 1032 516 praefens

91 529 250 571 sustinet,
287 529 563 571 &fjamcitatuh
598 524 679 568 juste
709 525 771 557 sive
807 523 946 565 injuste,
969 534 1021 557 ex-

96 580 406 618 communicationis
415 576 608 611 sententiam
623 599 634 614 ,
657 584 693 608 ut
702 585 744 608 ex
763 574 886 616 scriptis
903 584 1031 616 perpen-

94 630 202 663 dimus
216 654 226 670 ,
253 631 287 664 ὅ(
308 628 468 665 retroactis
484 625 651 659 manifeste
661 624 854 664 conjicimus
866 647 877 665 ‚
906 624 963 656 nifi
978 635 1033 667 per

97 690 158 712 vos
183 681 218 714 in
242 678 391 722 proximo
414 689 481 711 non
503 674 628 723 evadet.
658 674 1032 720 Quamficontigeritin

97 729 200 770 ipsum
214 729 305 769 dari,
322 728 389 760 ¹erit
414 727 525 769 utique
544 725 600 759 sibi
620 723 788 763 dedecori,
827 724 860 759 δε
881 723 1035 757 omnibus

97 777 210 822 Regni
230 777 323 812 vestri
337 778 479 820 personis
491 774 693 810 concussioni
714 775 827 816 pariter
849 774 882 807 δε
901 774 1033 807 timori.

95 829 207 874 Qem
230 827 364 860 fivestra
388 826 579 869 Benignitas
598 835 745 857 evocaret
768 824 807 858 ad
832 826 885 864 se,
912 825 971 857 iter
985 834 1031 857 ac-

97 878 248 912 celeraret
267 876 309 912 ad
334 886 390 908 vos
403 899 414 914 ,
439 875 473 907 &
493 874 672 908 imminens
691 873 756 907 hoc
776 874 954 915 periculum
976 884 1037 916 ope

95 925 197 958 vestra
219 926 339 966 fretus,
365 924 496 967 iuvante
518 925 691 963 Domino,
716 924 842 966 optime
852 923 1036 958 declinaret.

97 975 206 1012 Unde
224 986 299 1009 cum
321 983 449 1018 petente
469 974 605 1017 petimus
618 998 628 1013 ‚
654 985 728 1007 cum
753 974 951 1016 supplicante
969 975 1037 1016 sup·

96 1026 276 1069 plicamus,
300 1036 459 1067 quatenus
484 1025 649 1066 suspiranti
672 1025 704 1057 in
731 1023 794 1056 hoc
824 1023 909 1056 fideli
934 1024 1038 1057 vestro

97 1075 257 1111 accessum
279 1075 322 1109 ad
344 1085 400 1109 vos
421 1075 460 1111 ad
485 1075 633 1117 praesens,
659 1074 681 1106 fi
695 1074 819 1116 placet,
844 1071 1039 1110 concedatis,

99 1125 133 1164 ἃ(
158 1126 260 1168 ipsum
281 1135 418 1161 conatus
441 1124 525 1167 ejus,
549 1125 606 1166 qui
626 1122 716 1157 vobis
734 1124 959 1157 adversaturin
972 1134 1039 1156 om-

100 1174 197 1210 nibus
217 1198 228 1214 ,
253 1175 286 1208 δε
306 1173 579 1217 appellationibus
597 1174 631 1207 &
649 1173 755 1212 modis
775 1172 867 1212 aliis,
893 1182 975 1213 quos
995 1181 1044 1204 re·-

102 1224 223 1258 velabit
244 1224 411 1256 Dominus
425 1247 436 1262 ‚
466 1224 566 1266 usque
585 1222 625 1255 ad
645 1221 842 1265 Legatorum
863 1220 1039 1254 vestrorum

100 1275 279 1310 adventum
299 1273 418 1305 elidere
439 1271 647 1314 permittatis.
674 1271 754 1305 Hoc
773 1269 930 1314 siquidem
947 1269 1040 1303 vobis

97 1322 219 1359 honori
239 1345 252 1363 ,
287 1322 448 1358 securitati
472 1321 569 1355 nobis
591 1319 746 1354 omnibus
762 1320 909 1354 futurum
941 1319 1040 1354 credi·

102 1383 178 1407 mus
202 1395 214 1412 ,
246 1371 303 1414 qui
321 1371 408 1404 vices
432 1371 556 1405 nostras
580 1370 615 1404 in
643 1371 876 1413 protectionem
907 1370 1040 1403 vestram

94 1422 187 1457 fratri
209 1421 317 1455 nostro
340 1421 523 1454 fidelissimo
545 1421 750 1455 committere
760 1419 832 1455 sane
853 1420 1041 1463 poterimus,

96 1483 135 1508 ur
155 1480 308 1505 amoveat
331 1469 498 1505 abundans
509 1470 656 1511 cautela,
681 1471 704 1503 fi
729 1470 806 1514 quid
831 1469 862 1501 in
885 1470 1039 1515 Regnum

98 1521 239 1556 vestrum
261 1519 346 1555 male
358 1520 535 1560 machinari
548 1520 685 1554 voluerit
704 1520 840 1562 potestas
852 1542 862 1558 ,
889 1520 978 1562 quod
991 1517 1040 1552 ab·

88 1571 156 1613 fit,
182 1571 376 1606 indiscreta.
402 1570 521 1606 Valere
532 1581 589 1604 vos
599 1570 795 1612 optamusin
820 1568 992 1602 Domino.

248 1665 658 1702 EPISTOLA
757 1664 893 1705 CVII»

218 1770 252 1810 J
254 1766 360 1799 acelino
378 1751 590 1803 Saresberienfi
607 1760 751 1804 Eptfcopo
762 1739 905 1806 joannes

439 1812 478 1846 de
495 1811 668 1845 Saresberia
678 1836 685 1844 .

200 1914 397 1951 CCEPTIS
424 1914 538 1952 litteris
573 1914 755 1949 amicissimi
777 1913 841 1947 mei
864 1911 896 1946 R
910 1936 917 1944 .
933 1936 939 1944 .
953 1936 960 1944 .

37 1995 52 2012 r
144 1976 146 1978 ’
217 1964 523 2004 Archi-Dinoni,
549 1966 737 2000 Dominum
761 1961 1042 2000 cantuariensem,

98 2016 188 2059 quod
212 2016 245 2050 &
266 2025 342 2049 ante
363 2016 473 2059 saepius
493 2017 632 2050 feceram
654 2038 664 2054 ,
705 2015 794 2056 super
813 2011 1043 2046 consolatione

97 2064 199 2100 vestra
213 2065 386 2100 instantius
407 2065 596 2100 sollicitavi.
626 2064 669 2098 Et
695 2064 772 2097 ficut
790 2062 910 2103 antea,
944 2070 1043 2104 quan·

95 2115 146 2160 do.
164 2115 325 2160 Magister
343 2116 375 2153 G
389 2139 494 2148 ......
521 2115 653 2157 praesens
665 2114 769 2147 adfuit
782 2137 795 2152 ,,
814 2122 953 2146 Κοιῐιηειῐι
963 2120 1044 2153 ope-

95 2173 166 2203 ram
177 2165 252 2200 dedi
272 2166 306 2200 &
327 2164 535 2209 diligentiam
549 2188 559 2202 ,
583 2175 618 2198 ut
636 2163 799 2197 satisfieret
822 2159 974 2205 petitioni
989 2171 1041 2194 ve-

43 2228 49 2234 *
94 2214 186 2247 ssrae.
213 2214 275 2249 Sed
299 2215 406 2257 qualis
426 2214 695 2257 primoinventus
714 2213 779 2253 est,
807 2211 879 2250 talis
897 2211 1041 2254 perseve-

97 2272 148 2299 rat
167 2263 290 2298 adhuc.
321 2262 403 2303 Non
427 2262 579 2307 quidem,
619 2273 653 2296 ut
676 2263 877 2296 conscientia
897 2259 974 2294 teste
998 2259 1042 2292 lo-

98 2324 179 2357 quar
198 2324 307 2348 coram
331 2314 425 2352 Deo,
452 2313 484 2345 io
499 2314 660 2357 proposito
674 2312 824 2346 constans
845 2311 924 2345 odio
935 2309 1041 2348 vestri,

97 2362 154 2403 sed
173 2374 218 2401 ne
237 2363 356 2397 dentur
379 2372 502 2396 cornua
525 2362 683 2405 peccatori
704 2386 714 2401 ‚
752 2362 786 2395 ὅ(
805 2371 844 2394 ne
866 2361 950 2393 sisto
982 2359 1042 2391 isio

96 2411 364 2447 inobedientium
383 2412 543 2446 temeritas
556 2412 731 2446 invalescat
745 2432 753 2442 .
779 2410 867 2444 Nam
881 2412 900 2442 si
915 2410 953 2443 ad
967 2409 1041 2443 obe0

93 2463 256 2503 dientiam
275 2461 456 2501 redieritis,
484 2472 549 2494 non
575 2461 691 2494 dubito
710 2486 720 2501 ‚
747 2462 827 2504 quin
849 2472 923 2494 eum
949 2458 1040 2494 illico

97 2512 274 2547 inveniatis
294 2511 580 2545 clementissimum
608 2505 759 2545 Patrem.
788 2510 917 2549 Nititur
934 2518 1040 2543 autem

96 2564 131 2596 i'n
154 2563 238 2596 sasso
260 2561 366 2595 isto&
388 2561 524 2594 consilio
545 2561 747 2598 amicorum,
776 2571 858 2603 quos
891 2559 987 2605 habet
1006 2558 1038 2591 in

97 2612 241 2647 Ecclesia
269 2612 446 2650 Romana,
474 2610 507 2643 ὅ(
529 2611 707 2652 sapientum
731 2610 879 2643 Ecclefiae
899 2610 1042 2644 Gallica·

96 2670 145 2697 ¹2ae
167 2686 176 2703 ,
203 2662 259 2706 qui
283 2664 492 2697 vexationem
515 2659 580 2701 ejus
594 2660 637 2693 ita
650 2659 761 2693 acerbe
772 2659 879 2697 ferunt
892 2670 927 2693 ut
940 2661 1038 2693 suam.

98 2711 172 2746 Nec
196 2711 242 2746 est
263 2712 379 2756 aliquis
402 2720 517 2745 eorum
537 2734 546 2748 ‚
573 2711 628 2751 qui
654 2709 826 2749 consulat,
852 2719 888 2742 ut
908 2710 1038 2742 senten-

99 2764 179 2796 tiam
201 2772 350 2802 revocet,
377 2761 458 2795 dum
484 2759 673 2792 inobediens
694 2758 878 2792 exstiteritis
896 2782 906 2798 ‚
933 2758 966 2791 &
986 2770 1036 2791 ex·

99 2812 216 2846 ceffum
242 2813 376 2846 vestrum
410 2812 469 2845 sub
489 2808 721 2852 appellationis
740 2819 900 2852 praetextu
933 2807 1039 2842 velitis

100 2863 250 2896 excusare
271 2887 278 2894 .
315 2860 453 2905 Recepit
471 2860 560 2894 enim
587 2859 823 2902 Appellatorias
843 2857 955 2892 vestras
968 2882 979 2898 ,
1004 2858 1037 2891 &

99 2911 178 2943 alias
200 2912 336 2946 nomine
358 2912 620 2955 Episcoporum,
646 2910 700 2941 etsi
723 2919 867 2942 neutram
886 2907 1035 2951 receperit

100 2960 366 3002 appellationem,
391 2972 427 2995 ut
447 2973 489 2995 ex
511 2958 718 3003 responsione
739 2959 806 3002 ejus
818 2957 970 2992 omnibus
988 2969 1035 3002 pa·

102 3011 167 3043 lam
189 3008 254 3042 est.
282 3009 354 3042 Vos
374 3022 508 3051 autem,
534 3020 569 3044 ut
582 3011 651 3049 ait,
679 3020 737 3042 nec
749 3008 909 3042 recessistis
919 3006 1036 3047 adhuc,

102 3070 163 3093 nec
184 3059 214 3092 ei
237 3059 380 3101 unquam
400 3061 489 3102 super
508 3059 764 3104 appellationum
792 3058 1035 3093 renunciatione

102 3107 288 3152 scripsistis,
315 3117 389 3141 cum
409 3118 513 3146 tamen
535 3109 599 3144 hoc
615 3108 798 3152 patentibus
819 3109 932 3142 litteris
945 3118 1032 3150 opor-

100 3167 166 3192 teat
184 3159 251 3191 fieri
263 3182 274 3198 ‚
302 3158 323 3190 si
344 3157 386 3191 ab
400 3169 439 3191 eo
457 3160 705 3203 misericordiam
731 3158 932 3202 exspeaatis.
963 3158 1034 3200 Ap·-

100 3207 283 3251 pellatotias
305 3206 380 3241 vero
401 3205 512 3240 vestras
543 3210 692 3243 Domino
716 3208 807 3251 Papae
839 3209 923 3243 misit
944 3231 952 3238 -
991 3208 1033 3240 Et

100 3258 228 3303 utinam
250 3268 358 3290 verum
381 3255 478 3295 esset,
504 3259 589 3299 quod
611 3261 643 3292 in
663 3260 725 3293 suis
748 3259 901 3302 Episcopi
925 3256 1031 3292 testifi-

99 3307 164 3342 cati
188 3306 263 3339 sunt
287 3306 327 3339 de
348 3306 580 3340 innocentia&
601 3307 720 3349 justitia
732 3309 874 3343 Domini
894 3307 995 3351 Regis
1020 3330 1030 3345 ,

100 3357 157 3399 qui
184 3380 195 3396 ‚
221 3366 256 3389 ut
280 3354 392 3397 ajunt,
417 3357 500 3390 dulce
514 3365 603 3397 putat
624 3356 786 3400 obsequium
809 3382 818 3397 ,
841 3365 953 3401 quoties
977 3368 1031 3388 mo·

99 3415 184 3444 netur
202 3415 235 3437 ut
256 3410 380 3449 corrigar
403 3429 413 3444 ‚
442 3405 473 3446 fi
488 3407 563 3447 quid
588 3405 672 3446 fort?
701 3408 826 3451 deliquit
846 3416 879 3443 m
901 3413 999 3442 Deum·
1024 3430 1031 3437 -

194 3454 300 3496 Christ.
312 3457 389 3497 Lupi
400 3459 498 3498 Opera
508 3458 585 3489 Tom.
595 3457 635 3488 X.

1094 172 1128 207 Si
1147 179 1237 206 tanta
1260 169 1306 203 est
1331 168 1517 215 benignitas
1546 171 1614 213 ejus
1637 199 1648 213 ,
1685 176 1782 217 q‘uare
1815 178 1882 216 250„
1913 193 2034 217 conve,

1094 223 1190 256 niunt
1209 230 1307 260 eum,
1334 230 1371 254 ut
1392 221 1539 254 Ecclefiae
1563 222 1628 255 Dei
1650 230 1890 266 pareat&s1bi?
1913 234 2030 267 Sinon

1089 272 1159 312 est,
1184 281 1282 314 quare
1307 270 1490 313 patentibus
1512 272 1627 305 litteris
1647 274 1804 311 testificati
1826 282 1946 317 suntin
1958 284 2037 319 ania*

1093 332 1162 356 mas
1175 322 1270 354 suas?
1296 320 1377 354 Haec
1388 320 1554 364 praetendit
1576 320 1675 355 Archi
1688 341 1696 348 ·
1712 325 1889 370 Episcopus
1902 346 1912 364 ,-
1938 333 1971 365 &
1984 331 2035 366 fio

1093 370 1321 406 relustantibus
1341 372 1373 404 ὅ(
1396 381 1542 414 patenter
1561 372 1740 407 sitientibus
1764 375 1950 420 sanguinem
1961 383 2032 425 ejus

1093 432 1207 457 contra
1229 421 1403 454 Ecclesiam
1434 423 1469 455 &
1491 424 1624 465 seipsum
1658 424 1857 467 acquiescere
1882 439 1950 461 non
1979 434 2031 464 de·
2062 424 2065 431 ’

1093 471 1190 506 crevit
1215 496 1222 504 .
1261 472 1419 505 Caeterum
1440 472 1461 504 si
1482 483 1541 505 vos
1563 472 1782 508 subtraxeritis
1806 477 1905 510 coetui
1938 480 2033 520 perse-

1094 530 1263 560 cutorum,
1288 523 1321 555 &
1346 521 1502 557 redieritis
1523 532 1575 565 per
1611 522 1853 560 exhibitionem
1881 525 2035 561 obedien-

1093 572 1166 610 tim,
1193 570 1325 614 pronior
1347 571 1470 605 etitad
1492 572 1621 605 veniam
1644 574 1678 607 δε
1697 586 1830 609 omnem
1857 577 2038 610 misericor-

1093 622 1180 655 diam
1206 621 1440 662 exercendam,
1469 622 1565 665 quam
1587 633 1646 657 vos
1664 625 1702 657 ad
1726 636 1834 667 preces
1855 652 1862 658 .
1901 628 1944 660 Et
1968 626 2037 660 haec

1093 670 1222 714 quidem
1237 695 1247 710 ,
1275 671 1354 706 ficut
1380 673 1447 715 ipse
1468 672 1583 706 videtis
1603 697 1614 713 ,
1640 673 1708 707 fieri
1731 676 1862 717 expedit
1884 690 1896 709 .-
1934 675 2041 709 immo

1097 721 1215 754 necesse
1225 719 1286 753 est.
1313 721 1407 755 Scitis
1426 723 1515 755 enim
1538 723 1626 764 quid.
1640 724 1808 758 Dominus
1819 726 1910 768 Papa
1921 727 2039 760 referi—1

1097 770 1188 813 pserit
1210 769 1298 804 fratri
1332 772 1436 804 vestro
1458 772 1620 815 Episcopo
1639 774 1880 808 Constantiensi
1906 789 1917 809 .·
1957 774 2038 820 quid

1096 822 1193 855 etiam
1207 820 1350 854 solatii&
1370 821 1451 854 Sede
1470 823 1664 864 Apostolica
1685 823 1778 858 vobis
1799 826 1945 860 retulerit
1969 827 2037 860 De·

1096 881 1195 915 carim
1215 869 1334 904 vester--
1361 870 1449 905 Nam
1473 883 1610 907 conatus
1632 872 1699 916 ejus
1723 875 1757 908 &
1778 876 1939 919 processus
1966 886 2038 913 non

1098 922 1174 957 latet
1193 919 1318 955 Archi·
1331 921 1529 964 Episcopum
1552 947 1563 962 ,
1600 926 1656 967 qui
1675 936 1787 968 *nuper
1809 936 1864 968 per
1887 925 2039 959 Nuncios

1099 972 1171 1005 suos
1190 971 1307 1014 recepit
1320 971 1582 1006 consolationem
1612 974 1839 1016 Apostolicam
1857 987 1933 1009 cum
1955 976 2042 1009 mul-

1097 1031 1201 1055 tarum
1223 1020 1384 1055 fasciculis
1404 1021 1577 1055 litterarum
1590 1047 1598 1055 .
1618 1023 1781 1058 'Praefatus
1793 1036 1924 1070 quoque
1936 1026 2040 1060 Deca-

1101 1081 1180 1111 nus,
1206 1071 1227 1103 si
1243 1069 1501 1116 dignumducit,
1529 1073 1827 1118 meminisseupotest
1849 1075 2041 1119 pactionum

1099 1132 1178 1163 quas
1202 1120 1276 1154 iniit
1299 1145 1310 1160 ‚
1346 1122 1591 1156 &cautionum
1617 1135 1695 1167 quas
1720 1126 1862 1167 praestitit
1887 1126 2043 1160 Domino

1100 1169 1210 1212 Papae.
1240 1171 1281 1204 Et
1304 1171 1514 1213 fiabinJui-Hs
1538 1172 1664 1206 Archi·
1682 1174 1832 1218 Episcopi
1858 1176 1949 1208 sui&
1970 1177 2043 1209 Do„

1099 1219 1181 1254 mini
1195 1220 1303 1261 postea
1326 1220 1796 1263 aliquantulumtemperaffet,
1825 1225 1959 1258 fortasse
1972 1226 2032 1257 fibi

1101 1267 1156 1311 ipsi
1183 1267 1295 1302 utilius
1316 1270 1519 1311 prospexisset
1542 1270 1575 1302 in
1598 1271 1779 1312 posterum.
1810 1272 1859 1303 Ex
1881 1285 1920 1306 eo
1932 1285 2046 1307 tamen

1101 1318 1192 1361 ipso,
1217 1318 1304 1352 unde
1328 1318 1565 1360 praejudicatum
1579 1320 1706 1353 videtur
1716 1319 2046 1366 Archi-Episcopo,

1102 1378 1211 1410 praeter
1230 1368 1451 1403 intentionem
1472 1369 1656 1412 gerentium
1679 1371 1878 1414 prospectum
1900 1374 1943 1406 est
1977 1374 2006 1407 ei
2034 1384 2043 1404 :

1100 1419 1134 1453 &
1155 1428 1240 1460 patet
1261 1428 1303 1451 ex
1321 1417 1528 1452 absolutione
1547 1419 1906 1455 excommunicatorum
1940 1423 2005 1465 ejus
2033 1446 2046 1462 ‚

1102 1466 1198 1510 quam
1222 1468 1402 1510 periculose¹
1418 1469 1466 1502 eis
1487 1477 1580 1502 antea
1603 1472 1882 1504 communicatum
1905 1472 1960 1505 sit.
1991 1473 2048 1505 De'

1104 1516 1164 1550 hac
1185 1527 1293 1551 tamen
1306 1516 1510 1553 absolutione
1522 1519 1592 1557 ‚.&
1616 1520 1694 1552 aliis.
1713 1521 1851 1554 caussam
1869 1518 1954 1554 hanc
1967 1533 2048 1554 con·

1104 1566 1342 1609 tingentibus&
1355 1566 1537 1601 necessitate
1548 1567 1694 1602 mandati
1709 1570 1755 1603 ad·
1773 1570 1937 1604 silentium
1959 1582 2049 1605 coar-

1104 1617 1227 1649 {tamur
1246 1617 1347 1659 usque
1366 1616 1405 1650 ,in
1429 1615 1516 1650 diem
1529 1628 1652 1651 certum
1666 1642 1677 1657 ,
1704 1630 1771 1661 quo
1785 1619 1910 1653 constet
1923 1632 1963 1654 an
1977 1621 2047 1655 Dm

1106 1666 1213 1699 minus
1234 1666 1322 1707 Papa
1335 1666 1538 1707 pastionibus
1550 1686 1560 1703 ,
1585 1662 1799 1706 quasadm'ifit
1812 1669 1846 1700 in
1869 1672 1974 1704 caussa
1989 1672 2050 1704 Ec·

1103 1714 1221 1752 clefiae,
1258 1714 1437 1757 insttussus
1453 1714 1488 1746 sit
1512 1738 1522 1753 ‚
1558 1724 1598 1747 an
1627 1714 1740 1760 illusus
1762 1729 1771 1748 .-
1808 1717 1942 1751 lnterim
1965 1720 2050 1754 nihil

1103 1761 1192 1795 aliud
1220 1761 1387 1798 consulere
1411 1763 1536 1805 possum
1556 1788 1567 1803 ,
1606 1763 1819 1808 quamquod
1836 1767 1888 1800 lex
1924 1769 2051 1803 Divina

1081 1817 1084 1820 ·
1103 1809 1292 1854 praescribit,
1313 1810 1407 1856 *quod
1421 1812 1494 1846 Deo
1508 1813 1615 1855 potius
1626 1824 1754 1856 oportet
1766 1815 1900 1850 obedire
1912 1842 1923 1858 ‚
1949 1819 2049 1863 quam

1082 1870 1084 1873 ’
1102 1858 1315 1898 ὴοωὶηἱὺυ3,.
1344 1862 1577 1905 Νεουοεμιεω
1588 1873 1795 1907 acceptantur
1819 1867 1957 1902 vistimae
1968 1869 2047 1904 obe-

1102 1911 1259 1948 dientiam
1272 1910 1504 1947 subtrahentis.
1533 1913 1784 1948 Necsalubriter
1808 1915 1951 1959 incedit,
1977 1919 2038 1961 qui

1102 1961 1214 1998 debito
1224 1962 1325 1998 officii
1337 1963 1383 1997 sui
1398 1964 1552 2004 praeponit
1567 1964 1771 1998 voluntatem
1790 1966 1962 2001 mundanae
1985 1968 2050 2002 Po-

1103 2011 1241 2046 testatis.
1268 2012 1349 2047 Haec
1372 2012 1464 2047 vobis
1488 2012 1605 2056 loquor
1629 2014 1785 2058 tanquam
1810 2016 1900 2050 Patri
1921 2017 1954 2050 &
1978 2018 2050 2052 Dov

1104 2061 1196 2097 mino
1215 2068 1324 2095 coram
1348 2063 1424 2096 Deo
1438 2086 1448 2101 ,
1473 2064 1695 2105 quemtesiem
1709 2064 1829 2099 invoco
1850 2067 1884 2100 in
1904 2068 2047 2103 animam

1105 2122 1209 2145 meam
1230 2112 1264 2144 in
1276 2111 1417 2149 distristo
1434 2115 1590 2148 ,examine
1603 2138 1612 2154 ‚
1639 2115 1748 2157 quiafi
1774 2114 2048 2152 salubrioriscon-

1103 2160 1164 2194 filii
1186 2160 1268 2194 mihi
1289 2163 1472 2203 pateret'via
1486 2187 1496 2201 ,
1525 2164 1613 2197 illam
1627 2165 1719 2199 vobis
1731 2166 1912 2200 devotione
1937 2175 2047 2210 prom-i

1104 2209 1239 2253 ptiffima
1250 2210 1405 2253 aperirem
1415 2235 1422 2241 .
1446 2211 1487 2245 Et
1499 2214 1518 2245 fi
1532 2214 1678 2249 videritis
1692 2216 1724 2248 in
1738 2226 1804 2260 quo
1818 2216 1910 2252 vobis
1923 2218 2048 2254 valeam

1104 2260 1268 2294 officiosus
1288 2260 1370 2310 effe,
1396 2261 1503 2297 secure
1523 2264 1683 2306 praecipite
1704 2276 1744 2298 ex
1768 2266 1882 2302 animo
1892 2279 1952 2311 pro
1975 2269 2049 2303 viri-

1105 2310 1162 2344 bus
1173 2310 1313 2354 parituro
1326 2334 1333 2342 .
1361 2310 1472 2344 Credo
1494 2322 1551 2345 vos
1565 2315 1714 2356 recepisse
1724 2316 1845 2351 litteras
1859 2342 1870 2358 ‚
1896 2329 1976 2360 quas
1988 2320 2049 2353 mi·

1103 2361 1123 2393 fi
1146 2359 1297 2394 Domino
1317 2359 1561 2396 constantienfi
1574 2386 1585 2402 ‚
1612 2364 1646 2398 &
1663 2366 1860 2402 amicissimo
1888 2379 1962 2402 meo
1981 2371 2048 2402 Ar·-

1103 2409 1345 2447 cbi-Diacono
1366 2434 1378 2451 ,
1417 2421 1453 2445 ut
1467 2411 1506 2448 ad
1529 2414 1661 2456 praesens
1685 2415 1775 2457 plura
1813 2417 1948 2452 scribere
1977 2428 2046 2457 non

1102 2469 1263 2504 oporteat.

1248 2559 1277 2593 E
1302 2560 1329 2594 Ρ
1355 2546 1419 2595 ις
1444 2561 1540 2595 To
1565 2561 1594 2595 L
1621 2561 1653 2595 A
1756 2564 1922 2600 cv111.

1177 2659 1330 2695 Thomas
1369 2659 1608 2695 Cantuariensis
1648 2643 1971 2710 Archi—Episcopus

1366 2709 1519 2745 Gilberto
1544 2710 1770 2747 Londoniensi

1522 2761 1704 2805 Episcopo.

1149 2860 1274 2894 Thomas
1301 2859 1522 2901 Cantaurionfir
1550 2861 1681 2903 Ecclesiae
1707 2863 1828 2898 humilis
1856 2865 1991 2906 Minister

1198 2910 1330 2944 Gilberto
1357 2908 1503 2952 Epifiopo
1528 2912 1725 2952 Londonienli
1739 2936 1751 2952 ,
1787 2917 1866 2957 quod
1897 2914 1941 2960 [ὲ-

1246 2961 1305 2996 mel
1327 2959 1378 2993 boc
1404 2962 1509 2994 iterilm
1523 2985 1533 3001 ‚
1569 2973 1591 2994 ic
1618 2962 1743 3003 tranfire
1763 2973 1819 3005 per
1846 2965 1895 2999 bo·

1295 3021 1336 3045 na
1359 3012 1532 3051 temporalia
1557 3036 1567 3051 ‚
1603 3021 1637 3045 ut
1655 3025 1722 3048 ,non
1749 3020 1840 3048 amit·-

1461 3070 1508 3094 tar
1534 3070 1666 3096 aeterna.

1103 3189 1106 3193 .
1218 3159 1459 3197 IRANDUM
1498 3163 1531 3195 ἃ
1570 3161 1776 3198 vehementer
1806 3165 1997 3207 stupendum
2026 3188 2035 3203 ,

1234 3211 1338 3244 virum
1365 3212 1580 3253 prudentem,
1608 3214 1703 3247 sacris
1726 3215 1841 3248 litteris
1863 3215 2036 3253 eruditum,

1097 3261 1263 3301 praesertim
1297 3260 1508 3304 Religionem
1533 3261 1642 3297 habitu
1668 3266 1905 3306 praeferentem,
1952 3263 2035 3296 adeo

1096 3309 1281 3350 manifeste,
1308 3320 1349 3343 ne
1371 3311 1479 3344 dicam
1503 3312 1709 3346 irreverenter
1740 3337 1750 3351 ,
1775 3314 1807 3345 ὅ(
1831 3312 1949 3345 timore
1972 3312 2038 3345 Dei

1098 3359 1293 3402 postposito,
1319 3360 1453 3394 aversari
1483 3362 1673 3400 veritatem,
1710 3361 1840 3401 justitiae
1863 3362 2000 3395 resistere
2026 3386 2036 3401 ‚

1094 3409 1125 3442 ὅ(
1139 3410 1176 3443 ad
1188 3419 1288 3444 omne
1302 3409 1348 3442 fas
1362 3410 1517 3451 nefasque
1530 3409 1798 3445 confundendum
1810 3435 1822 3452 ‚
1833 3410 1950 3446 statum
1963 3412 2037 3445 San-

1641 3458 1671 3493 L
1721 3471 1743 3496 2
1941 3462 1994 3494 &ae
