2358 3776
564 108 605 155 S.
648 104 937 155 THOMAE
972 100 1370 157 CANTUAR.
1430 105 1566 155 LIB.
1603 111 1713 161 111.

318 242 726 283 EPISTOLA
827 239 954 278 xclui

163 345 318 385 Thomas
342 346 583 383 Cantuariensis
609 341 919 386 Archi-Episcopus
951 339 1107 377 Heurico

424 395 634 433 vintoniensi
661 393 846 438 Episcopo.

166 499 334 535 Venerabili
361 500 491 531 nomino
512 520 524 537 ,
550 497 585 530 ό·
622 503 687 528 tum
717 491 904 536 provefflone
928 494 1032 525 aetatis
1068 492 1105 526 ά

214 561 327 584 morum
359 547 524 591 funditate
558 567 570 584 ‚
605 553 668 578 tum
704 540 936 585 consecrationis
985 552 1104 575 munere

214 599 384 640 cbariffimo
407 599 498 629 Pam
524 616 535 633 ,
568 597 692 630 Hem-m
717 597 773 626 Dei
793 597 900 635 gratia
925 588 1109 631 Vinum'enfi

214 648 355 693 Epist-opo
376 671 387 688 ,
424 645 555 678 Thomas
579 642 711 686 ejusdem
745 641 931 683 miseratione
967 648 1102 676 cantua-

213 698 315 741 rienfis
343 692 643 738 Archi-Episcopus,
670 696 705 727 &
742 693 827 725 Sedis
856 690 1020 733 apostolicae
1046 694 1101 724 Le-

210 760 327 794 gatus,
347 746 472 790 salutem
496 770 507 785 ‚
548 746 583 778 ό*
607 742 687 778 beati
712 747 883 776 certaminis
908 740 1025 785 cursum
1034 740 1104 783 feli-

212 806 286 833 citer
310 796 530 840 consummare.

227 893 521 932 INCERITATI
548 891 677 934 vestrae,
698 891 795 927 Pater
817 891 979 933 amande,
1003 904 1103 937 quan-

250 956 299 982 tas
311 957 371 990 pro
381 955 527 988 tempore
538 943 614 978 licet
625 966 636 984 ,
648 944 822 989 gratiarum
835 944 1001 978 referimus
1012 944 1103 978 aetio·

163 1009 223 1032 nes
234 997 327 1041 super
339 995 523 1030 honesto&
546 994 644 1037 pleno
665 992 848 1037 sapientiae,
874 994 1067 1042 maturitatis
1094 1016 1109 1033 ‚

162 1049 200 1082 &
211 1046 329 1082 Divini
339 1045 469 1080 timoris
478 1043 616 1078 consilio
627 1067 638 1084 ,
660 1044 748 1088 quod
760 1043 856 1078 nobis
867 1044 900 1078 in
912 1043 1031 1087 Spiritu
1042 1044 1106 1078 fior·

162 1097 316 1132 titudinis
327 1096 428 1129 vestra
440 1092 590 1129 Charitas
599 1105 655 1138 per
665 1094 868 1137 praesentium
881 1094 1036 1128 Latorem
1049 1103 1104 1127 nu·

163 1157 222 1192 per
233 1144 403 1181 exhibuit.
432 1144 475 1178 Et
487 1145 579 1186 super
591 1144 708 1179 solatio
720 1168 733 1184 ‚
757 1144 846 1188 quod
868 1142 1106 1178 necessitatibus

165 1197 286 1232 nostris
302 1196 404 1229 vestra
416 1193 526 1237 saepisis
538 1194 644 1228 Pietas
664 1194 860 1228 ministravit
872 1218 879 1226 .
906 1193 959 1231 Sic
970 1216 982 1232 ,
1000 1192 1105 1232 Pater,

163 1247 258 1282 decet
276 1245 380 1279 virum
402 1245 559 1288 sanguine
570 1244 760 1287 generosum
772 1267 782 1283 ,
807 1244 839 1277 &
851 1242 973 1275 clarum
987 1242 1101 1275 Atavis

163 1295 336 1342 Regibus,
362 1292 415 1327 sed
426 1293 516 1325 cultu
530 1293 658 1325 virtutis
668 1293 700 1325 ἀ
716 1291 910 1334 Religionis
926 1289 1107 1324 exhibitio-

162 1357 207 1381 ne
216 1344 424 1380 clarissimum
435 1365 446 1382 ,
471 1341 600 1384 generis
612 1350 770 1374 exornare
784 1338 1002 1373 Nobilitatem
1015 1364 1023 1371 .
1049 1339 1104 1373 Sic

161 1395 260 1431 debet
272 1390 394 1428 Christi
407 1389 561 1425 Sacerdos
573 1390 608 1424 ἃ.
618 1388 777 1424 Pontifex
788 1389 889 1424 vitam
897 1390 1102 1424 consumma·

161 1455 199 1481 te
220 1468 232 1485 ,
258 1452 295 1478 ut
315 1442 427 1476 vivens
447 1439 645 1478 honorificet
667 1439 883 1473 ministerium
921 1440 1033 1479 suum,
1072 1439 1104 1472 ὃ(

162 1493 342 1531 Ecclesiam
358 1490 481 1524 Christi
495 1488 649 1532 post’fata
660 1488 819 1529 :dificen
845 1489 879 1523 ἀ
901 1488 1010 1522 relicto
1034 1499 1106 1532 pro·

162 1544 276 1581 bitatis
285 1542 438 1585 exemplo
459 1539 610 1583 posteris,
636 1540 689 1574 sua
710 1539 761 1573 vel
783 1538 982 1582 perfefflores
1008 1537 1105 1573 faciat

162 1593 284 1628 imitari
297 1591 432 1635 vestigia
442 1615 452 1622 .
479 1589 643 1623 Memoria
665 1589 779 1623 talium
803 1598 953 1632 perpetua
977 1586 1103 1622 benedi-

163 1645 273 1678 ctione
285 1641 410 1687 vigebit
421 1640 454 1674 in
467 1638 734 1684 generationibus
754 1639 939 1673 saeculorum
951 1662 963 1679 ,
987 1639 1019 1672 δι
1042 1639 1107 1672 cla·

164 1695 243 1729 ritas
252 1702 367 1727 eorum
380 1702 416 1725 ut
430 1689 624 1723 firmamenti
637 1689 787 1732 splendor
799 1711 810 1728 ,
835 1688 868 1722 in
892 1689 1104 1723 aeternitatem

163 1742 327 1789 fulgebit.
354 1741 444 1787 Qia
454 1750 534 1783 ergo
555 1740 715 1773 talentum
736 1739 862 1773 consilii
885 1738 920 1771 ἃ.
944 1738 1105 1772 fortitudi-

163 1794 235 1833 nis,
262 1802 326 1834 prae
345 1788 468 1823 ceteris
486 1787 704 1821 conterraneis
725 1788 759 1820 &
783 1788 975 1825 coaetaneis,
1014 1786 1107 1820 vobis

163 1842 249 1878 inter
269 1841 440 1874 innumera
453 1835 692 1869 charismatum
703 1835 791 1870 dona
812 1835 953 1869 contulit
968 1835 1106 1877 Spiritus

163 1893 299 1928 Sanetus
309 1914 320 1930 ‚
348 1886 581 1922 paternitatem
601 1886 736 1920 vestram
760 1910 771 1925 ,
795 1893 916 1926 quanta
940 1886 1105 1928 possumus

165 1941 340 1979 affectione
349 1963 361 1980 ,
385 1947 558 1973 exoramus
569 1959 580 1975 ,
604 1941 641 1969 u't
651 1935 842 1969 confirmare
852 1935 1037 1969 meminerit
1048 1935 1105 1968 fra·

163 2002 232 2029 tres
253 1990 400 2029 nostros,
425 1988 458 2021 ἀ
477 1996 533 2020 eos
555 1986 698 2019 animare
717 1986 751 2019 ἀ
773 1983 924 2018 roborare
943 1984 1067 2018 studeat
1096 2009 1106 2025 ,

165 2052 236 2077 tam
248 2035 533 2074 exhortationibus
544 2046 641 2078 quam
657 2034 829 2077 exemplis.
851 2034 938 2068 Nam
949 2034 1039 2077 juxta
1053 2034 1108 2068 Sa-

169 2092 340 2126 lomonem
357 2102 368 2122 :
397 2091 505 2120 Frater
524 2091 575 2128 qui
596 2087 761 2127 adjuvatur
771 2084 917 2126 astant,
943 2083 1105 2126 quafict'vi·

165 2152 218 2178 eas
240 2140 331 2183 fortis
354 2139 387 2171 ό·
410 2136 648 2180 inexpugnabilis
660 2159 668 2168 .
697 2134 740 2168 Et
750 2134 941 2176 certeopera
954 2134 1051 2168 vestra
1066 2135 1106 2168 de

165 2201 283 2227 cetero
294 2189 415 2224 debent
426 2189 487 2221 effe
498 2186 634 2219 fortium
644 2195 804 2219 armatura
817 2209 825 2217 .
856 2186 897 2218 Et
907 2185 1026 2226 justum
1036 2184 1081 2218 est
1096 2207 1106 2224 ,

166 2252 206 2277 ut
220 2240 310 2284 quod
322 2237 377 2272 alii
397 2235 602 2270 laudabiliter
613 2235 739 2280 egerint
749 2259 760 2276 ,
786 2234 896 2269 vestris
906 2258 917 2274 ‚
929 2233 1041 2275 Pater,
1068 2234 1107 2267 ti·

166 2291 248 2327 tulis
270 2286 484 2325 adscribatur.
509 2285 602 2333 Qid
614 2286 704 2319 enim
715 2294 867 2329 poterunt
890 2284 1033 2327 operari,
1060 2283 1107 2318 ni-

167 2342 193 2375 si
206 2340 295 2385 quod
307 2336 537 2382 provectiorem
550 2335 724 2379 sapientia,
748 2345 862 2375 aetate,
886 2335 921 2369 &
940 2334 1042 2379 gratia
1062 2334 1106 2367 vi-

168 2392 294 2426 debunt
306 2396 492 2430 operantem
504 2386 517 2418 ?
544 2384 586 2419 Et
596 2383 728 2428 quidem
739 2384 827 2428 quod
839 2384 970 2429 quidam
991 2395 1106 2419 eorum

166 2442 233 2486 jam
251 2438 347 2472 ereffl
360 2437 434 2470 sunt
446 2460 456 2475 ,
481 2435 515 2468 ὅ(
533 2444 567 2468 ut
579 2434 763 2468 audivimus
782 2434 986 2477 &speramus
1001 2458 1011 2474 ,
1029 2443 1107 2468 con·

166 2501 216 2525 tra
228 2486 371 2523 membra
382 2485 530 2520 Sathanae
553 2483 722 2519 vobiscum
734 2486 814 2518 stare
830 2484 1030 2528 disponunt,
1055 2494 1107 2517 ve-

166 2540 239 2574 stris
250 2538 412 2581 imputant
426 2534 572 2574 meritis,
597 2534 654 2577 qui
673 2534 762 2577 quod
784 2545 887 2578 nuper
904 2535 1009 2567 astum
1022 2533 1067 2566 est
1094 2557 1105 2573 ‚

168 2589 363 2624 audierunt.
394 2584 466 2618 Nec
488 2583 533 2616 est
555 2583 643 2625 quod
665 2594 724 2617 vos
743 2584 777 2617 in
787 2583 902 2619 diebus
923 2584 990 2618 istis
1002 2583 1106 2618 vereri

166 2647 319 2684 oporteat
331 2660 342 2676 ,
367 2645 442 2668 eum
456 2632 587 2666 vestram
599 2631 827 2667 conditionem
839 2633 992 2667 nobilitas
1003 2657 1015 2674 ,
1035 2644 1107 2678 pru-

169 2688 280 2724 dentia
293 2713 303 2728 ,
329 2685 424 2728 copia
436 2692 542 2717 rerum
553 2683 586 2717 δε
603 2681 820 2724 Amicorum,
843 2682 879 2715 ec
898 2683 1000 2717 aetatis
1021 2693 1106 2717 reve-

169 2739 276 2775 rentia
286 2737 305 2771 a
317 2735 443 2770 laestone
455 2758 464 2772 ‚
483 2744 552 2776 qua:
563 2733 666 2775 potest
680 2732 713 2765 in
725 2731 870 2766 diffimili
882 2732 964 2766 statu
977 2743 1109 2767 manen·

169 2799 218 2825 tes
230 2787 376 2824 infestare
390 2809 401 2825 ‚
426 2783 601 2818 defendant
613 2807 620 2814 .
648 2781 814 2825 Siquidem
829 2782 982 2815 nonnulli
995 2783 1106 2816 fortas-

169 2843 204 2874 se
213 2865 224 2880 ,
250 2839 305 2883 qui
318 2836 412 2870 vobis
426 2834 588 2868 crederent
598 2844 665 2866 non
676 2833 738 2866 esse
749 2832 944 2875 parcendum
956 2856 968 2873 ,
978 2832 1100 2873 vestris,

170 2900 254 2934 quos
265 2889 297 2921 in
312 2886 373 2920 hac
391 2883 579 2927 tempestate
600 2891 748 2915 verentur
768 2881 931 2916 offendere
952 2906 963 2921 ,
990 2883 1102 2925 procul

172 2938 277 2973 dubio
287 2945 418 2980 parcent
431 2936 464 2968 in
477 2933 568 2967 vobis
580 2957 590 2972 ‚
615 2933 647 2966 &
658 2931 675 2964 ὲ
687 2932 799 2965 Domo
818 2933 916 2965 vestra
936 2931 1102 2976 flagellum

171 2985 343 3031 suspendet
354 2986 471 3028 impius
482 3007 492 3023 ‚
511 2994 551 3016 nc
563 2982 651 3025 quod
664 2982 838 3026 promeruit
850 2983 1101 3025 propinquorum

172 3039 352 3073 vestrorum
364 3033 544 3068 ministerio
563 3032 668 3066 veniat
680 3033 866 3075 supereum.
900 3033 1020 3067 Caetera
1034 3043 1101 3066 non

171 3085 333 3124 exaranda
346 3083 460 3117 litteris
480 3082 610 3117 Latoris
629 3082 826 3124 praesentium
841 3082 915 3117 fidei
936 3084 1102 3117 commissa

176 3141 253 3174 funt
265 3162 276 3177 ‚
302 3135 411 3168 vestris
422 3132 589 3166 dumtaxat
606 3132 924 3166 auribusintimanda
935 3157 942 3164 .
970 3133 1079 3180 Qem
1092 3157 1103 3173 ,

173 3189 196 3221 fi
210 3188 335 3230 placet,
361 3194 396 3217 ut
410 3180 546 3226 probatae
559 3182 697 3215 veritatis
720 3183 848 3216 fratrem
870 3183 1051 3217 admittetis
1070 3184 1101 3216 ὃ(

175 3236 333 3273 audietis.
361 3234 481 3267 Valeat
495 3233 650 3266 Sanstitas
662 3232 760 3267 vestra
773 3256 783 3271 ,
808 3232 901 3266 Pater
926 3232 1065 3266 amande
1093 3258 1103 3273 ‚

171 3290 208 3323 ἃ
220 3286 418 3320 creationem
430 3283 519 3315 suam
533 3306 542 3318 ,
568 3281 704 3316 nostram
714 3283 902 3324 parvitatem
917 3282 1079 3325 loquimur
1095 3307 1105 3323 ‚

173 3339 209 3374 in
223 3333 428 3372 orationibus
438 3332 500 3366 suis
512 3332 588 3366 Deo
598 3331 821 3369 commendare
832 3333 1034 3368 meminerit.

267 3480 377 3524 Christ.
389 3486 467 3524 Lupi
477 3486 574 3525 Opera
586 3486 662 3515 Tom.
678 3485 718 3515 X.

1892 155 1897 158 ,
1927 121 2037 183 -2'9‘3

1313 235 1727 277 EPISTOLA
1824 249 1954 289 >ficus⁸

1524 340 1608 374 idem
1628 342 1740 375 eidem.

1168 436 1293 521 AD
1317 439 1510 473 Sanctorum
1519 437 1659 483 gloriam
1670 466 1680 481 ‚
1707 442 1741 476 ἀ
1752 443 1961 487 reproborum
1972 452 2108 491 damn.

1250 517 1251 520 ,
1280 488 1407 523 tionem
1438 490 1563 524 necesse
1584 489 1631 523 est
1652 492 1812 533 scandala,
1826 498 1999 538 provenire
2021 525 2032 540 ,
2065 514 2102 538 ut

1163 537 1429 574 tribulationibus
1449 538 1628 582 probentur
1653 542 1776 585 Eleai,
1802 546 1860 588 qui
1882 547 2011 589 probati
2053 562 2107 593 pet

1163 589 1376 633 patientiam,
1401 599 1557 623 coronam
1567 589 1677 633 gloria:
1687 593 1862 637 adquirunt
1874 596 1954 638 sibi,
1981 599 2015 634 δε
2030 600 2106 634 aliis

1162 639 1338 683 proficiunt
1354 650 1409 683 per
1428 639 1617 682 exemplum
1639 666 1646 673 .
1674 641 1737 676 Sed
1757 654 1803 679 vae
1823 645 1872 679 illi
1886 669 1898 685 ,
1923 658 1980 689 per
2007 661 2109 693 quem

1165 689 1350 723 scandalum
1365 690 1456 723 venit
1471 714 1479 720 .
1506 690 1597 737 Qia
1619 700 1698 736 ergo
1710 692 1955 731 Londoniensis
1974 697 2108 742 Episco—

1165 749 1223 784 pus
1245 750 1313 773 non
1333 739 1435 782 parcit
1456 739 1475 772 a
1496 740 1679 781 scandalis,
1705 743 1739 776 δι
1759 743 1843 778 inter
1866 756 1977 782 caetera
1997 759 2109 792 paten-

1165 792 1205 824 tis
1228 788 1361 823 malitiae
1379 800 1475 832 opera
1489 813 1501 829 ‚
1526 791 1696 836 postquam
1719 793 1867 830 Sathanz
1877 797 2012 831 traditus
2024 798 2069 833 est
2094 823 2111 840 ,

1164 840 1262 874 etiam
1274 848 1389 873 contra
1403 839 1545 874 Matrem
1569 841 1658 876 suam
1676 842 1710 877 ἀ
1731 843 1864 879 vestram
1876 868 1892 884 2.
1913 847 1943 881 S.
1960 848 2107 883 Cantua·

1166 890 1301 924 riensem
1312 888 1487 923 Ecclesiam
1498 912 1516 929 „
1535 901 1600 925 tam
1617 892 1800 936 impudenti
1814 895 1949 931 audacia
1961 898 1995 933 δε
2007 900 2103 942 parri-

1167 939 1263 974 cidali
1276 939 1443 983 impietate
1454 939 1641 976 calcaneum
1653 944 1754 977 erexit
1763 968 1774 984 ,
1803 955 1838 979 ut
1848 945 1953 981 dicere
1963 950 2058 983 ausus
2068 950 2106 983 sit

1168 992 1198 1024 se
1209 990 1238 1023 ei
1252 1014 1263 1030 ,
1281 1001 1322 1024 ex
1334 1000 1402 1033 quo
1415 990 1586 1024 translatus
1596 993 1641 1027 est
1655 1017 1666 1034 ,
1678 993 1801 1028 nullam
1811 995 1928 1031 debere
1940 997 2111 1042 subjectio·

1168 1051 1241 1075 nem
1253 1050 1307 1074 aut
1320 1039 1542 1074 obedientiam
1554 1041 1728 1082 exhibere,
1739 1045 1772 1079 ἀ
1783 1045 1824 1079 ad
1838 1048 2008 1082 cumulum
2018 1049 2109 1083 dam·

1167 1091 1311 1124 nationis
1339 1091 1399 1124 suae
1409 1088 1543 1133 adjecit,
1571 1092 1660 1133 quod
1674 1092 1871 1129 Cathedram
1883 1095 1987 1132 Archi
2001 1115 2011 1123 -
2025 1099 2110 1142 Epi-

1168 1141 1329 1183 scopalem
1351 1140 1563 1177 Londoniam
1586 1145 1747 1178 transferri
1770 1145 1887 1188 faciet,
1914 1148 2109 1182 Fraternita-

1167 1201 1232 1224 tem
1245 1191 1378 1224 vestram
1391 1214 1404 1230 ,
1428 1191 1469 1224 de
1481 1202 1542 1234 qua
1554 1192 1648 1236 plene
1659 1194 1856 1230 confidimus
1867 1221 1878 1236 ‚
1904 1208 2024 1240 quanta
2038 1198 2112 1241 pos?-

1166 1241 1278 1273 sumus
1299 1240 1469 1273 affectione
1490 1252 1664 1284 rogamus,
1694 1254 1855 1286 quatenus
1869 1257 1927 1288 pro
1943 1248 2051 1282 Matre
2060 1259 2112 1281 ve·

1167 1288 1227 1320 stra
1249 1287 1445 1321 defensionis
1466 1290 1618 1330 clypeum
1629 1293 1805 1332 opponatis
1816 1294 1888 1328 filio
1899 1297 2024 1337 Belial,
2050 1298 2107 1340 qui

1168 1348 1230 1380 prae
1250 1336 1371 1370 caeteris
1391 1336 1587 1379 Allophylis
1607 1339 1763 1382 tanquam
1799 1340 1879 1375 alter
1902 1344 2041 1380 Goliath
2068 1345 2114 1380 de-

1167 1385 1257 1422 Getb
1275 1386 1361 1420 solus
1381 1410 1393 1427 ,
1430 1384 1567 1420 authore
1586 1387 1739 1423 Domino
1760 1413 1772 1430 ,
1811 1389 1852 1425 de
1874 1394 1983 1428 castris
2016 1396 2113 1429 incit-

1167 1437 1384 1470 cumcisorum
1402 1435 1553 1479 progredi
1572 1449 1641 1470 non
1666 1438 1813 1480 erubuit,
1842 1451 1901 1476 nec
1914 1443 2024 1478 timuit
2036 1446 2109 1479 uni-

1167 1486 1344 1519 versitatem
1378 1485 1521 1519 filiorum
1549 1485 1791 1521 Cantuar'tensis
1814 1489 1960 1526 Ecclesiae
1995 1505 2110 1536 provo-

1166 1547 1237 1570 care
1257 1534 1298 1569 ad
1316 1544 1479 1569 certamen
1501 1559 1513 1574 ,
1539 1535 1618 1569 dum
1639 1537 1759 1571 Matris
1777 1550 1890 1574 eorum
1915 1543 2111 1588 sanguinem

1168 1586 1253 1626 sitit,
1279 1585 1313 1619 &
1334 1584 1515 1619 Catholica:
1533 1587 1621 1628 pacis
1641 1586 1756 1621 deserit
1782 1589 1943 1627 unitatem
1971 1618 1978 1625 .
2006 1594 2109 1637 Scrip-

1168 1636 1245 1670 serat
1267 1633 1419 1669 Domino
1443 1633 1537 1678 Papae
1561 1648 1619 1679 pro
1652 1638 1746 1671 fratre
1768 1639 1879 1675 nostro
1913 1642 2110 1679 Eboracenfi

1170 1686 1293 1719 Archi·
1309 1685 1473 1728 Episcopo
1493 1708 1504 1724 ,
1540 1686 1719 1719 sollicitans
1748 1699 1825 1722 eum
1860 1692 1959 1726 etiam
1985 1696 2112 1728 attesta-

1166 1737 1258 1770 tione
1282 1733 1429 1767 mendaci
1450 1734 1485 1767 &
1502 1732 1654 1768 mendosa
1667 1759 1678 1774 ‚
1704 1746 1740 1769 ut
1753 1747 1829 1769 eum
1855 1743 2114 1782 patereturCru-

1166 1795 1235 1818 cem
1258 1783 1378 1817 deferre
1402 1793 1456 1826 per
1479 1783 1679 1825 provinciam
1698 1786 1838 1819 nostram
1855 1813 1865 1829 ,
1892 1791 2003 1825 nescio
2028 1793 2111 1835 quid

1166 1832 1383 1868 emolumenti
1402 1832 1459 1866 sibi
1475 1833 1636 1876 suspicans
1657 1844 1874 1876 eventurum,
1899 1838 1926 1872 si
1943 1841 2026 1875 odio
2046 1854 2113 1885 per-

1169 1885 1251 1918 sonae
1284 1884 1400 1918 nostrae
1422 1882 1598 1918 Ecclesiam
1617 1908 1628 1924 ‚
1653 1886 1706 1920 cui
1737 1897 1776 1919 ex
1797 1887 1990 1929 professione
2011 1887 2116 1932 fidem>

1167 1934 1200 1967 ὅ(
1222 1932 1443 1967 obedientiam
1457 1932 1553 1967 debet
1574 1958 1585 1974 ‚
1612 1945 1820 1979 quocumque
1841 1937 1959 1974 saefiffet
1985 1943 2110 1977 modo.

1168 1982 1228 2017 Sed
1247 1979 1398 2016 Christus
1421 2005 1432 2022 ,
1457 1984 1513 2026 qui
1536 1983 1807 2021 Cantuaricnsem
1827 1987 1845 2021 a
1869 1991 1972 2034 prima
1995 1993 2116 2031 sunda·

1168 2033 1259 2067 tione
1283 2032 1368 2067 inter
1389 2031 1534 2067 turbines
1556 2035 1659 2069 varios
1695 2037 1729 2071 ὃς
1762 2049 1897 2084 magnas
1928 2043 2112 2086 multasque

1170 2082 1323 2128 procellas
1344 2083 1427 2117 rexit
1451 2084 1484 2118 ὅ(
1509 2085 1593 2119 fovit
1616 2086 1791 2122 Ecclesiam
1811 2114 1823 2129 ,
1860 2091 2114 2131 misericorditer

1168 2143 1316 2177 operatus
1337 2133 1404 2174 est,
1430 2134 1510 2171 utin
1523 2136 1622 2179 pleno
1646 2138 1836 2174 consistorio
1858 2153 1912 2185 per
1935 2143 2027 2178 testes
2041 2157 2109 2179 om-

1170 2183 1201 2216 ni
1212 2184 1409 2225 exceptione
1420 2183 1556 2226 majores
1569 2188 1762 2223 revelaretur
1775 2191 1893 2226 falsitas
1905 2193 1937 2226 &
1950 2194 2108 2237 iniquitas

1167 2234 1235 2276 ejus
1246 2257 1255 2264 .
1282 2233 1360 2267 Deo
1382 2244 1491 2269 autem
1505 2239 1540 2270 in
1553 2238 1664 2280 primis
1675 2241 1794 2284 gratias
1806 2243 1957 2287 agimus,
1985 2243 2110 2280 deinde

1169 2282 1282 2323 vobis,
1308 2282 1343 2317 δι
1369 2284 1491 2318 caeteris
1517 2285 1668 2321 fratribus
1705 2290 1841 2332 nostris,
1870 2294 1927 2335 qui
1955 2304 2035 2334 nos,
2065 2304 2108 2330 ut

1167 2333 1315 2377 oportuit
1326 2357 1337 2373 ,
1354 2343 1396 2366 ex
1407 2344 1475 2376 quo
1487 2345 1562 2368 eum
1572 2336 1720 2372 constitit
1733 2339 1940 2376 anathemate
1950 2344 2108 2379 condem-

1169 2392 1279 2417 natum
1291 2406 1302 2422 ,
1328 2382 1368 2417 ab
1380 2383 1469 2418 illius
1481 2386 1727 2428 participatione
1740 2389 1944 2432 suspendistis
1957 2417 1968 2431 ,
1994 2394 2025 2427 &
2039 2405 2108 2429 tam

1169 2428 1260 2466 illurn
1283 2434 1380 2476 quam
1403 2444 1534 2470 caeteros
1556 2438 1861 2472 excommunicatos
1894 2441 2019 2474 nostros
2051 2454 2107 2485 per

1171 2482 1400 2526 Episcopatum
1414 2484 1552 2517 vestrum
1567 2484 1684 2518 Edicto
1696 2486 1830 2529 publico
1840 2488 1967 2530 juffiflis
1980 2490 2106 2526 evitari.

1168 2533 1295 2568 Claruit
1307 2530 1362 2567 hic
1373 2533 1452 2567 fides
1466 2532 1564 2567 vestra
1583 2558 1594 2574 ,
1620 2535 1802 2571 constantia
1827 2539 1954 2573 virtutis
1965 2541 2080 2575 effulsit
2092 2567 2104 2585 ,

1167 2594 1234 2626 quae
1270 2583 1405 2626 publicae
1439 2582 1606 2624 potestatis
1641 2584 1676 2618 ὅ(
1711 2587 1914 2623 Officialium
1949 2592 2054 2626 minas
2087 2616 2100 2633 ,

1167 2632 1255 2677 aque
1276 2643 1311 2667 ut
1330 2630 1523 2673 blanditias,
1551 2634 1712 2669 mandatis
1733 2637 1796 2670 Dei
1815 2640 1941 2673 censuit
1965 2642 2102 2685 postpo-

1168 2683 1290 2718 nendas
1309 2706 1318 2713 -
1354 2681 1527 2716 Liberastis
1549 2684 1764 2719 conscientias
1786 2689 1902 2722 vestras
1923 2714 1933 2730 ,
1979 2692 2103 2728 famam

1169 2732 1347 2778 purgastis,
1373 2732 1452 2765 dum
1477 2741 1543 2766 tam
1568 2734 1667 2768 verbo
1688 2736 1830 2771 veritatis
1850 2740 1947 2782 quam
1970 2743 2102 2775 fortitu·

1165 2783 1251 2817 dinis
1273 2782 1422 2825 exemplo
1441 2782 1599 2817 docuistis
1620 2807 1631 2822 ‚
1666 2784 1754 2827 quod
1777 2788 1851 2822 Deo
1869 2789 1979 2831 potius
2001 2792 2100 2836 quam

1167 2830 1355 2867 hominibus
1377 2842 1504 2874 oportet
1522 2831 1673 2868 obedire.
1702 2835 1836 2871 Certum
1859 2839 1969 2884 itaque
1983 2839 2099 2883 habeat

1165 2883 1327 2917 sinceritas
1358 2881 1456 2916 vestra
1493 2908 1503 2924 ,
1539 2885 1808 2929 quandoquidem
1841 2898 1931 2924 tanta
1963 2889 2101 2926 charitas

1166 2933 1228 2967 Dei
1250 2943 1305 2975 per
1326 2932 1483 2973 Spiritum
1504 2935 1656 2969 Sanctum
1677 2937 1790 2970 diffusa
1815 2938 1849 2971 in
1874 2940 2026 2974 cordibus
2050 2951 2100 2976 vc-

1167 2984 1234 3016 stris
1255 2980 1444 3016 testimonio
1467 2982 1545 3018 clari
1565 2985 1673 3028 operis
1692 2988 1883 3028 processitin
1908 2988 2075 3032 publicum
2088 3016 2099 3031 ‚

1168 3032 1273 3066 servili
1296 3032 1415 3066 timore
1426 3032 1561 3076 depulso
1582 3035 1779 3077 &exclusm
1806 3038 1894 3081 quod
1916 3040 2006 3074 Deus
2028 3041 2098 3075 cito

1165 3081 1339 3118 Sathanam
1362 3092 1508 3118 conteret
1526 3084 1583 3117 sub
1601 3084 1734 3127 pedibus
1748 3088 1854 3122 vestris
1866 3114 1877 3128 ,
1901 3090 1934 3123 ἀ
1948 3090 1988 3124 de
1999 3101 2095 3124 certa-

1165 3133 1253 3166 mine
1275 3143 1466 3175 proventum
1477 3134 1591 3167 educet
1604 3134 1782 3177 gloriosum
1798 3162 1804 3169 .
1834 3138 1876 3173 Et
1887 3139 2015 3182 quidem
2027 3150 2096 3173 tan-

1165 3184 1200 3216 to
1214 3182 1310 3216 citius
1320 3183 1353 3216 δι
1364 3184 1535 3227 gloriosius
1545 3208 1556 3224 ,
1584 3184 1707 3227 quanto
1719 3187 1889 3222 ferventius
1900 3189 1932 3222 ὅ(
1945 3189 2091 3222 constan·

1164 3231 1228 3267 tius
1251 3233 1284 3265 in
1309 3234 1435 3275 incepta
1456 3233 1696 3275 perseverabitis
1718 3238 1848 3271 veritate
1867 3262 1874 3269 .
1906 3237 2010 3273 Unde
2035 3249 2095 3273 vos

1165 3283 1339 3317 oramus&
1363 3282 1566 3317 obsecramus
1586 3283 1622 3317 in
1640 3284 1794 3320 charitate
1817 3287 1879 3320 Dei
1899 3309 1910 3325 ,
1947 3287 1983 3321 δε
2006 3287 2096 3322 obte-

1168 3333 1284 3366 stamur
1296 3343 1350 3374 per
1370 3331 1468 3365 fidem
1480 3356 1491 3372 ‚
1518 3344 1573 3376 per
1592 3335 1831 3374 obedientiam,
1857 3346 1911 3377 per
1935 3336 2094 3371 sincerita-

1167 3383 1206 3415 tis
1224 3382 1426 3415 affectionem
1447 3405 1459 3421 ‚
1485 3393 1582 3425 quam
1606 3383 1706 3416 Matri
1731 3384 1833 3417 vesttae
1865 3384 2089 3423 Cantuariensi

1164 3432 1310 3467 Ecclesiae
1321 3429 1464 3472 debetis,
1492 3443 1648 3477 quatenus
1661 3433 1699 3466 ad
1713 3433 1865 3468 tuendam
1886 3436 2094 3480 Dignitatem

1603 3483 1629 3515 Β
1643 3482 1661 3515 b
1713 3493 1732 3531 3
1934 3486 1965 3518 ἃ
1977 3484 2044 3528 juta
