2358 3776
383 133 481 186 37‹5

303 209 441 249 buserat
454 206 604 249 plenum.
632 201 778 241 Illorum
780 215 922 250 namque
945 204 1097 238 cordium
1122 205 1246 249 Angeli

300 260 378 294 sunt
398 256 570 300 custodes,
597 256 638 292 de
657 256 775 301 quibus
795 258 985 290 orationum
1005 254 1115 291 fumus
1141 257 1247 289 ascen·

302 312 354 344 dit
365 333 375 350 ‚
402 319 539 351 quarum
551 307 654 343 odore
666 306 833 342 Dominus
846 303 1073 346 demulcetur,
1099 306 1133 340 ἀ
1147 306 1246 340 suavi-

302 368 371 394 tate
388 359 556 402 placatur

354 418 411 455 25.
438 409 537 446 Nunc
551 407 710 449 scripturae
721 402 917 439 testimoniis
928 403 1152 446 ostendamus,
1165 417 1247 449 quo-

302 458 408 495 modo
419 456 687 503 perfestajustitia
699 479 710 496 ,
739 453 815 488 cum
835 456 1064 490 consummata
1088 456 1200 495 fuerit,
1218 457 1248 489 se

300 508 520 552 constringit,
548 507 581 539 δε
609 516 681 548 quae
706 504 862 540 dilatatur
888 507 923 539 in
952 506 1047 546 imo,
1074 506 1246 549 quomodo

299 561 479 594 coarctatur
499 558 531 589 in
555 557 706 590 summo.
733 555 834 602 Qod
875 555 964 590 Arca
991 556 1070 590 Noe
1092 557 1245 600 figuravit

296 606 466 651 expresse:
495 605 622 640 scilicet
646 618 719 641 eam
742 605 885 650 superius
909 618 994 640 unus
1016 606 1148 641 cubitus
1169 618 1246 640 con·

298 657 502 692 summavit.
530 656 623 703 Quid
641 667 696 701 per
722 656 845 691 Arcam
870 656 947 691 Noe
967 657 1086 692 melius
1109 680 1119 696 ,
1147 668 1244 700 quam

298 708 448 743 Ecclesia
464 707 619 751 figuratur
630 732 641 748 ‚
658 718 758 751 quae]
739 708 806 740 finu
821 707 943 742 mentis
957 708 1100 751 expanso
1112 707 1247 750 Spiritus

297 759 410 793 Sancti
438 757 554 791 flatum
576 758 717 801 accipit,
744 757 834 800 cujus
851 758 988 802 impulsu
1004 756 1108 792 saeculi
1133 757 1248 791 fluetus

295 809 408 849 secat,
435 807 468 841 ὃς
481 805 520 841 ad
539 807 611 842 vitae
627 818 758 852 portum
778 818 848 842 tota
859 809 967 842 cordis
992 808 1180 842 intentione
1205 809 1245 841 fe

295 859 421 893 ssinat?
448 858 531 893 Haec
542 857 849 899 dilataturininw,
876 858 1147 893 &coarctaturin
1165 860 1246 892 sum·

294 918 375 949 mo,
402 908 478 953 quia
500 920 569 954 quae
597 908 805 943 latitudinem
828 910 862 943 δε
897 909 1144 965 longitudinem
1170 908 1235 941 infe

291 957 509 1000 riushabuit,
535 958 727 1003 postquam
720 972 753 993 tn
781 960 907 994 virtutis
931 960 1088 995 exercitio
1104 961 1132 992 se
1155 958 1245 992 diffu

293 1009 372 1049 dit,
397 1009 476 1046 dum
490 1009 739 1044 retributionem
763 1010 930 1054 supernam
956 1011 1123 1048 attendit,
1150 1020 1246 1052 opera

293 1059 353 1093 sua
364 1057 527 1102 despicit,
553 1060 635 1094 &ea
649 1059 806 1103 tanquam
823 1061 951 1094 modica
966 1060 1160 1103 perpendit,
1189 1059 1246 1093 sub

295 1107 658 1144 humilitatiscustodia
683 1111 713 1143 se
736 1111 950 1152 comprimit,
979 1112 1010 1144 ὃ(
1038 1112 1067 1143 ἰι
1074 1111 1243 1144 flationem

289 1159 430 1197 'noxiam
446 1158 575 1193 virturis
590 1159 670 1203 pede
682 1161 867 1205 restringit
884 1162 963 1194 Haec
976 1163 1038 1194 effe
1050 1161 1189 1195 sollicite
1204 1161 1249 1194 fa-

290 1210 409 1244 cienda
434 1210 577 1243 salvator
596 1211 738 1245 ostendir
756 1236 765 1252 ‚
793 1215 847 1255 qui
875 1212 1055 1255 Dilcnpulis
1078 1213 1142 1245 suis
1163 1211 1209 1244 ait

293 1261 376 1293 Cum
400 1265 499 1293 omnia
521 1261 591 1294 beni
606 1261 743 1301 secernit
757 1287 766 1302 ,
788 1261 909 1304 Jenper
920 1264 1029 1294 dicati!
1043 1285 1053 1302 ,
1074 1259 1160 1304 servi
1184 1266 1265 1294 inul

292 1312 364 1343 tiles
379 1310 507 1352 sumus
539 1312 608 1355 Qi
622 1313 738 1343 omnia
755 1312 835 1344 bene
847 1312 944 1343 facit
938 1323 969 1344 tn
986 1311 1083 1343 bonis
1095 1311 1247 1352 operibus

291 1361 325 1395 se
346 1360 463 1393 dilatat
478 1382 486 1391 .
514 1360 575 1392 Sed
590 1360 644 1400 qui
661 1360 767 1401 postea
782 1361 811 1392 se
826 1361 953 1393 servum
982 1360 1134 1393 inutilem
1158 1372 1249 1403 repu-

289 1418 363 1447 tat,
392 1418 447 1449 per
460 1408 660 1441 humilitatis
677 1409 873 1441 modestiam
899 1410 931 1441 se
955 1411 1095 1442 coarctat
1116 1434 1123 1440 .
1155 1410 1248 1442 Hinc

289 1459 398 1491 rursus
411 1458 451 1489 ad
478 1457 637 1495 Sponsam
666 1458 697 1488 in
717 1457 868 1490 Canticis
880 1459 1022 1498 Sponsus
1034 1458 1080 1491 ait
1097 1470 1109 1489 .-
1137 1461 1248 1491 Venter

288 1517 361 1542 tuus
377 1506 450 1548 ficut
463 1518 589 1539 acervus
604 1511 699 1539 triticl
713 1531 724 1547 ,
751 1508 890 1539 vallatus
900 1507 975 1539 lillis
990 1530 998 1539 .

341 1557 396 1597 26.
428 1556 627 1601 i’lerutnque
640 1555 762 1589 ventris
778 1558 913 1590 nomine
925 1567 1018 1590 mens
1029 1556 1244 1601 significatur,

288 1606 330 1644 εό
342 1607 431 1651 quod
444 1607 570 1651 cogitat
580 1607 672 1640 iones
688 1608 721 1640 in
735 1617 846 1640 mente
859 1607 938 1640 sicut
950 1607 1071 1640 cibaria
1096 1607 1244 1652 digerun

289 1669 345 1693 tur
361 1660 395 1691 in
412 1669 544 1691 ventre.
577 1656 684 1692 Unde
699 1657 820 1690 dicitur
847 1668 903 1700 pet
929 1655 1149 1699 prophetam:
1174 1661 1245 1695 Ven-

288 1718 367 1747 trem
379 1720 476 1740 meum
489 1707 569 1739 doleo
582 1730 593 1745 ‚
622 1715 759 1739 ventrem
772 1719 870 1740 meum
881 1708 960 1740 doleo
971 1731 978 1738 .
1007 1709 1119 1754 Qem
1131 1718 1240 1741 autem

288 1758 442 1791 dolorem
458 1758 650 1800 plangeret,
680 1766 758 1788 mox
772 1758 898 1798 aperuit
917 1780 928 1795 ‚
955 1756 1030 1790 cum
1056 1757 1246 1799 subjunxit:

289 1806 396 1849 Sensus
418 1809 517 1840 cordis
542 1813 599 1838 met
618 1805 732 1838 turbari·
754 1804 829 1848 sunt
842 1830 849 1838 .
878 1805 955 1840 Fuit
976 1817 1056 1852 ergo
1077 1805 1247 1849 Prophetae

291 1857 465 1902 plangenti
494 1855 815 1895 mentisftribulatio
833 1855 933 1889 dolor
955 1856 1076 1890 ventris
1106 1880 1113 1888 .
1151 1857 1245 1890 Hinc

290 1910 392 1942 etiam
406 1907 565 1948 deimpio
593 1905 750 1948 scriptum
775 1905 842 1938 est:
870 1909 978 1938 uterus
1002 1906 1063 1946 ejus
1085 1914 1246 1947 praeparat

289 1958 370 1992 dolor
384 1981 391 1989 .
420 1955 564 1990 Constat
575 1966 685 1990 autem
699 1979 711 1996 ,
738 1955 828 1999 quod
842 1954 992 1993 Carnalis
1017 1966 1126 1989 uterus
1148 1955 1246 1989 dolos

288 2017 463 2052 praeparare
477 2018 545 2042 non
560 2006 664 2049 potest
680 2029 692 2046 ,
715 2006 768 2039 sed
784 2016 892 2040 uterus
903 2004 998 2040 dolos
1012 2016 1188 2049 praeparans
1199 2005 1244 2038 est

289 2059 425 2096 unimus
436 2056 558 2091 fraudis
581 2054 849 2090 machinamenta
875 2057 1090 2099 pertrastans.
1119 2055 1247 2089 Venter

289 2108 404 2152 itaque
417 2132 428 2148 ,
455 2107 585 2150 Sponsae
601 2108 788 2151 signanter,
816 2117 944 2143 acervo,
957 2107 1059 2140 tritici
1081 2116 1245 2149 compara·

288 2166 362 2197 tur,
391 2157 537 2200 quicum
548 2158 583 2191 fit
597 2158 680 2191 latus
696 2158 730 2191 in
745 2157 814 2191 imo
829 2181 840 2197 ,
854 2167 966 2193 tamen
979 2156 1024 2191 est
1038 2155 1244 2202 angustussin

289 2209 443 2243 summo.
474 2208 566 2257 Qia
581 2208 686 2241 fidelis
697 2208 807 2243 anima
818 2207 955 2251 priusin
980 2207 1147 2242 bonorum
1170 2216 1245 2248 ope-

290 2268 364 2294 rum
381 2259 540 2291 exercitio
556 2259 586 2290 se
599 2258 759 2299 diffundit
775 2283 787 2298 ,
804 2256 942 2294 demum
950 2257 1024 2297 post
1046 2256 1245 2298 contempla-

297 2307 431 2341 tionem
445 2306 639 2340 Coelestium
652 2309 686 2340 in
702 2309 732 2340 se
744 2307 847 2346 redit,
873 2306 976 2348 &pet
996 2300 1221 2338 humilitatem
1233 2329 1244 2345 ‚

294 2356 520 2395 indiximus,
546 2355 806 2399 seconsttingit.

348 2416 405 2452 27.
434 2403 525 2438 Bene
537 2413 649 2437 autem
661 2414 781 2437 acervo
791 2400 893 2438 tritici
910 2411 1139 2447 comparatur,
1167 2403 1244 2446 quia

292 2454 387 2501 palea
411 2453 569 2488 vanitatis
587 2453 718 2487 excussa
735 2452 968 2490 ‚meditationis
989 2455 1080 2487 sacrae
1098 2453 1245 2487 Thesau-

291 2517 368 2542 rum
383 2529 395 2545 ‚
420 2504 509 2547 quast
519 2513 619 2548 grana
633 2502 735 2536 tritici
751 2502 783 2535 in
797 2499 918 2538 horreo
938 2503 1144 2537 conscientiae
1159 2516 1244 2545 eon-

293 2554 458 2601 gregat&
470 2555 590 2588 servat.
618 2553 689 2588 Hic
703 2561 813 2587 autem
825 2561 956 2587 acervus
969 2551 1047 2589 liliis
1070 2552 1247 2588 dicitures·

293 2607 329 2641 ie
348 2604 511 2643 vallatus,
538 2604 615 2645 quia
637 2603 744 2637 fidelis
760 2603 895 2636 animus.
912 2602 1060 2647 undique
1081 2604 1246 2639 munditia

296 2654 460 2690 castitatis
471 2652 516 2686 est
528 2651 654 2686 cinctus
667 2676 674 2684 .
703 2652 776 2686 Nec
791 2651 897 2686 solum
911 2651 1005 2693 lilio,
1028 2653 1080 2687 sed
1094 2653 1171 2688 liliis
1183 2655 1246 2687 val-

294 2705 358 2743 lari
376 2703 524 2742 dicitur,
549 2701 626 2745 quia
648 2707 729 2736 verae
754 2702 911 2736 castitatis
929 2703 1086 2747 ‘geminus
1108 2704 1153 2739 est
1175 2704 1246 2739 effe-

294 2757 388 2796 ἂυςς
415 2752 589 2790 videlicet,
615 2750 1012 2796 ut&corcomp1e6tatur
1035 2754 1068 2788 δε
1093 2766 1211 2798 corpus
1236 2779 1242 2786 .

296 2804 412 2840 Unde
427 2814 481 2847 per
495 2802 623 2844 byssum
634 2810 787 2836 retortam
800 2803 832 2836 δε
842 2801 927 2837 duos
938 2812 1078 2838 turtures
1090 2805 1247 2849 figuratur

297 2855 336 2890 in
352 2853 443 2899 Lege
455 2877 462 2884 .
490 2850 659 2886 Praemiffis
672 2852 832 2886 consonat
844 2877 855 2894 ,
882 2852 972 2896 quod
986 2854 1152 2898 Sapientia
1163 2854 1203 2889 de
1216 2857 1246 2889 se

295 2903 402 2939 dicit:
433 2906 499 2946 Ego
510 2899 595 2943 quasi
611 2901 762 2944 Cypreffus
779 2908 812 2934 in
823 2913 920 2936 monte
930 2905 1014 2937 sion.
1044 2904 1246 2950 Intelligitut

295 2963 413 2988 nutem
434 2950 499 2986 hoc
511 2951 645 2985 verbum
659 2976 671 2991 ,
694 2951 775 2985 ficut
796 2952 838 2985 de
861 2954 988 2996 capite,
1015 2955 1058 2988 fic
1082 2957 1123 2990 de
1147 2968 1247 2990 mem·

300 3003 370 3040 bris
382 3010 403 3043 ,·
415 3011 451 3037 ut
465 3010 530 3037 una
543 3001 581 3036 fit
591 3013 656 3035 vox
668 3002 783 3046 capitis
795 3003 828 3037 ὅ(
840 3002 1061 3039 membrorum
1076 3031 1082 3038 .
1111 3006 1248 3049 Cypres-

299 3054 356 3089 sus
381 3051 637 3097 pulcherrimam
663 3062 794 3086 comam
819 3051 940 3091 habet,
967 3054 1057 3097 cujus
1079 3056 1248 3091 summitas

302 3105 411 3149 surgit
427 3102 460 3136 in
476 3112 626 3138 comam.
657 3102 712 3136 Est
726 3101 806 3148 ergo
818 3102 865 3136 vir
884 3102 983 3146 justus
1002 3105 1090 3144 quast
1114 3107 1246 3150 Cypres-

301 3155 357 3189 sus
371 3176 381 3194 ‚
406 3153 482 3197 quia
494 3163 590 3188 coma
606 3151 823 3196 pulcherrima
836 3152 881 3187 est
894 3156 1099 3189 conversatio
1123 3157 1249 3199 specio-

305 3205 360 3239 sa.
390 3203 526 3238 Dicitur
553 3212 662 3237 autem
690 3204 753 3237 effe
781 3204 867 3247 quast
890 3203 1063 3247 Cypreffus
1085 3205 1119 3238 in
1134 3217 1249 3240 monte

297 3255 388 3288 -Sion
404 3278 414 3294 ,
442 3254 603 3297 quoniam
618 3254 652 3288 in
676 3255 971 3296 contemplationis
991 3255 1112 3288 vertice
1131 3257 1247 3289 consti-

304 3313 397 3337 tutus
410 3304 604 3338 Coelestium
615 3303 875 3337 consideratione
899 3306 929 3338 se
950 3305 1085 3347 premit,
1111 3306 1146 3339 &
1170 3306 1248 3341 dum

304 3351 392 3386 intra
405 3355 525 3388 mentis
548 3356 581 3388 se
604 3355 710 3390 finum
721 3353 874 3398 colligit,
900 3355 958 3389 sub
979 3354 1175 3390 humilitatis
1196 3368 1249 3391 cu-

298 3401 416 3438 -ssodia
431 3405 459 3435 se
471 3405 667 3449 constringit
678 3429 685 3437 .

360 3449 417 3491 28.
444 3452 638 3491 Mundanus
648 3465 759 3491 autem
780 3455 854 3490 usus
865 3454 962 3500 hujus
985 3457 1249 3494 reimanifiastum

1283 1015 1298 3498 ἨΜ

952 111 1511 174 EPISTQLAE

1292 205 1451 243 ostendit
1463 201 1669 248 exemplum·
1698 202 1833 240 Nam&
1845 203 1916 240 avis
1937 203 2112 246 domestica
2127 235 2138 252 ‚
2164 212 2238 246 aliis

1292 257 1421 295 avibus
1443 256 1610 301 capiendis
1634 255 1751 289 affueta
1764 278 1775 294 ‚
1802 256 1832 290 se
1843 258 1959 299 premit
1977 280 1987 297 ‚
2012 256 2087 292 cum
2106 264 2241 303 praedam

1308 308 1490 351 conspicit,
1517 318 1615 350 quam
1639 306 1787 340 ardenter
1806 307 1951 350 appetit,
1976 308 2062 342 &ad
2089 321 2183 354 quam
2198 313 2245 346 di.

1310 357 1476 402 rigendam
1499 358 1564 391 sese
1577 356 1692 390 sentit.
1723 355 1810 402 Quis
1831 359 1911 401 ergo
1934 358 2089 399 miretur,
2115 360 2136 392 fi
2155 372 2245 396 mens

1314 409 1346 441 in
1366 407 1551 442 humilitate
1562 408 1593 441 se
1604 406 1799 451 comprimar
1813 431 1823 447 ,
1850 408 1933 441 dum
1947 409 2084 452 praedam
2108 409 2247 453 Beatitu-

1308 456 1397 491 dinis
1420 460 1617 498 considerat,
1643 458 1683 491 ad
1697 469 1795 501 quam
1811 456 1976 492 inhianter
1996 460 2161 502 adspirat?
2188 460 2247 497 Per

1310 506 1451 550 phyalas
1465 510 1565 554 igitur
1587 509 1619 542 ὃ(
1640 507 1764 541 Altaris
1787 519 1910 542 cornua
1930 533 1942 549 ‚
1968 509 2047 543 ficut
2068 510 2213 545 diximus
2224 514 2256 554 ἦ,

1311 558 1490 602 figurantur
1501 561 1563 593 viri
1578 558 1769 601 Spirituales
1780 582 1790 598 ,
1818 559 1936 593 Divini
1949 560 2048 602 praelii
2062 559 2251 603 bellatores,

1310 609 1342 642 ὅ(
1369 607 1523 643 virtutum
1545 610 1750 644 ornamentis
1777 607 1942 650 instruffl,
1971 612 2126 653 tanquam
2150 623 2251 646 arma·

1313 670 1382 691 tura
1395 658 1545 694 Coelesti.
1575 660 1743 693 Dicuntur
1767 669 1876 693 autem
1898 658 2058 702 Phyalaea
2082 661 2252 704 Phyalui,

1311 709 1399 755 quod
1423 711 1466 743 est
1481 711 1597 744 vitrum
1611 711 1644 743 in
1659 710 1776 743 Graeco
1790 733 1800 749 ,
1828 710 1903 753 quia
1918 711 2045 754 proprie
2061 712 2134 746 vasa
2149 714 2252 748 vitrea

1314 768 1471 794 vocantur
1495 761 1566 795 vasa
1580 759 1730 802 Phyalae.
1760 760 1867 794 Unde
1878 758 1919 794 de
1930 760 2116 796 Luxuries&
2139 761 2252 797 biben-

1311 810 1397 844 tibus
1420 810 1538 844 dicitur
1552 822 1604 854 per
1615 809 1812 854 Prophetam
1826 824 1836 844 .·
1863 810 2009 845 B1bentes
2020 818 2055 846 in
2072 812 2190 853 phyalis
2203 820 2252 847 vl-

1311 871 1397 892 num.
1424 862 1575 895 Luxuriat
1586 872 1726 902 namque
1739 872 1806 893 non
1821 861 1959 900 sufficit,
1989 872 2025 896 ut
2050 863 2160 906 gustui
2185 864 2253 907 pla-

1310 922 1380 945 ceat
1395 910 1461 944 vini
1479 914 1590 954 sapor,
1618 911 1674 944 nili
1700 910 1803 943 visum
1828 922 1958 955 quoque
1974 911 2160 949 demulceat
2180 913 2251 957 ejus

1310 962 1418 995 color.
1448 962 1555 997 Unde
1583 962 1742 995 Salomon
1767 959 1800 992 in
1823 960 2000 1003 proverbiis
2024 961 2180 997 cohibere
2193 975 2254 998 vo-

1291 1012 1381 1044 lens
1407 1012 1568 1044 luxuriam
1592 1011 1709 1050 istam,
1735 1010 1781 1043 ait
1803 1021 1810 1041 ε
1848 1013 1900 1042 Ne
1926 1015 2069 1044 intuearis
2107 1019 2213 1046 vinum
2238 1036 2252 1053 ,

1310 1063 1431 1104 quando
1450 1059 1583 1103 flaveftit
1599 1085 1610 1100 ,
1638 1062 1747 1094 &ciam
1756 1057 1940 1102 splenduerit
1953 1066 1986 1092 in
1999 1066 2080 1093 vitro
2088 1063 2162 1095 color
2169 1066 2248 1104 «Jus-

1308 1112 1413 1157 Qod
1426 1122 1533 1145 autem
1560 1111 1738 1154 periculum
1760 1111 1795 1142 fit
1815 1121 1984 1145 annexum
2015 1112 2254 1154 consequenter

1310 1163 1452 1195 ostendit
1464 1174 1471 1194 z
1503 1163 1674 1205 Ingreditur
1687 1160 1798 1193 blande
1812 1160 1846 1193 (τ
1866 1166 1899 1192 ln
1913 1161 2059 1199 now'ffimo
2068 1161 2222 1195 mordebit⁴
2234 1179 2253 1203 a,

1311 1212 1490 1253 utcoluber,
1518 1210 1648 1254 &quast
1672 1210 1788 1255 regulus
1814 1221 1928 1243 venena
1948 1209 2118 1251 diffundet.
2145 1211 2256 1257 Regu-

1311 1264 1361 1295 lus
1382 1274 1455 1295 aves
1484 1262 1630 1295 volantes
1657 1261 1784 1300 inficit,
1813 1260 1946 1294 coluber
1981 1271 2091 1295 autern
2115 1261 2254 1297 latibula

1311 1312 1420 1353 quaerit
1432 1313 1464 1344 ὅ(
1477 1311 1581 1344 colit.
1606 1309 1696 1342 Bene
1707 1311 1785 1353 ergo
1799 1311 1913 1343 vinum
1927 1310 2066 1345 colubro
2089 1323 2256 1356 compara-

1311 1371 1362 1394 tur
1374 1363 1406 1395 <St
1418 1372 1505 1405 regu
1502 1363 1552 1394 ’.ο
1581 1357 1729 1393 Colubro
1742 1383 1752 1398 ,
1779 1358 1856 1407 quia
1876 1357 2050 1394 libidinem
2076 1372 2255 1404 provocat,

1312 1412 1404 1452 cujus
1427 1408 1596 1451 turpitudo
1621 1409 1731 1450 quaerit
1750 1398 1908 1440 abscondi
1931 1431 1939 1439 .
1978 1410 2112 1452 Regulo
2136 1411 2254 1452 vete,

1314 1460 1389 1500 quia
1403 1459 1518 1491 vinum
1531 1454 1744 1490 immoderate
1766 1456 1930 1498 sumptum
1954 1456 2040 1490 viros
2053 1467 2192 1503 magnos
2205 1460 2259 1494 in-

1314 1508 1441 1542 terdum
1454 1516 1586 1541 enervat
1601 1529 1612 1546 ,
1637 1505 1833 1548 quiduabus
1856 1505 1939 1546 alis,
1965 1506 2174 1543 abundantiae
2198 1510 2259 1544 sci-

1315 1560 1390 1592 licet
1403 1559 1436 1592 &
1449 1556 1605 1601 porentiae
1618 1580 1630 1597 ,
1658 1555 1768 1590 volare
1778 1564 1930 1600 poterant
1941 1554 1982 1590 ad
1992 1558 2150 1602 superna,
2175 1559 2198 1593 si
2211 1569 2258 1594 te·

1313 1610 1360 1643 έὶέ
1374 1609 1553 1653 dirigerent
1574 1608 1635 1641 iter
1649 1607 1756 1640 suum.

1366 1669 1422 1703 χι).
1449 1658 1543 1693 LIcet
1563 1668 1672 1691 autem
1694 1655 1822 1700 phyalat
1841 1655 1996 1691 dicantur
2019 1659 2091 1693 vasa
2115 1657 2255 1701 vitreas,

1314 1708 1440 1752 phyalae
1461 1718 1570 1742 tamen
1595 1716 1687 1741 erant
1711 1719 1836 1746 aureae,
1863 1706 2079 1750 quaejubente
2101 1709 2258 1744 Domino

1312 1761 1439 1792 fuerant
1453 1759 1485 1792 in
1500 1757 1711 1793 tabernaculo
1725 1768 1902 1801 praeparatae
1913 1783 1920 1791 .
1948 1757 2028 1792 Hoc
2051 1769 2160 1793 autem
2174 1759 2258 1794 bene

1310 1809 1464 1852 congruit
1479 1808 1555 1840 viris
1568 1807 1675 1849 justis,
1709 1818 1744 1840 ut
1764 1807 1824 1840 fint
1847 1807 1933 1847 quafi
1947 1806 2068 1847 vitrei,
2093 1809 2127 1842 ἀ
2143 1819 2258 1844 tamen

1310 1858 1346 1891 in
1369 1857 1504 1891 veritate
1525 1855 1588 1889 fint
1610 1854 1720 1889 aurei.
1749 1855 1915 1890 Videlicet
1928 1865 1964 1890 ut
1984 1856 2045 1891 fint
2059 1859 2147 1901 quasi
2168 1859 2259 1894 debi-

1311 1908 1374 1945 les,
1401 1916 1517 1939 tamen,
1536 1904 1611 1939 vere
1631 1905 1693 1938 sint
1719 1906 1838 1939 fortes.
1865 1905 1970 1940 Tales
1990 1908 2097 1942 voluit
2113 1910 2182 1943 esse
2209 1909 2258 1953 ju·

1312 1956 1398 1996 stos,
1426 1956 1482 1999 qui
1496 1956 1575 1989 ficut
1592 1955 1714 1988 diflum
1730 1953 1774 1988 est
1787 1954 1879 1997 supra
1894 1980 1904 1996 ‚
1930 1957 2110 2001 Discipulis
2122 1959 2185 1993 suis
2196 1961 2254 1999 ait:

1314 2007 1393 2039 Ciam
1405 2010 1503 2038 omnia
1516 2005 1590 2038 bene
1603 2003 1742 2046 fecerim
1754 2029 1764 2045 ,
1786 2002 1902 2047 semper
1926 2007 2036 2040 dicatis
2048 2031 2059 2047 ‚
2080 2007 2168 2051 serve
2190 2015 2258 2044 Inu-

1311 2058 1379 2090 tiles
1397 2055 1525 2100 sumus.
1554 2055 1663 2089 Fortis
1675 2055 1718 2089 est
1734 2054 1848 2099 utique
1861 2079 1872 2095 ‚
1900 2057 1956 2098 qui
1971 2059 2084 2091 omnia
2108 2057 2190 2092 bene
2202 2060 2256 2094 fa-

1309 2108 1355 2140 cit
1368 2131 1380 2147 ,
1407 2106 1460 2140 sed
1473 2105 1619 2140 debilem
1632 2106 1662 2139 se
1673 2115 1820 2148 reputat,
1848 2105 2070 2148 quiinutilem
2085 2108 2212 2142 servum
2225 2111 2256 2144 se

1311 2167 1405 2190 vocat
1420 2181 1427 2189 .
1454 2157 1580 2190 Nonne
1591 2167 1645 2189 vas
1657 2165 1791 2189 aureum
1804 2155 1868 2188 fuit
1881 2154 1938 2189 ille
1949 2180 1960 2196 ,
1987 2156 2043 2199 qui
2056 2156 2124 2200 plus
2147 2159 2258 2200 omni-

1309 2206 1541 2241 buslaboravit
1556 2230 1567 2246 ,
1594 2215 1704 2240 tamen
1719 2205 1806 2248 quast
1819 2216 1872 2238 vas
1884 2205 2024 2240 vitreum
2037 2208 2069 2241 se
2090 2206 2255 2248 exhibuit,

1308 2257 1408 2300 quise
1433 2268 1493 2291 nec
1504 2256 1646 2301 dignum
1668 2254 2221 2301 Apostolatus-nominejudicavit
2240 2261 2256 2295 t

1308 2308 1346 2340 ln
1367 2306 1432 2340 hoc
1445 2317 1556 2341 autem
1579 2306 1654 2341 vitri
1668 2303 1914 2339 similitudinem
1929 2305 2072 2342 habeant
2085 2309 2147 2342 viri
2166 2307 2258 2352 justi,

1307 2365 1342 2389 ut
1354 2357 1430 2389 solis
1451 2356 1578 2391 radium
1590 2356 1624 2390 &
1636 2355 1792 2390 claritatis
1806 2355 1922 2390 *lucem
1946 2357 2126 2393 admittant
2142 2382 2154 2399 ,
2180 2369 2257 2394 ven-

1305 2406 1331 2439 ti
1353 2415 1462 2439 tamen
1483 2406 1599 2440 flatum
1621 2405 1798 2439 excludant
1821 2429 1828 2438 .
1867 2406 2034 2440 Videlicet
2054 2418 2091 2442 ut
2110 2410 2254 2452 gratiam

1307 2456 1492 2499 recipiant,
1520 2453 1581 2488 sed
1605 2455 1712 2488 noxia:
1724 2455 1902 2488 tentationi
1915 2456 2078 2489 resistant.
2104 2458 2189 2492 Sunt
2199 2469 2256 2492 au-

1306 2516 1372 2541 tem
1397 2503 1526 2549 phyalae
1543 2503 1709 2540 oblationi
1732 2503 1927 2538 libaminum
1951 2515 2123 2547 reputata.
2152 2507 2256 2550 Spiri-

1306 2555 1410 2590 tuales
1432 2555 1516 2599 ergo
1527 2554 1590 2588 viri
1611 2555 1776 2596 replentur
1800 2563 1836 2586 ut
1859 2553 1986 2597 phyalae
2010 2579 2020 2596 ,
2046 2555 2067 2588 st
2091 2556 2255 2593 sacrat-um

1305 2606 1551 2650 cogitationum
1571 2605 1605 2638 δε
1630 2604 1756 2646 piarum
1778 2602 2006 2637 intentionum
2025 2605 2253 2643 oblationibus

1306 2667 1382 2690 cum
1404 2654 1572 2689 bonorum
1588 2664 1725 2696 operum
1749 2652 1864 2687 studiis
1878 2654 2020 2697 *copiose
2043 2655 2255 2692 redundent»

1305 2705 1485 2741 Sciendum
1512 2714 1622 2738 tamen
1648 2702 1738 2747 quod
1776 2702 1901 2747 liquida
1925 2703 2081 2739 libamina
2102 2706 2255 2742 diceban-

1307 2767 1358 2790 tur
1384 2781 1392 2789 .
1430 2757 1538 2790 Decet
1558 2764 1668 2789 autem
1691 2753 1780 2798 quod
1804 2753 1934 2799 liquidae
1965 2755 2026 2788 fint
2059 2755 2252 2792 oblatione:

1306 2805 1484 2850 justorum.
1513 2804 1619 2853 Qod
1630 2803 1743 2846 utique
1765 2804 1845 2844 fiet,
1871 2804 1894 2845 st
1917 2814 1973 2847 per
1992 2804 2184 2840 devotionis
2202 2819 2254 2841 ar,

1308 2857 1423 2891 dorem
1446 2855 1577 2889 animus
1598 2854 1761 2898 liquefiat.
1795 2853 1902 2888 Unde
1913 2854 2035 2888 dicitur
2046 2866 2104 2899 per
2116 2855 2254 2892 Psalmi.

1307 2907 1388 2940 stam
1410 2920 1421 2940 ,-
1449 2899 1584 2948 Effundo
1604 2910 1638 2937 in
1674 2903 1823 2947 conspr-au
1844 2912 1894 2935 tuo
1926 2910 2086 2938 orationem
2116 2918 2224 2941 meam*
2239 2921 2253 2943 ι

1312 2956 1442 2990 Effundi
1470 2956 1572 2999 potest
1597 2953 1703 2989 oratio
1727 2978 1737 2994 ,
1775 2954 1796 2985 s:
1822 2954 1920 2988 fuerit
1942 2953 2171 2999 lachrymosa,
2195 2958 2252 2993 sed

1310 3006 1514 3051 nequaquam
1527 3003 1722 3043 effunditur,
1750 3003 1771 3035 fi
1785 3014 1838 3046 per
1849 3003 1961 3038 cordis
1985 3004 2141 3042 duritiam
2152 3009 2252 3044 fua-it

1307 3057 1498 3101 congelata.
1526 3054 1840 3098 Dicebanturetiam
1853 3051 2010 3089 libamina
2024 3080 2035 3095 ‚
2060 3058 2136 3100 quia
2150 3057 2249 3092 mini·

1308 3108 1361 3143 stri
1383 3107 1586 3152 degustando
1606 3103 1810 3149 probabant,
1835 3103 1946 3138 utrum
1974 3107 2076 3140 essent
2109 3108 2151 3142 ad
2170 3107 2248 3142 offe·

1307 3157 1446 3192 rendum
1471 3157 1605 3191 idonea.
1632 3154 1685 3188 Sic
1707 3154 1861 3188 Domino
1883 3155 2101 3190 ministrantes
2123 3158 2250 3202 cogita·

1306 3209 1416 3242 tiones
1434 3208 1504 3241 suas
1516 3205 1762 3242 &intentiones
1771 3203 1893 3238 debent
1905 3206 1993 3248 quasi
2019 3206 2188 3250 gustando
2199 3208 2249 3242 di·-

1308 3259 1450 3298 scutere,
1479 3270 1520 3292 ne
1532 3253 1652 3301 quidm
1663 3255 1708 3289 eis
1719 3264 1868 3291 occurrat
1879 3279 1890 3297 ,
1916 3255 2006 3300 quod
2020 3257 2175 3293 Domino
2193 3256 2248 3293 d&

1307 3308 1380 3343 beat
1393 3308 1583 3351 displicere
2228 3334 2233 3338 .

1360 3368 1412 3407 30.
1443 3357 1624 3401 Replentur
1644 3355 1743 3390 etiam
1765 3364 1802 3390 ut
1815 3353 1937 3389 Altaris
1949 3366 2071 3391 cornua
2092 3357 2151 3392 viri
2167 3358 2245 3393 San·

1306 3407 1367 3443 ἂῑ.
1395 3409 1492 3450 Super
1505 3406 1627 3443 Altaris
1638 3416 1761 3441 cornua
1775 3407 1909 3451 sanguis
1929 3405 2041 3441 hostiae
2052 3407 2243 3451 ponebatur,

1308 3458 1397 3495 unde
1417 3459 1451 3496 ὅ(
1469 3469 1511 3494 eo
1530 3457 1645 3504 repleti
1667 3456 1822 3494 dicuntur
1835 3480 1846 3491 .
1869 3457 1949 3492 Haec
1969 3456 2072 3504 igitur
2083 3457 2239 3540 soletfnia

2115 3517 2152 3542 CC
2168 3516 2197 3542 Ε·
