2358 3776
387 115 483 170 298

322 198 468 237 videmus
480 221 488 230 .
516 194 560 230 Et
570 189 729 240 quoniam
740 193 893 238 scriptum
905 192 950 227 est
962 203 970 223 ε
998 191 1107 223 clama
1115 200 1151 223 ne
1159 189 1252 232 cesses,

321 248 404 295 ρπβ
410 247 480 281 tuba
506 246 612 281 exalta
622 255 720 279 vocem
730 253 814 277 tuam
824 267 837 284 ‚
862 244 898 278 e!
907 247 1061 274 annuncia
1076 239 1184 283 populo
1193 250 1254 271 meo

318 299 431 343 scelera
439 305 552 330 eorum.
580 296 623 330 Et
633 294 732 329 alibi:
763 291 833 333 Nisi
850 295 1088 324 annunciaveris
1099 293 1189 332 impio
1198 295 1252 321 im·

316 345 558 394 pietatemsuaem
570 369 581 388 ,
589 343 767 390 sangumem
778 341 865 383 tpfius
877 341 915 372 de
926 350 1016 371 manu
1026 348 1079 373 tua
1092 346 1253 383 requiram.

292 434 295 438 ,
319 399 367 434 Et
376 397 455 433 alias
463 405 519 442 pet
526 395 738 431 Salomonem
752 403 759 423 ε
788 394 879 433 Piger
900 388 981 421 bomo
991 389 1154 428 destercore
1168 390 1249 422 boum

320 447 454 492 lapidari
456 446 599 488 jubetur.
628 442 794 478 Duritiam
816 450 906 476 tuam
922 462 933 479 ‚
955 439 1039 473 sicut
1062 438 1215 474 hactenus
1241 463 1252 479 ,

313 508 433 533 contra
443 495 597 539 justitiam
609 492 642 527 dt
654 491 787 525 salutem
799 489 943 524 nostram
957 499 1024 523 non
1039 489 1192 524 duximus
1209 488 1252 523 ul·

317 546 418 582 terius
429 542 680 588 supportandam
691 566 698 574 .
726 540 799 574 Nec
818 541 950 583 praefato
975 537 1253 583 Archi-Episcopo

315 608 355 632 os
363 595 404 630 de
415 604 532 629 caetero
541 593 650 637 aliqua
671 592 798 626 ratione
820 589 1006 624 claudemus
1018 612 1028 629 ,
1053 590 1134 632 quin
1148 589 1252 624 officii

316 644 523 681 suidebitum
534 639 865 688 prosequaturlibere‚
891 639 925 673 ἀ
946 639 1035 672 suam
1057 639 1089 673 ἃ
1106 637 1251 674 Ecclesiae

316 695 378 731 fibi
397 694 574 730 commissae
594 692 744 736 injuriam
765 689 989 724 Ecclesiasticae
1001 690 1175 724 severitatis
1187 689 1252 735 gla-

315 746 374 782 dio
398 745 588 780 ulciscatur.
615 743 696 789 Qae
717 751 825 775 autem
851 742 885 773 in
906 740 1023 773 litteris
1035 750 1101 774 tam
1114 740 1156 774 de
1167 738 1216 773 his
1240 764 1252 780 ,,

316 793 415 839 quam
427 794 470 829 de
480 794 551 829 aliis
562 792 669 827 minus
685 791 847 825 contineri
870 791 1070 830 noscuntur,
1095 790 1201 824 dileffi
1218 789 1251 822 fi-

315 845 352 880 lii
364 845 485 884 nostri,
509 844 603 879 Prior
615 843 655 876 de
666 841 787 875 Monte
799 840 886 880 Dei,
902 840 937 874 ἀ
950 841 1047 876 frater
1069 840 1251 874 Bernardus

314 895 358 930 de
369 894 486 929 Corilo
496 919 508 936 ,
535 890 609 928 Viri
621 891 775 936 fiquidem
790 889 858 933 plus
871 889 1010 924 Domini
1034 889 1132 933 quam
1145 889 1248 923 homi-

314 944 367 981 nis
389 945 507 980 faciem
529 953 728 981 reverentes,
754 940 925 975 Serenitati
949 951 1011 974 tuae
1031 940 1126 974 latius
1138 950 1251 983 propo-

314 1004 394 1030 nent
406 1019 418 1036 ,
444 1004 584 1038 quorum
595 991 819 1028 admonitioni
834 991 888 1024 ille
901 1015 910 1030 ‚
938 991 993 1024 cui
1017 990 1131 1024 servire
1142 1001 1252 1034 regna-

312 1056 348 1080 re
358 1045 403 1078 est
415 1069 426 1086 ,
453 1045 534 1078 &in
546 1045 636 1086 cujus
648 1052 748 1075 mauu
772 1040 871 1075 corda
885 1041 1016 1085 Regum
1035 1039 1213 1074 consistunt
1239 1064 1250 1081 ,

312 1092 460 1128 animum
471 1103 565 1128 tuum
585 1094 618 1127 δε
644 1092 846 1126 voluntatem
867 1091 1004 1125 inclinet
1017 1114 1028 1130 ,
1054 1090 1183 1124 utfleeti
1198 1100 1250 1133 po·

311 1142 377 1179 tius
387 1143 467 1179 velis
478 1168 489 1184 ,
514 1143 612 1188 quarn
638 1152 751 1176 contra
775 1142 885 1176 Deum
896 1141 930 1174 δι
956 1141 1088 1175 salutem
1111 1151 1200 1174 tuam
1214 1140 1249 1174 in

309 1202 404 1237 tante
432 1193 664 1229 obstinationis
696 1190 861 1236 proposito
884 1191 1007 1225 diutius
1032 1201 1216 1234 permanere
1242 1215 1249 1223 .

311 1243 416 1292 Qod
436 1243 459 1277 fi
481 1255 541 1278 nos
556 1243 590 1277 in
611 1243 676 1277 illis
688 1254 748 1276 nec
759 1242 802 1276 fic
817 1242 929 1276 audire
942 1241 1082 1274 volueris
1094 1263 1104 1279 ,
1129 1252 1166 1274 ea
1180 1251 1251 1282 quae

309 1294 372 1329 tibi
384 1305 427 1328 ex
437 1304 526 1338 parte
538 1291 646 1326 nostra
660 1292 883 1334 proposuerint
895 1315 905 1329 ,
933 1290 1042 1332 procul
1057 1289 1162 1323 dubio
1175 1301 1250 1323 ven-

310 1353 384 1378 tura
394 1343 516 1386 poteris
526 1340 718 1376 formidare.
743 1340 869 1374 Datum
885 1338 1089 1380 Beneventi,
1114 1339 1247 1374 undeci-

310 1403 368 1429 mo
376 1391 543 1428 Kalendas
556 1391 646 1435 Junii
662 1414 670 1423 .

502 1488 534 1523 E
559 1486 587 1522 P
612 1489 629 1523 1
653 1490 676 1524 S
699 1488 738 1522 T
762 1489 797 1522 0
822 1488 852 1522 L
878 1487 911 1521 A
1020 1486 1066 1522 V.

360 1591 488 1627 Tblmms
513 1587 738 1629 cantuarienfis
773 1583 1037 1630 Archi-Eplscopus
1065 1590 1195 1622 Henrlco

625 1648 631 1654 ·
665 1642 740 1682 Regi
767 1637 899 1682 Angliae.

414 1739 530 1776 EGlA
558 1735 661 1781 potest
673 1734 853 1770 meminisse
877 1734 1066 1774 Nobilitas,
1093 1735 1249 1779 quoniam

442 1789 536 1825 vobis
546 1786 654 1822 obtuli
666 1786 700 1820 in
713 1785 876 1829 praesentia
888 1784 1028 1819 Domini
1041 1785 1145 1829 Regis
1156 1785 1183 1817 F
1184 1794 1250 1818 ran-

310 1850 424 1878 corum
436 1863 447 1880 ,
473 1841 507 1873 &
520 1835 736 1881 plurimorum
755 1835 811 1877 qui
835 1833 967 1869 aderant
979 1857 989 1874 ,
1016 1834 1104 1879 quod
1131 1834 1172 1867 ad
1185 1831 1250 1868 ho·-

314 1901 433 1928 norern
454 1888 520 1923 Dei
543 1887 579 1921 dc
599 1886 738 1920 vestrum
749 1894 875 1932 paratus
885 1895 971 1919 eram
987 1894 1039 1919 me
1050 1895 1169 1927 ponere
1179 1894 1249 1918 otn-

310 1941 439 1978 ninoin
450 1936 667 1974 misericordia
692 1936 757 1969 Dei
779 1935 812 1969 δε
835 1934 935 1968 vestra
949 1957 962 1974 ,
988 1943 1025 1968 ut
1036 1934 1078 1967 fic
1092 1944 1204 1976 pacem
1216 1932 1250 1967 dt.

310 1992 450 2039 gratiam
473 1988 610 2023 vestram
633 1994 848 2031 promererer.
879 1984 962 2018 Non
984 1982 1106 2026 placuit
1119 1982 1215 2017 vobis
1240 2006 1251 2023 ,

311 2043 485 2081 Domine,
514 2038 579 2074 haec
600 2039 705 2072 forma
730 2035 924 2075 verborum,
950 2032 1010 2067 nisi
1027 2032 1251 2077 promitterem

312 2091 576 2128 observationem
603 2085 879 2122 consuetudinum
898 2108 911 2125 ,
935 2094 1014 2129 quas
1039 2083 1252 2118 antecessores

311 2143 415 2177 nostri
425 2140 671 2176 observaverant
691 2136 800 2171 vestris
811 2161 819 2170 .
845 2132 999 2170 Conceffi
1020 2132 1101 2179 ergo
1114 2131 1202 2177 quod
1214 2142 1251 2166 ea

312 2195 491 2232 servarem,
517 2188 679 2234 quatenus
690 2187 812 2231 possem
836 2185 927 2221 salvo
950 2183 1068 2220 ordine
1092 2193 1167 2216 meo
1181 2205 1192 2222 ,
1217 2182 1251 2215 ἀ

312 2243 335 2277 si
348 2241 487 2285 amplius
498 2241 548 2275 vel
558 2238 731 2283 expressius
742 2236 931 2280 promittere
941 2233 1052 2268 scirem
1073 2231 1110 2264 in
1126 2230 1250 2264 Domi-

313 2303 361 2326 no
373 2316 384 2332 ,
412 2300 539 2335 paratus
549 2289 594 2322 fui
604 2314 615 2330 ,
643 2288 677 2321 δε
690 2288 760 2321 sum
771 2284 878 2319 adhuc
889 2292 948 2325 pro
959 2279 1173 2324 recuperanda
1183 2291 1252 2324 gra-

314 2342 361 2377 tia
374 2340 491 2376 vestra.
506 2338 548 2372 Et
558 2337 647 2379 quod
660 2334 752 2368 vobis
767 2331 931 2376 nunquam
942 2330 1098 2366 libentius
1115 2330 1252 2370 servivi,

313 2390 412 2436 quam
423 2387 530 2424 adhuc
552 2388 656 2422 facere
674 2392 799 2429 paratus
821 2383 892 2417 sum
906 2407 913 2415 .
942 2381 985 2415 Et
1009 2381 1085 2424 quia
1100 2380 1250 2414 nondum

312 2440 438 2489 placuit
449 2437 542 2471 vobis
552 2436 610 2470 ista
623 2434 765 2477 recipere
775 2457 786 2475 ,
800 2432 945 2476 supplico
956 2431 1121 2475 Maiestati
1134 2429 1252 2470 vestra,

315 2500 354 2528 ut
364 2485 578 2526 memineritis
588 2483 823 2529 obsequiorum
833 2491 980 2516 meorum
990 2504 1001 2523 ‚
1025 2482 1058 2516 ἀ
1078 2480 1252 2515 beneficio·

315 2552 411 2579 rum,
437 2548 508 2582 quar
526 2534 609 2570 mihi
631 2532 837 2569 contulistis.-
864 2532 941 2577 quia
961 2541 1026 2576 ego
1046 2541 1171 2565 memor
1182 2531 1251 2565 sum

317 2602 372 2626 me
381 2588 497 2625 debere
508 2597 549 2621 ex
559 2586 746 2630 juramento
758 2583 879 2617 servare
892 2580 983 2616 vobis
993 2581 1094 2615 vitam
1109 2580 1142 2614 ἀ
1154 2590 1252 2614 mem-

319 2641 399 2680 bra,
426 2638 460 2672 δε
482 2647 616 2672 omnem
640 2635 801 2669 honorem
820 2641 984 2667 terrenum
1002 2633 1018 2671 ',
1041 2631 1076 2665 δε
1093 2630 1252 2676 quidquid

319 2699 436 2735 potero
447 2683 621 2721 secundum
633 2685 741 2718 Deum
753 2694 811 2726 pro
822 2681 916 2717 vobis
927 2706 938 2723 ,
965 2682 1043 2715 sicut
1066 2692 1125 2724 pro
1137 2680 1250 2715 charis·
1274 2680 1278 2685 ’

322 2741 404 2776 simo
414 2737 567 2772 Domino
584 2758 595 2775 ‚
623 2735 726 2769 facere
739 2740 865 2775 paratus
876 2733 945 2766 sum
959 2756 965 2764 .
994 2732 1037 2766 Et
1050 2731 1141 2765 Deus
1159 2732 1216 2765 scit
1243 2755 1254 2771 ,

324 2788 413 2835 quod
427 2785 594 2829 nunquim
605 2783 698 2819 vobis
709 2782 864 2816 libentius
884 2781 996 2815 strvivi
1008 2805 1019 2821 ,
1042 2781 1138 2825 quam
1160 2781 1254 2815 fastu·

324 2840 483 2879 russum,
508 2837 531 2871 fi
543 2833 702 2881 placuerit
714 2830 826 2873 vobis.
854 2831 974 2867 Valeat
995 2832 1118 2876 semper
1140 2831 1255 2867 Domi-

330 2898 514 2927 nustneus.
1030 2936 1035 2947 .

526 2984 556 3020 E
576 2983 603 3018 Ρ
628 2983 644 3020 1
667 2983 691 3021 S
714 2980 752 3020 T
776 2982 811 3016 Ο
836 2980 866 3019 L
891 2980 924 3016 A
1002 2983 1066 3018 Vl.

439 3084 608 3124 Alexandro
635 3087 732 3126 Papa
756 3081 887 3115 Thomas
922 3081 1150 3125 cantuarienfis

655 3130 918 3176 Archi-Episcopus
927 3156 936 3168 .

414 3230 817 3277 oNGANIMITATls
844 3231 949 3267 vestras
968 3231 1099 3267 divitias
1118 3256 1129 3272 ,
1157 3231 1261 3266 immo

441 3289 475 3326 ἃ,
496 3287 628 3321 Divinae
640 3284 769 3328 copiam
791 3282 949 3317 bonitatis
957 3282 1148 3326 contempsit
1160 3281 1260 3315 haele-

337 3342 398 3376 nus
411 3341 483 3375 Rex
492 3336 641 3382 Angliae,
666 3333 821 3379 ignorans
844 3343 900 3367 aut
923 3331 1123 3366 dissimulans
1137 3355 1147 3371 ‚
1172 3330 1260 3375 quod

338 3400 415 3425 cum
426 3389 578 3432 patientia
591 3384 690 3421 vestra
702 3380 824 3417 studuit
845 3382 887 3416 ad
898 3382 1122 3425 poenitentiam
1134 3393 1259 3416 revoca·

1005 97 1599 153 EPISTOLAE'

1315 195 1367 222 tus
1376 187 1416 222 ad
1438 186 1659 232 ignominiam
1681 186 1773 222 Sedis
1796 183 2010 233 Apostolieae,
2032 190 2068 229 ἁ
2088 193 2121 229 in
2133 200 2249 232 eoam·

1317 237 1449 272 melium
1472 238 1555 272 beati
1577 237 1721 271 nominis
1745 237 1838 271 vestri
1857 262 1867 278 ‚
1892 239 1982 281 quod
2002 241 2032 274 ei
2041 246 2248 291 privilegium

1318 287 1513 329 indulsistis,
1538 299 1605 332 quo
1628 287 1784 329 quamdiu
1809 287 1950 322 voluerit
1965 311 1977 329 ,
2005 296 2093 327 tutus
2110 297 2171 330 erit
2196 297 2249 331 ada

1318 337 1442 372 versum
1455 347 1534 377 nos,
1562 338 1596 372 ἀ
1620 336 1795 372 Ecclesiam
1818 338 2202 382 Cantuariensem3‘lieet
2215 347 2249 381 il.

1318 387 1424 424 lam&
1438 399 1498 422 nos
1510 386 1652 422 atrocius
1678 388 1905 432 persequatur,
1933 389 1967 423 δι
1988 399 2024 422 ut
2049 389 2173 427 facilius
2182 406 2249 432 rem

1315 431 1426 472 falsam
1439 439 1473 473 δι
1493 438 1716 472 incredibilem
1746 438 1932 482 persuadeat
1952 438 2125 481 universis,
2148 439 2249 481 reseri-

1317 497 1369 529 pta
1381 488 1580 528 litterarum,
1606 500 1686 533 quas
1697 487 1852 523 eicontra
1875 499 1958 529 nos,
1982 489 2017 523 δι
2040 491 2247 531 utinam'non

1315 545 1428 572 contra
1447 549 1520 580 vos,
1547 538 1744 579 indulsistis,
1770 549 1825 582 per
1849 538 2085 574 Alemanniam
2113 564 2125 582 ‚
2150 542 2249 578 Fran.

1315 588 1419 628 ciam,
1445 589 1604 633 Angliam
1618 607 1629 629 ,
1654 589 1687 622 ἀ
1705 588 1842 622 diversas
1854 588 2046 625 Provincias
2070 590 2251 635 adjacentes

1317 638 1462 672 ventilari
1484 639 1579 673 facit.
1620 640 1672 672 Sic
1695 638 1832 673 vestram
1852 650 2034 676 remunerat
2056 639 2252 677 benevolen-

1317 698 1420 728 uam,
1446 686 1502 722 has
1525 689 1764 724 mansuetudini
1786 690 1933 732 rependit
1955 690 2096 735 gratias,
2122 702 2158 726 ut
2171 692 2254 727 flant

1318 739 1436 780 semper
1452 739 1622 785 'noviffima
1647 739 1715 783 ejus
1736 740 1895 774 atrociora
1915 740 2094 783 prioribus.
2125 741 2187 776 Sed
2201 753 2258 777 au-

1317 786 1409 822 thore
1427 789 1503 823 Deo
1523 813 1534 831 ,
1560 788 1648 833 quod
1669 790 1795 823 utinam
1819 790 1860 824 ab
1881 790 1979 825 initio
2003 789 2213 826 credidissetis
2237 815 2250 834 ,

1318 839 1448 872 nuncin
1467 840 1633 882 conspeetu
1656 840 1805 873 omnium
1833 840 1993 875 declarata
2002 840 2048 875 est
2057 840 2180 884 justitia
2196 852 2255 876 no·

1315 887 1394 935 stra,
1421 890 1454 923 ἀ
1474 890 1567 923 causa
1588 889 1682 924 exilii
1703 890 1736 923 δε
1750 890 2015 933 proscriptionis,
2041 892 2075 925 &
2101 902 2167 936 quo
2180 900 2253 928 tota
2286 892 2287 895 ’

1316 937 1411 981 ipsius
1422 939 1707 983 vergatintentio.
1735 938 1850 982 Nuper
1860 939 1948 974 enim
1964 941 1999 974 in
2022 941 2164 976 secundo
2175 942 2251 976 col-

1317 987 1430 1031 loquio
1439 1013 1450 1029 ,
1469 987 1678 1023 audientibus
1689 987 1964 1024 christianissimo
1976 990 2068 1036 Rege
2078 992 2111 1026 ἀ
2122 991 2248 1026 ευηᾶἰς

1315 1039 1371 1082 qui
1383 1035 1462 1071 hinc
1473 1038 1548 1072 inde
1557 1038 1691 1073 aderant
1703 1062 1715 1078 ,
1739 1038 1902 1072 confessus
1922 1039 1967 1072 est
1981 1040 2052 1082 post
2067 1043 2251 1076 commina-

1316 1091 1414 1122 torias
1427 1088 1542 1122 vestras
1552 1111 1563 1127 ,
1588 1099 1668 1131 quas
1681 1086 1789 1130 saepius
1805 1087 2002 1123 refutaverat
2014 1111 2027 1128 ‚
2045 1090 2104 1123 vix
2117 1092 2251 1126 taudem

1315 1139 1434 1182 recepit
1446 1162 1457 1178 ,
1485 1137 1574 1182 quod
1586 1136 1672 1171 nihil
1685 1137 1773 1171 aliud
1798 1137 1816 1171 a
1839 1137 1937 1172 nobis
1956 1137 2088 1182 quaerit,
2113 1138 2172 1173 nisi
2189 1139 2255 1175 ob·-

1316 1190 1506 1223 servantiam
1517 1186 1794 1223 consuetudinum
1806 1188 1931 1222 suarum
1946 1211 1959 1227 ,
1983 1198 2064 1233 quas
2076 1188 2157 1224 sicut
2171 1188 2259 1224 vidi·-

1315 1238 1392 1279 stis,
1417 1238 1451 1272 ὅ(
1471 1238 1579 1272 adhuc
1604 1237 1736 1281 porestis
1752 1238 1895 1276 intueri,
1920 1238 2052 1272 Divinae
2077 1237 2161 1284 Legi
2181 1250 2260 1274 con·

1314 1289 1373 1321 siat
1400 1288 1434 1321 ὃς
1459 1287 1554 1320 sacris
1576 1285 1772 1321 Canonib'us
1791 1287 1920 1330 penitus
1931 1286 2087 1324 adversari
2101 1314 2108 1321 .
2139 1288 2194 1323 Ad
2208 1290 2262 1325 in·

1312 1337 1465 1371 stantiam
1487 1338 1565 1370 vero
1582 1335 1846 1371 Christianiffimi
1864 1337 1984 1382 Regis,
2019 1338 2258 1384 &Religioso·

1314 1398 1385 1421 rum
1397 1397 1480 1428 quos
1491 1387 1648 1420 miseratis
1661 1410 1672 1426 ,
1687 1385 1846 1420 adhibitis
1857 1387 1968 1421 multis
1981 1386 2254 1430 intercessoribus,

1314 1447 1348 1470 ut
1360 1446 1478 1470 taceret
1495 1435 1770 1474 consuetudines,
1794 1437 1933 1469 mutavit
1954 1437 2087 1479 quidem
2101 1437 2234 1473 verbum
2245 1463 2258 1481 ,

1313 1484 1367 1519 sed
1378 1495 1444 1519 non
1453 1484 1590 1518 mutavit
1605 1483 1812 1527 Propositum
1824 1507 1830 1515 .
1843 1484 1965 1527 Exegit
1976 1486 2065 1517 enim
2102 1506 2114 1524 ‚
2138 1495 2174 1520 ut
2187 1498 2260 1534 pro.

1313 1535 1464 1569 fiteamur
1476 1534 1510 1568 in
1525 1534 1624 1568 verbo
1637 1533 1782 1567 veritatis
1794 1532 1978 1577 simpliciter
1987 1533 2020 1568 dt
2038 1532 2183 1570 absolute
2192 1528 2258 1581 nos

1313 1586 1476 1623 stauros,
1499 1585 1592 1627 quod
1600 1584 1746 1618 fecerunt
1759 1583 1972 1618 antecessores
1982 1584 2082 1619 nostri
2099 1610 2110 1627 ,
2135 1584 2253 1620 &Quo

1313 1634 1380 1670 sola
1392 1635 1464 1675 via,
1491 1644 1527 1668 ut
1546 1633 1699 1673 dicebat,
1734 1633 1910 1676 poterimus
1934 1633 2049 1668 habere
2074 1634 2255 1673 Ecclesiam

1312 1684 1455 1719 nostram
1477 1685 1512 1719 &
1537 1694 1648 1728 pacem
1680 1684 1715 1717 in
1741 1683 1884 1729 Regno,
1912 1683 1966 1718 sed
1979 1683 2129 1718 nondum
2141 1678 2255 1720 tader!

1310 1737 1448 1779 gratiam
1459 1734 1549 1778 ejus.
1578 1732 1679 1779 Qud
1691 1735 1824 1777 quidem
1840 1733 1917 1767 ided
1927 1733 2062 1776 adjicit,
2087 1735 2165 1778 quia
2189 1738 2253 1770 noi

1312 1783 1510 1818 authoritate
1533 1783 1673 1826 rescripti
1698 1782 1792 1816 vestri
1816 1792 1905 1824 putat
1919 1783 2030 1818 Officii
2042 1783 2144 1817 debiti
2162 1794 2256 1827 pote·

1312 1832 1392 1868 state
1408 1832 1471 1867 esse
1483 1834 1624 1877 privatos
1634 1856 1644 1873 ,
1669 1831 1777 1866 donec
1791 1832 1869 1865 velit
1882 1842 1942 1865 nos
1953 1832 1987 1864 in
2000 1833 2090 1866 suam
2114 1833 2255 1878 gratiam

1311 1892 1461 1917 revocare
1474 1907 1482 1915 .
1507 1881 1595 1916 Cum
1621 1880 1698 1915 vero
1723 1880 1819 1915 nobis
1833 1880 1991 1926 Religiosi
2005 1881 2078 1917 Viri
2097 1905 2109 1922 ,
2135 1883 2252 1918 Simon

1313 1933 1408 1967 Prior
1418 1931 1459 1965 de
1470 1932 1590 1966 Monte
1601 1931 1688 1971 Dei,
1712 1931 1746 1967 &
1759 1931 1855 1966 frater
1877 1930 2060 1966 Bernardus
2081 1930 2168 1967 hanc
2180 1933 2251 1977 ejus

1313 1981 1504 2025 petitionem
1540 1980 1775 2031 proposuissent
1792 2004 1802 2020 ,
1829 1980 2052 2023 respondimus
2089 1992 2159 2017 non
2185 1985 2251 2018 esse

1314 2031 1408 2076 plene
1430 2032 1467 2065 in
1493 2029 1695 2066 conscientia
1707 2028 1813 2065 nostra
1827 2053 1839 2070 ‚
1865 2030 1944 2076 quid
1955 2030 2089 2066 fecerint
2109 2034 2252 2068 antec-es·

1315 2083 1397 2116 sores
1409 2080 1509 2115 nostri
1520 2105 1531 2122 ,
1560 2079 1637 2115 licet
1649 2080 1775 2127 aliquos
1789 2090 1902 2114 eorum
1913 2092 1956 2114 ex
1979 2082 2105 2125 scriptis
2114 2081 2253 2117 authen·

1314 2132 1387 2166 ticis
1398 2143 1456 2174 pro
1468 2132 1560 2166 causa
1572 2131 1670 2164 simili
1683 2129 1866 2165 noverimus
1880 2131 2022 2165 exulasse
2032 2155 2044 2172 ‚
2069 2131 2103 2166 δε
2116 2131 2249 2168 tandem

1313 2180 1509 2222 obtinuisse,
1535 2191 1571 2215 ut
1597 2181 1676 2214 ficut
1698 2180 1805 2224 Reges
1831 2204 1842 2221 ,
1867 2191 1938 2222 quae
1961 2180 2020 2215 sibi
2045 2180 2250 2217 crediderant

1312 2241 1516 2275 competere,
1540 2231 1609 2274 jura
1619 2230 1859 2269 vendicabant,
1885 2231 2015 2273 itaquae
2042 2230 2110 2265 Dei
2121 2241 2212 2267 erant
2241 2255 2254 2273 ,

1313 2282 1465 2315 Domino
1485 2279 1714 2315 redderentur.
1742 2280 1815 2315 Nos
1838 2290 1948 2314 autem
1971 2290 2099 2324 paratos
2120 2281 2186 2316 effe
2212 2280 2254 2316 ad

1310 2342 1410 2364 omne
1431 2328 1624 2375 obsequium
1646 2330 1735 2373 ejus,
1757 2331 1857 2364 etiam
1878 2331 1961 2364 ultra
1987 2331 2084 2375 quam
2117 2330 2255 2367 fecerint

1311 2380 1539 2421 antecessores,
1565 2381 1655 2415 salvo
1666 2380 1783 2414 ordine
1795 2380 1925 2414 nostro.
1952 2380 2114 2415 Caeterum
2128 2392 2254 2423 novas,

1311 2431 1345 2465 &
1365 2439 1473 2473 praeter
1494 2429 1635 2464 formam
1658 2429 1806 2462 Ecclesiae
1818 2453 1829 2468 ‚
1855 2428 1953 2471 quaea
1970 2429 2064 2462 nullo
2075 2432 2257 2466 antecesso-

1311 2491 1382 2514 rum
1393 2479 1574 2514 nostrorum
1595 2477 1738 2522 praestitae
1759 2478 1858 2518 sunt,
1885 2476 1966 2511 inire
1992 2477 2214 2522 obligationes
2240 2504 2253 2521 ,

1311 2530 1405 2566 nobis
1422 2530 1484 2565 esse
1505 2529 1659 2564 illicitum
1681 2541 1692 2565 .·
1740 2538 1812 2564 tum
1833 2528 1909 2571 quia
1932 2527 2152 2569 perniciosum
2173 2531 2253 2563 esset

1310 2580 1463 2624 exemplo
1476 2604 1487 2621 ,
1511 2589 1582 2614 tum
1595 2579 1669 2623 quia
1682 2588 1740 2612 vos
1753 2578 1818 2620 ipse
1830 2601 1840 2618 ,
1867 2575 1999 2621 quando
2012 2576 2046 2610 in
2060 2577 2138 2612 urbe
2149 2579 2256 2614 Seno—

1312 2631 1397 2666 nensi
1410 2640 1468 2663 nos
1479 2629 1519 2663 ab
1530 2629 1660 2664 illarum
1672 2627 1749 2662 Deo
1760 2627 1792 2661 &
1818 2626 1966 2671 Ecclesiae
1983 2627 2159 2663 odibilium
2173 2638 2252 2662 eon-

1313 2679 1522 2715 suetudinum
1543 2677 1745 2713 observantia
1770 2677 1803 2711 &
1825 2676 2030 2721 obligatione
2050 2687 2107 2720 per
2128 2679 2196 2712 vim
2217 2679 2253 2713 de

1313 2741 1437 2765 metum
1447 2739 1576 2764 extorta
1598 2726 1779 2763 absolvistis
1793 2749 1803 2765 ‚
1830 2727 2028 2770 specialiter,
2056 2726 2251 2771 increpatio-

1314 2791 1355 2815 ne
1377 2779 1467 2826 gravi
1491 2779 1640 2823 praemissa
1657 2778 1731 2819 ,-&
1754 2788 1823 2822 quae
1845 2775 1980 2810 authore
1997 2776 2072 2809 Deo
2086 2777 2251 2812 abanimo

1316 2831 1426 2865 nostro
1439 2830 1605 2873 nunquim
1625 2828 1754 2861 excidet
1767 2850 1778 2867 ,
1805 2825 2010 2867 inhibuistis,
2038 2837 2080 2860 ne
2103 2828 2248 2869 unquam

1316 2881 1449 2916 ulterius
1477 2891 1537 2914 nos
1557 2878 1654 2913 alicui
1677 2878 1710 2910 in
1734 2876 1828 2910 causa
1846 2876 1938 2909 simili
1954 2876 2140 2920 obligemus
2156 2901 2168 2918 ‚
2193 2877 2252 2912 nisi

1315 2932 1405 2965 salvo
1417 2929 1543 2964 honore
1553 2928 1616 2964 Dei
1628 2927 1662 2961 dc
1671 2924 1786 2961 ordine
1798 2925 1909 2960 nostro
1924 2950 1930 2958 .
1946 2926 2124 2968 Adjecistis
2134 2927 2247 2967 etiam,

1318 2982 1339 3014 si
1354 2981 1457 3025 placet
1468 2978 1650 3016 reminisci,
1676 2975 1764 3020 quod
1778 2986 1838 3010 nec
1862 2987 1920 3020 pro
1932 2975 2039 3018 capite
2058 2998 2069 3015 ‚
2089 2976 2145 3010 nifi
2161 2977 2249 3011 salvo

1319 3030 1445 3066 honore
1467 3031 1534 3065 Dei
1555 3029 1589 3064 δι
1602 3024 1727 3062 Ordine
1748 3027 1806 3059 suo
1825 3049 1836 3065 ‚
1872 3027 1903 3060 se
1926 3024 2038 3060 debeat
2066 3026 2247 3071 Episcopus

1317 3081 1464 3127 obligare
1480 3105 1487 3114 .
1514 3077 1720 3114 Promisimus
1732 3075 1940 3118 itaqueViris
1953 3075 2145 3123 Religiosis,
2156 3076 2247 3120 quod

1318 3132 1427 3165 siRex
1446 3129 1642 3164 Mandatum
1666 3126 1805 3160 vestrum
1832 3126 1979 3170 impleret
1997 3150 2008 3166 ,
2040 3125 2247 3161 restituendo

1320 3181 1415 3217 nobis
1435 3179 1571 3225 gratiam
1590 3179 1679 3212 suam
1702 3175 1736 3210 &
1758 3187 1868 3220 pacem
1883 3199 1893 3215 ‚
1917 3176 1952 3211 ἀ
1973 3175 2147 3209 Ecclesiam
2169 3187 2246 3209 cum

1321 3231 1391 3271 his,
1416 3242 1485 3275 quae
1495 3227 1631 3264 nobis&
1645 3227 1760 3261 nostris
1771 3227 1923 3265 abstulit,
1946 3225 1974 3259 ei
1994 3224 2149 3259 &liberis
2161 3226 2245 3264 suis,

1321 3283 1407 3316 salvo
1429 3281 1553 3315 honore
1573 3278 1636 3311 Dei
1662 3277 1694 3312 ὅ(
1714 3276 1831 3311 ordine
1854 3276 1966 3310 nostro
1987 3299 1998 3315 ,
2025 3276 2105 3309 totis
2128 3273 2244 3309 viribus

1320 3331 1518 3366 studebimus
1535 3327 1687 3362 inservire
1708 3339 1718 3369 3
1765 3327 1818 3361 sed
1840 3326 1905 3359 fine
1928 3324 2127 3360 authoritate
2145 3324 2242 3358 vestra

1321 3381 1414 3416 nobis
1425 3378 1577 3414 illicitum
1588 3380 1650 3412 effe
1660 3378 1804 3411 diximus
1827 3386 1948 3409 mutare
1977 3376 2114 3409 formam
2138 3373 2243 3405 Eccle-

339 3449 392 3483 τε»,
421 3438 474 3474 Ad
485 3431 1122 3481 preces&commonitionesobsurduit,
1146 3431 1260 3479 gloria·
1318 3430 1491 3472 Gallicam,
1516 3440 1616 3475 quam
1627 3427 1852 3464 Occidentalis
1872 3436 1941 3461 tota
1963 3434 2049 3460 tenet
2072 3422 2206 3458 Ecclesia
2233 3446 2244 3465 ,

2088 3474 2121 3509 ὅ(
2132 3482 2199 3518 quse
