2358 3776
379 111 440 159 88

311 181 487 240 magnifice
496 188 580 224 olim
603 186 774 229 exhibita,
800 187 842 223 ad
865 187 1061 224 memoriam
1082 186 1192 232 saepius
1212 187 1245 220 ὃ(

307 242 477 278 studiofins
497 248 706 280 revocamus,
732 239 826 273 tanto
848 237 915 272 haec
936 239 1126 283 cognitioni
1148 247 1208 271 tuas
1235 260 1245 276 ,

308 292 506 337 spiritualem
528 289 590 324 tibi
610 289 646 324 &
665 300 818 324 :eternam
839 289 976 322 salutem
998 287 1121 322 votivis
1137 287 1248 322 cordis

310 340 476 377 affectibus
510 349 700 383 exoptantes
729 363 740 379 ,
774 336 931 372 libentius
968 335 1159 372 intimamus
1180 363 1186 370 .
1214 338 1245 372 Si

310 392 402 425 enim
423 384 456 426 te
478 390 514 424 in
537 389 649 434 aliquo
667 388 828 431 judicium
850 387 997 422 futurum
1007 387 1164 429 deterret,
1192 396 1246 420 aut

307 432 512 486 praemiorum
534 441 569 474 in
591 449 711 473 aeterna
729 438 841 485 requie
859 448 983 472 corona
1004 435 1141 472 delectat
1158 461 1169 478 ,
1196 448 1248 471 ve-

307 490 401 531 ram,
427 502 497 535 quae
521 491 612 524 Deus
636 487 705 528 est,
729 487 888 531 justitiam
914 487 1044 528 colere,
1082 486 1134 522 vel
1155 489 1246 522 suum

306 538 661 583 unicuiquetribuere,
690 538 823 583 negotia
845 537 1089 578 Ecclefiastica,
1114 538 1148 572 δε
1171 547 1246 581 prae·

305 592 415 626 sertim
427 588 631 628 criminalia,
657 600 728 632 quae
738 588 780 623 de
791 588 919 623 laefione
927 588 1005 622 fidei
1019 588 1068 621 vel
1087 586 1246 630 juramen-

307 642 335 675 ti
355 648 528 684 emergunt
549 662 560 679 ,
585 639 694 672 causas
714 639 808 682 super
831 636 922 672 rebus
944 639 979 672 δι
1001 636 1246 682 poffeffionibus

308 689 523 725 Ecclefiamm
545 687 695 723 Personis
718 687 950 722 Ecclefiasticis
973 684 1135 722 tractanda
1153 687 1244 722 relin-

306 751 425 785 quere,
453 739 654 782 Regnum&
671 737 898 773 Sacerdotium
918 749 988 772 non
1008 738 1210 782 confundere
1235 761 1246 777 ‚

304 800 374 835 non
395 788 480 823 adeo
501 789 716 823 Serenitatem
737 798 828 823 tuam
851 787 1001 830 deceret,
1027 787 1124 833 quarn
1145 789 1244 823 etiam

303 839 490 883 expediret.
520 838 553 873 si
565 849 675 875 autem
683 839 831 873 universa
844 862 855 879 ,
881 850 951 884 quae
959 838 995 873 in
1015 839 1090 873 usus
1104 848 1180 873 tuos
1192 848 1246 882 per

303 887 493 933 hujusmodi
518 890 667 933 angarias
686 888 728 923 de
740 888 837 923 bonis
858 888 1089 931 Ecclesiasticis
1103 900 1245 924 convere

305 948 448 981 tuntur,
475 939 509 973 in
523 939 730 974 refectionem
740 949 914 983 pauperum
937 964 949 981 ,
976 939 1029 974 vel
1051 939 1124 974 aliis
1142 937 1246 982 operi-

306 989 367 1025 bus
379 989 506 1035 pietatis
515 990 711 1033 expenderes
720 1015 731 1031 ‚
759 988 952 1035 obsequium
964 1000 1043 1024 non>
1053 988 1157 1035 magis
1171 989 1246 1023 Deo

306 1049 438 1091 gratum
458 1039 620 1081 efficeres,
648 1041 745 1085 quam
766 1040 789 1074 si
813 1039 922 1075 Altari
942 1039 1090 1085 quolibet
1114 1039 1245 1074 discoo-

304 1100 402 1135 perto
413 1089 504 1124 aliud
514 1091 720 1134 cooperires,
749 1091 837 1124 autsi
852 1091 985 1124 Petrum
995 1090 1202 1134 crucifigeres
1231 1113 1247 1129 „

302 1150 341 1175 ut
353 1139 523 1175 Pauluma
533 1141 648 1175 mortis
660 1141 807 1184 periculo
830 1140 980 1175 liberares
999 1164 1007 1172 .
1036 1140 1195 1174 Recolere
1212 1138 1247 1172 fi·

303 1190 437 1234 quidem
449 1188 546 1224 debes
555 1215 566 1232 ‚
594 1192 627 1225 &
638 1202 698 1234 prae
710 1191 815 1225 oculis
825 1190 866 1225 ad
879 1189 977 1233 hujus
988 1191 1033 1224 rei
1055 1190 1243 1232 exemplum

302 1239 442 1281 habere,
467 1241 609 1284 qualiter
619 1241 695 1275 Rex
714 1241 814 1282 Saul,
840 1242 916 1283 quia
936 1240 1064 1274 devicto
1085 1238 1245 1273 Amalech

301 1290 440 1334 praedam
450 1299 565 1324 contra
578 1291 743 1325 Divinum
764 1299 955 1334 praeceptum
979 1289 1139 1324 reservare·
1157 1289 1245 1323 vole·

302 1339 381 1382 bat,
399 1340 476 1374 cum
488 1340 519 1374 se
529 1340 570 1375 ad
591 1340 839 1375 excusationem
859 1340 910 1374 sui
932 1338 999 1381 haec
1009 1339 1051 1374 ad
1068 1339 1243 1374 sacrifican-

301 1390 383 1425 dum
395 1391 551 1424 reservare
563 1399 760 1434 proponeret
772 1414 785 1431 ,
808 1390 826 1425 a
838 1389 991 1425 Domino
1013 1391 1077 1424 fuit
1100 1388 1245 1432 reproba-

302 1450 355 1476 tus
371 1464 382 1480 ,
406 1439 534 1474 &alius
545 1440 674 1475 eovivo
687 1438 891 1474 inhonorem
905 1440 939 1474 δε
962 1438 1158 1483 dignitatem
1181 1439 1244 1473 Re-

300 1490 392 1536 giam
404 1487 610 1532 subrogatus.
646 1490 760 1536 Qem
772 1489 885 1533 utique
910 1499 1041 1532 peccata
1054 1488 1168 1533 populi
1181 1488 1244 1523 Re·

301 1549 378 1585 gem
387 1538 579 1577 effecerant,
608 1538 661 1571 sed
673 1549 749 1572 eum
760 1538 1029 1583 agubernatione
1052 1538 1165 1582 Regni
1175 1548 1244 1580 pro·

300 1588 372 1634 pria
395 1587 564 1623 commiffa
583 1586 820 1622 destituerunt.
849 1586 1034 1635 Qiomodo
1056 1588 1156 1621 etiam
1169 1587 1245 1621 Rex

300 1639 425 1679 Ozias,
449 1638 528 1671 dum
550 1636 739 1671 thurificare
762 1637 891 1678 voluit,
927 1637 962 1671 ἀ
986 1635 1168 1671 Sacerdotis
1187 1636 1244 1671 sibi

300 1690 451 1724 officium
472 1687 644 1729 usurpare,
671 1686 773 1730 digna
796 1685 861 1717 Dei
882 1684 1011 1718 ultione
1041 1687 1138 1720 fuerit
1157 1686 1244 1729 lepra

303 1737 485 1782 percussus,
510 1745 572 1769 tuae
584 1734 676 1768 saluti
687 1733 891 1778 congruitad
915 1734 1062 1767 animum
1075 1744 1243 1768 revocare.

301 1789 338 1824 Si
361 1786 439 1821 vero
460 1785 618 1819 successus
640 1794 716 1818 tuos
733 1783 856 1818 viribus
881 1783 916 1817 δε
939 1783 1090 1826 potestati
1103 1793 1186 1824 tute,
1211 1783 1245 1817 &

302 1849 373 1875 non
387 1834 629 1871 Deoadscribas
638 1856 649 1873 ,
675 1834 895 1868 intentionem
907 1832 1038 1878 quoque
1047 1833 1081 1867 &
1093 1833 1242 1867 animum

303 1898 399 1923 tuum
412 1885 454 1919 ab
476 1882 775 1919 Ecclefiasticorum
806 1885 951 1918 virorum
972 1883 1006 1917 ὅτ
1030 1882 1246 1917 Ecclefiarum

303 1934 507 1981 oppressione
527 1943 602 1978 nou,
612 1933 773 1975 retrahas,
799 1932 856 1967 ille
875 1932 989 1976 procul
1009 1932 1114 1968 dubio
1137 1957 1151 1975 ,
1188 1933 1246 1978 qui

301 1988 376 2023 aliis
387 1996 419 2020 te
432 1984 574 2029 praefecit
588 1983 603 2023 ‚'
619 1982 654 2017 ὁ(
676 1994 836 2028 magnum
857 1983 891 2016 in
904 1983 983 2017 orbe
1002 1982 1191 2026 Principem
1202 1982 1244 2016 ad

301 2036 452 2073 fidelium
467 2035 599 2070 suorum
609 2033 903 2079 gubernationem,
930 2043 1000 2067 non
1024 2031 1067 2068 ad
1076 2032 1242 2076 depreffio·

302 2098 381 2122 nem
401 2083 599 2124 constituit,
624 2084 747 2119 talenta
766 2083 828 2118 tibi
849 2082 1019 2118 commissa
1045 2083 1140 2128 gravi
1171 2093 1246 2116 cum

302 2136 425 2173 usuras
442 2144 476 2169 te
495 2135 660 2179 requiret,
684 2134 718 2169 &
737 2134 816 2168 ficut
839 2133 881 2168 de
904 2130 1061 2169 Roboam
1071 2132 1142 2166 filio
1157 2132 1246 2167 Salo-

302 2186 414 2224 monis
434 2183 572 2230 Iegitur,
598 2185 654 2228 qui
676 2195 734 2227 pro
754 2183 876 2218 delicto
899 2183 999 2226 patris
1017 2181 1063 2215 est
1085 2183 1102 2215 a
1127 2181 1247 2225 Regno

303 2238 421 2282 ejectus
434 2259 446 2275 ,
471 2234 692 2271 Commissum
704 2233 881 2268 Paternum
893 2232 927 2266 in
939 2230 1076 2266 hzredes
1085 2232 1246 2265 transfun-

303 2288 361 2326 det
374 2312 383 2321 .
409 2285 469 2320 Tu
492 2285 574 2330 ergo
594 2284 700 2327 pravis
710 2281 884 2327 cujuslibet
896 2280 1158 2326 suggestionibus
1179 2292 1249 2315 non

305 2336 489 2383 acquiescas
499 2358 511 2376 ,
538 2344 598 2368 nec
609 2332 660 2368 his
671 2333 728 2378 qui
742 2333 864 2377 semper
876 2332 964 2374 mala
984 2332 1144 2367 susurrant
1154 2356 1166 2373 ,
1190 2342 1243 2366 au-

307 2386 546 2426 reminclines‚
574 2384 626 2418 sed
640 2393 810 2427 quaetuam
822 2381 960 2422 salutem
980 2380 1178 2425 expediant,
1202 2380 1250 2415 di·

306 2434 466 2483 ligentius
481 2432 615 2475 audias,
632 2434 667 2468 δε
678 2433 722 2467 ita
733 2433 774 2467 ad
797 2431 958 2473 honorem
980 2431 1069 2473 Dei,
1095 2432 1128 2467 δε
1139 2431 1249 2467 Eccle-

306 2489 356 2523 fiae
367 2488 427 2521 suae
437 2482 713 2529 tranquillitatem
733 2484 906 2527 &pacemr
919 2506 932 2524 ,
957 2480 1000 2518 ad
1021 2482 1113 2525 quod
1132 2482 1250 2516 solnm-

310 2535 413 2574 modo
434 2546 468 2570 es
491 2534 602 2580 Regni
623 2533 900 2578 gubernationem
918 2532 1077 2576 adeptus,
1103 2531 1190 2566 idem
1206 2543 1250 2566 re·

309 2598 405 2635 gere,
430 2582 655 2620 &secundnm
667 2582 759 2627 quod
781 2582 950 2625 Dominus
971 2580 1032 2627 tibi
1053 2581 1252 2618 administra·

310 2639 393 2672 verit
405 2660 416 2676 ,
441 2635 568 2671 studeas
580 2629 702 2668 utiliter
716 2633 900 2679 gubernare
910 2657 921 2674 ,
949 2643 985 2670 ut
1003 2631 1059 2668 ille
1071 2658 1083 2674 ,
1094 2643 1253 2678 perquem

311 2687 422 2732 Reges
433 2694 571 2730 regnant
583 2708 596 2725 ,
619 2684 656 2718 &
677 2685 732 2718 cui
755 2683 872 2718 servire
896 2693 1030 2729 regnare
1050 2683 1095 2718 est
1109 2707 1120 2723 ,
1148 2683 1254 2718 tibi&

312 2734 490 2772 haeredibus
509 2735 572 2768 tuis
592 2733 750 2779 Regnum
783 2734 963 2777 temporale
983 2735 1148 2770 conservet
1170 2758 1183 2775 ,
1219 2733 1254 2767 &

315 2787 388 2833 post
403 2783 485 2821 illud
496 2785 695 2819 tribuatsine
706 2784 773 2819 fine
787 2785 977 2822 mansurum
991 2809 998 2816 .

490 2881 900 2921 EPISTOLA
960 2883 1082 2919 XLIII.

443 2986 616 3022 Alexander
654 2987 744 3028 Papa
778 2983 899 3018 Thomae
924 2983 1140 3027 cantuariensi

648 3034 737 3069 Archa
747 3052 759 3063 ·
769 3033 915 3079 Episcopo
929 3057 939 3068 .

416 3134 624 3173 UONIAM
648 3135 718 3170 dies
729 3134 808 3170 mali
820 3135 914 3176 sunt,
938 3133 1089 3169 &multa
1114 3137 1189 3170 sunt
1201 3147 1258 3179 pro

441 3187 599 3231 qualitate
622 3186 780 3230 temporis
802 3184 973 3221 toleranda
993 3209 1004 3225 ,
1029 3184 1260 3220 discretionem

434 3247 525 3272 tuam
546 3247 719 3290 rogamus,
747 3246 922 3271 monemus
944 3259 955 3275 ,
981 3235 1204 3276 consulimus,
1228 3236 1262 3270 ὅ(

324 3285 514 3329 suademus,
535 3299 575 3331 *ut
593 3288 629 3321 in
649 3285 807 3321 omnibus
823 3286 889 3320 tuis
912 3285 947 3320 δι
960 3285 1108 3319 Ecclefiae
1124 3285 1258 3330 agendis

326 3343 360 3367 te
369 3346 496 3371 caurum
508 3361 519 3377 ,
546 3334 717 3381 providum
727 3357 738 3375 ,
767 3336 803 3370 δι
814 3336 1079 3380 circumspectum
1090 3335 1244 3370 exhibeas
1252 3360 1261 3374 ‚

326 3382 362 3416 &
384 3383 464 3417 nihil
487 3386 618 3432 propere
637 3386 690 3420 vel
713 3386 951 3430 praecipitanter
970 3411 981 3427 ‚
1007 3385 1060 3420 sed
1081 3384 1203 3420 mature
1225 3387 1258 3420 ἃ

327 3430 467 3478 graviter
482 3434 579 3470 facias
600 3461 613 3478 ,
635 3436 675 3472 ad
687 3437 826 3482 gratiam
844 3437 879 3473 δι
901 3436 1167 3473 benevolentiam
1190 3436 1262 3474 illu-

996 95 1617 150 ‘EPIST‘o-L‘AE.
1765 108 1783 116 “

1307 186 1378 222 stris
1409 187 1512 232 Regis
1539 184 1730 230 Anglorum
1763 187 2011 229 recuperandam
2041 214 2050 229 ‚
2091 185 2268 234 quantumx

1310 236 1394 273 saiva
1405 238 1551 273 libertate
1563 236 1709 271 Ecclefiae
1719 258 1741 276 ,v
1756 236 1790 269 δε
1802 235 1972 274 honestate
1982 238 2081 273 officii
2110 239 2179 274 fieri
2191 250 2258 283 po-

1308 287 1383 325 terit
1395 312 1408 329 ,
1432 288 1564 322 enitaris
1576 286 1682 321 modis
1693 285 1848 320 omnibus
1860 287 1894 321 &
1917 283 2043 320 labores
2053 311 2062 320 .
2087 289 2133 324 Et
2151 290 2253 334 usque

1308 337 1348 371 ad
1361 338 1546 381 proximum
1559 336 1682 372 Pascha
1693 337 1832 370 eundem
1856 335 1985 381 Regem
2008 336 2178 379 sustineas,
2194 341 2252 375 ita

1308 386 1396 430 quod
1408 387 1491 422 nihil
1503 391 1536 422 in
1550 398 1625 422 eum
1639 387 1687 422 vel
1698 397 1814 422 terram
1824 387 1931 429 ipsius.
1939 386 2039 430 usque
2053 386 2096 421 ad»
2116 390 2254 431 praescri-

1308 446 1399 480 ptum
1412 438 1537 473 studeas
1557 449 1722 472 exercere.
1751 437 1853 470 Tunc
1870 440 1960 471 enim
1980 437 2150 472 Dominus
2160 437 2252 474 dabit

1308 498 1453 532 tempora
1461 488 1595 523 meliora
1606 512 1617 528 ,
1643 488 1676 522 &
1687 498 1755 522 tam
1768 497 1805 522 tu
1817 486 1915 530 quam
1931 496 1992 521 nos
2013 487 2114 523 tutius
2136 489 2254 533 poteti-

1309 549 1381 573 mus
1392 539 1425 572 in
1437 540 1523 574 faCto
1538 539 1608 583 ipso
1619 538 1795 583 procedere
1807 560 1816 569 .

1482 636 1892 672 EPISTOLA
1952 637 2078 673 XLIV.

1460 735 1582 772 rhome
1610 736 1821 779 Cantuanenfi
1845 734 2109 782 Archi-Episcopo

1635 788 1759 830 quidam
1786 791 1924 822 Amicus.

1400 885 1626 924 ‚UNCIUM
1655 888 1794 923 vestrum
1805 912 1816 929 ,
1843 887 2150 932 quiadDomirium
2161 899 2259 924 vene·

1439 949 1487 973 rat
1498 936 1702 979 Nicolaum,
1729 949 1798 971 non
1811 939 1877 972 vidi
1893 962 1906 979 ,
1931 938 1985 972 sed
2005 948 2143 982 puerum
2159 939 2256 983 ipfius
2271 978 2273 981 ,

1310 987 1441 1021 Nicolai
1464 988 1607 1031 suscepi,
1628 999 1667 1023 ut
1693 986 1786 1022 vobis
1808 999 1863 1031 pet
1885 987 1981 1022 illum
1992 988 2102 1033 aliqua
2123 988 2260 1024 adrefe·

1310 1036 1447 1072 rendum
1459 1037 1561 1082 digna
1574 1061 1586 1077 ,
1613 1039 1649 1072 δε
1669 1037 1710 1072 ad
1729 1036 1898 1072 sciendum
1918 1037 2014 1072 utilia
2033 1039 2224 1075 nunciarem
2249 1057 2268 1072 .;

1312 1086 1415 1132 Igitur
1427 1086 1497 1130 post
1510 1089 1666 1132 egreffum
1681 1088 1770 1130 pueri
1783 1087 1876 1120 vestri
1895 1087 1913 1120 ὲ
1924 1098 1978 1122 me
1989 1110 2002 1127 ,
2025 1088 2083 1132 qui
2109 1088 2176 1132 jam
2200 1088 2262 1125 din

1309 1139 1350 1171 ad
1365 1149 1422 1172 vos
1433 1138 1575 1171 reversus
1585 1137 1631 1171 est
1644 1161 1655 1178 ,
1683 1136 1765 1171 illud
1778 1135 1885 1180 primo
1895 1137 2054 1181 concepi,
2079 1138 2170 1179 quod
2183 1138 2261 1172 Rex

1309 1187 1363 1221 die
1374 1187 1513 1231 quadam
1524 1211 1536 1228 ,
1561 1187 1636 1222 cum
1651 1186 1729 1221 effer
1738 1187 1824 1230 apud
1853 1187 2040 1221 Cadomum
2051 1211 2062 1228 ,
2088 1187 2123 1221 δε
2143 1185 2184 1221 de
2197 1199 2260 1222 ne-

1309 1237 1405 1282 gotio
1420 1239 1478 1272 suo
1489 1261 1499 1277 ,
1528 1238 1617 1281 quod
1633 1236 1770 1271 habebat
1781 1248 1856 1270 cum
1867 1237 1959 1281 Rege
1972 1238 2087 1271 Scotiae
2104 1261 2116 1277 ,
2143 1237 2263 1272 sollici-

1309 1287 1566 1331 tepertrastaret,
1594 1298 1709 1321 contra
1730 1286 1934 1321 Richardum
1957 1287 1999 1321 de
2020 1287 2178 1329 Humez,
2204 1287 2263 1333 qui

1309 1349 1368 1382 pro
1391 1338 1484 1382 Rege
1504 1337 1618 1372 Scotiae
1645 1337 1848 1381 aliquatenus
1871 1337 1964 1379 loqui
1986 1337 2157 1372 videbatur
2177 1360 2190 1377 ,
2227 1338 2267 1371 in·

1310 1388 1404 1422 verba
1417 1388 1642 1433 ignominiosa
1653 1387 1798 1431 prorupit
1811 1412 1820 1427 ‚
1844 1388 1877 1422 &
1887 1397 1963 1421 eum
1976 1386 2181 1431 proditorem
2195 1398 2264 1422 ma·

1309 1438 1424 1473 nifeste
1434 1437 1608 1481 appellavit
1617 1462 1626 1470 .
1653 1437 1726 1471 Rex
1739 1438 1847 1482 itaque
1858 1438 1956 1472 solito
1967 1438 2077 1473 furore
2088 1437 2268 1472 succensus>

1311 1488 1432 1531 pileum
1443 1489 1483 1522 de
1493 1489 1599 1531 capite
1609 1487 1747 1532 projecit
1761 1510 1771 1527 ,
1800 1487 1965 1523 baltheum
1977 1486 2134 1522 discinxit
2156 1511 2168 1528 ,
2191 1486 2264 1532 pai·-

1309 1537 1393 1572 Iium
1402 1538 1437 1570 &
1446 1536 1547 1572 vestes
1559 1561 1571 1578 ,
1597 1537 1717 1581 quibus
1727 1547 1796 1573 erat
1813 1538 1948 1573 indutus
1957 1563 1967 1579 ,
1982 1537 2116 1583 longius
2126 1536 2262 1581 abjecit,

1310 1587 1443 1621 stratum
1466 1584 1604 1621 sericum
1618 1610 1631 1627 ,
1663 1586 1753 1630 quod
1771 1597 1836 1622 erat
1858 1589 1951 1630 supra
1975 1588 2092 1622 lectum
2109 1611 2122 1628 ,
2157 1597 2261 1625 manu

1310 1636 1439 1680 propria
1452 1636 1591 1669 removit
1603 1657 1616 1676 ,
1639 1635 1674 1669 δε
1687 1635 1774 1678 quasi
1789 1635 1823 1667 in
1834 1636 2038 1678 sterquilinio
2048 1635 2165 1670 sedens
2178 1659 2190 1676 ,
2200 1646 2267 1671 an·

1310 1686 1357 1728 pit
1369 1685 1530 1720 straminis
1550 1683 1720 1719 masticare
1732 1685 1869 1718 festucas
1882 1708 1890 1716 .
1918 1685 1985 1719 Die
1995 1684 2072 1719 vero
2083 1684 2231 1729 sequenti
2249 1707 2264 1726 ‚

1310 1735 1385 1768 cum
1397 1735 1474 1768 esset
1486 1735 1520 1766 in
1534 1743 1625 1775 prato
1635 1734 1724 1775 juxta
1750 1734 1947 1775 Capellam,
1967 1735 2002 1768 δε
2022 1733 2277 1770 Κὶσῑὶιπίωιᾶοῑ
2327 1728 2331 1733 ’

1311 1782 1487 1817 Welcestre
1497 1782 1537 1815 ad
1548 1791 1623 1815 eum
1638 1782 1790 1816 accedere
1805 1782 1923 1822 vellet,
1950 1782 2138 1826 Templa-ii
2158 1784 2276 1819 ιτὲοῑα·Δ

1309 1832 1396 1867 viam
1420 1841 1644 1877 properantes,
1673 1842 1750 1865 cum
1773 1830 1857 1874 pilea
1880 1832 1921 1866 de
1942 1829 2106 1876 capitibus
2116 1833 2265 1870 abstuIisae

1310 1884 1402 1924 sent,
1427 1883 1576 1918 osculum
1597 1882 1628 1915 ei
1642 1881 1749 1916 statim
1770 1881 1983 1923 obtulissent,
2011 1883 2071 1917 nifi
2093 1883 2172 1919 Rex
2194 1883 2264 1928 plu·

1309 1933 1398 1967 ribus
1410 1932 1597 1968 videntibus
1607 1941 1663 1966 eos
1676 1932 1860 1966 removisset
1876 1957 1887 1972 ,
1912 1931 2023 1967 dicens
2033 1933 2124 1969 nolle
2136 1944 2194 1969 eos
2205 1945 2265 1969 ex·

1311 1982 1557 2017 communicato
1568 1981 1718 2017 osculum
1732 1982 1816 2016 dare.
1836 1982 1913 2016 Post
1927 1982 1995 2017 haec
2003 1983 2081 2018 cum
2090 1984 2276 2028 Reoeeapudv

1310 2033 1466 2076 Toycam
1486 2032 1656 2066 acceffiffet
1679 2057 1690 2072 ‚
1728 2033 1910 2076 Episcopus
1932 2033 2157 2069 Lexovienfis
2170 2034 2277 2070 venit.-

1312 2082 1351 2116 ad
1363 2094 1436 2116 eum
1449 2107 1460 2123 ‚
1488 2082 1651 2125 postulans
1663 2083 1696 2116 δε
1721 2082 1902 2126 supplicans
1915 2093 2069 2127 praetextu
2092 2094 2259 2129 pauperta-

1312 2133 1353 2165 tis
1376 2133 1545 2167 licentiam
1564 2132 1751 2177 egrediendi
1775 2132 1815 2167 de
1826 2135 1929 2173 terra,
1955 2133 2054 2178 utqui
2065 2144 2123 2169 aere
2140 2135 2263 2179 premi·

1311 2193 1362 2216 tur
1389 2183 1519 2222 alieno,
1546 2183 1659 2216 saltem
1679 2193 1865 2225 perannum
1881 2184 1981 2226 posset
2001 2184 2175 2228 respirare.
2204 2184 2261 2221 Ut

1311 2233 1386 2266 curn
1414 2231 1540 2266 redisset
1560 2231 1641 2267 libet
1657 2231 1676 2264 ὲ
1690 2232 1811 2266 debitis
1835 2257 1846 2273 ,
1871 2233 1912 2267 ad
1936 2231 2053 2268 Iocum
2071 2232 2262 2280 Religionis

1310 2282 1439 2316 facilins
1451 2285 1552 2325 posset
1566 2283 1703 2326 migrare
1714 2307 1721 2314 .
1750 2283 1822 2317 Rex
1832 2283 1913 2327 ergo
1923 2283 2056 2317 intuens
2069 2285 2102 2317 in
2115 2294 2192 2319 eum
2203 2283 2262 2319 ait:

1312 2334 1383 2366 Vere
1403 2331 1501 2375 facies
1524 2331 1621 2370 vestra
1638 2337 1799 2364 immutata
1825 2331 1862 2369 est
1882 2355 1892 2370 ‚
1915 2331 2074 2374 plusquam
2089 2332 2194 2376 finis,
2219 2335 2255 2369 δ’
2277 2341 2281 2343 ’

1312 2382 1422 2415 dimitis
1437 2406 1448 2422 ,
1474 2389 1505 2414 ut
1518 2380 1722 2414 mihtvidetur
1736 2404 1748 2420 ,
1772 2379 1900 2414 laborem
1917 2380 2005 2422 ferre
2030 2393 2088 2415 nm
2100 2383 2222 2425 po'teflds
2250 2407 2259 2417 .

1311 2433 1371 2466 sed
1379 2441 1478 2466 tamen
1485 2439 1608 2473 propter
1617 2436 1775 2473 penuriam
1787 2432 1940 2472 nunquam
1951 2432 1988 2464 de
2009 2439 2093 2465 tem
2115 2443 2181 2466 maa
2193 2439 2262 2468 ear-

1313 2483 1403 2516 br'tis.
1434 2486 1498 2526 Ego
1510 2487 1591 2514 enim
1599 2481 1704 2523 loquar
1719 2484 1745 2513 C
1749 2481 1927 2514 redte-ribus
1941 2481 2046 2521 wstrls
2059 2505 2071 2522 ,
2096 2484 2131 2516 θ
2152 2483 2263 2525 aliqu!-

1312 2533 1364 2566 bus
1380 2544 1433 2567 vos
1437 2531 1556 2574 juvabo
1568 2533 1662 2564 modis
1673 2556 1683 2571 ‚
1709 2531 1743 2564 (5
1753 2532 1772 2563 ἃ
1785 2531 1995 2563 vexationibus
2008 2532 2042 2565 Θ·
2057 2530 2259 2575 fatigamus-

1311 2581 1655 2624 busimmunemfaectam
1667 2583 1700 2614 (τ
1719 2587 1864 2623 quletum.
1895 2581 1948 2615 De
1973 2581 2032 2615 suo
2053 2581 2156 2626 igitur
2166 2580 2255 2619 nihil
2272 2622 2275 2626 .

1313 2631 1508 2679 spopondit„
1535 2631 1590 2666 sed
1603 2642 1701 2675 penes
1710 2630 1792 2664 alios
1801 2630 1993 2673 eumjuvare
2012 2631 2237 2677 promisit-Q
2263 2630 2277 2637 ““

1363 2683 1441 2719 Post
1464 2681 1530 2716 haec
1562 2682 1636 2715 Rex
1658 2681 1700 2714 ad
1714 2680 2024 2724 colloquiumrihum
2036 2691 2111 2715 curn
2123 2675 2260 2717 comite

1316 2732 1474 2771 Flandriae
1483 2731 1632 2774 acceffit,
1659 2731 1716 2765 ubi
1727 2732 1814 2776 gesta
1826 2732 1899 2767 suut
1911 2741 1982 2775 quae
2001 2741 2063 2765 vos
2072 2731 2177 2767 scitis.
2207 2731 2260 2768 lbi

1316 2785 1404 2819 enim
1428 2784 1504 2817 Rex
1530 2781 1738 2816 mille-libras
1770 2779 1923 2823 Mattheo
1950 2780 2077 2815 Comici
2105 2782 2264 2816 Boionia

1318 2845 1371 2879 per
1408 2843 1536 2868 annum
1572 2833 1606 2866 se
1633 2831 1785 2866 daturum
1821 2829 1998 2874 spopondit
2035 2854 2044 2863 .
2077 2830 2129 2865 lbi
2166 2830 2264 2866 Nun«

1318 2887 1388 2921 cius
1399 2884 1542 2918 Domini
1567 2882 1660 2926 Papae
1682 2880 1847 2924 captusest
1874 2904 1884 2921 ,
1922 2880 1979 2924 qui
2002 2878 2111 2915 adhue
2131 2891 2262 2916 tenetur

1321 2937 1354 2970 in
1379 2934 1520 2968 vinculis
1539 2933 1575 2967 δε
1593 2941 1717 2967 carcere
1730 2954 1737 2962 .
1766 2929 1815 2964 Ibi
1836 2930 2026 2975 magistrum
2047 2930 2275 2966 Heriberturr

1322 2984 1490 3021 Dominus
1510 2982 1628 3027 eripuit
1657 2981 1698 3015 de
1729 2981 1879 3014 manibus
1903 2979 2118 3024 quaerentium
2152 2992 2235 3017 eum¹
2253 3004 2262 3014 .

1322 3036 1391 3085 Qi
1413 3034 1498 3069 certe
1515 3044 1573 3077 pro
1595 3030 1734 3076 negotio
1755 3040 1823 3064 tam
1847 3030 1981 3065 modico
1991 3040 2200 3066 tantumnon
2209 3030 2266 3065 de-

1321 3086 1436 3121 buerat
1445 3084 1573 3127 subjiffe
1584 3081 1763 3126 periculum
1777 3105 1784 3113 .
1812 3079 1956 3115 Stultum
1975 3079 2020 3114 est
2044 3082 2134 3116 enim
2144 3081 2190 3114 ibi
2200 3079 2264 3115 effe

1321 3136 1474 3171 audacem
1488 3158 1499 3174 ,
1525 3131 1735 3168 ubi-ffestum
1748 3131 1853 3174 operis
1863 3142 1924 3165 nec
1937 3141 2061 3175 magnz
2081 3130 2186 3175 gloria
2195 3131 2266 3164 lau·

1322 3187 1392 3226 dis,
1413 3196 1473 3219 nec
1484 3181 1580 3218 multi
1595 3181 1811 3216 emolumenti
1833 3181 1937 3225 gratia
1958 3184 2150 3216 comitatur.
2174 3179 2264 3215 Cum

1323 3246 1432 3271 autem
1456 3234 1532 3268 Rex
1554 3230 1807 3275 Rothomagum
1830 3231 1934 3265 fuisset
1958 3230 2101 3264 reversus
2119 3255 2130 3271 ,
2155 3231 2278 3265 accito.

1325 3284 1447 3321 Archi·
1460 3283 1622 3327 Episcopo
1637 3281 1673 3315 &
1699 3281 1867 3324 Episcopo·
1885 3280 2080 3314 Lexovienfi
2102 3304 2112 3320 ,
2148 3278 2189 3314 de
2209 3288 2261 3314 αι·

1323 3338 1435 3381 ptione
1455 3331 1630 3368 Portitoris
1653 3331 1833 3365 litterarum
1858 3331 1998 3364 Domini
2019 3329 2111 3373 Papae
2131 3354 2142 3369 ‚
2170 3330 2203 3363 δι
2224 3328 2267 3363 de

1323 3383 1573 3430 indignatione,
1598 3380 1695 3426 quam
1712 3393 1826 3415 contra
1852 3381 2017 3415 clericum
2037 3378 2270 3414 Gaufr'ediRi-

1321 3438 1373 3474 del
1384 3441 1577 3479 conceperat
1586 3455 1597 3474 ,
1608 3433 1685 3475 quia
1697 3432 1819 3467 litteras
1831 3430 1945 3466 vestras
1957 3433 2130 3474 susceperat
2145 3429 2179 3461 &
2189 3438 2271 3462 nun·

1790 3504 1793 3507 .
2138 3489 2228 3513 cium
