2358 3776
399 111 495 159 ¹42

317 239 398 278 derit
408 239 439 267 in
451 235 544 265 Deum
555 254 562 262 .
591 234 657 263 Nec
665 227 757 272 schim
763 227 938 272 satisfacere
952 250 963 266 ,
969 223 1026 268 sed
1033 219 1125 265 estam
1138 250 1149 266 ,
1169 225 1201 268 fi
1200 228 1258 267 jus

315 293 441 330 pangas,
451 287 482 313 in
489 279 538 320 hoc
544 277 696 324 satisdare
701 288 832 322 paratus
845 277 882 317 est
893 299 901 308 ·
929 276 972 313 Et
987 275 1056 318 post
1073 286 1173 319 pauca
1186 276 1260 310 sub·

319 335 429 381 jungit
438 331 579 373 eundem
592 330 758 374 sejudicio
774 329 805 361 in
820 328 871 361 his
883 350 894 365 ‚
919 336 990 370 qua:
999 325 1074 364 sunt
1088 325 1237 365 Ecclesiae
1250 350 1260 367 ,

316 384 423 425 ,necin
435 381 568 422 modico
577 379 838 419 subtrahentem,
866 373 918 409 sed
931 374 1019 409 colla
1046 373 1260 420 Christijugo

318 434 509 475 subdentem
521 456 529 464 .
557 429 598 464 Et
611 429 708 474 paulo
731 424 890 470 superius:
915 428 1074 464 ,Dominum
1084 429 1192 469 Regem
1204 438 1261 461 non

318 485 437 528 quidem
450 483 599 525 nunqubm
608 478 733 522 peccaffe
752 478 877 514 dicimus
889 500 900 516 ,
921 473 980 527 seii
993 473 1110 517 semper
1135 478 1260 513 Dommo

315 542 457 577 paratum
465 530 641 575 satisfacere
657 528 837 571 confidenter
846 527 974 564 dicimur
986 527 1021 563 Φ
1037 526 1239 567 praedtcamus
1250 551 1257 558 .

311 585 349 625 =,O
365 583 518 626 inquiunt
545 605 555 621 ,
582 579 680 623 quam
698 580 775 618 sana
791 602 802 619 ,
829 575 926 620 ,quam
948 576 1052 613 sansta
1076 576 1260 619 praedicatio

319 634 558 677 Episcoporum
584 628 738 674 Angliae,
764 626 862 673 quam
883 626 1065 665 sincerum,
1090 624 1188 671 ,quam
1210 626 1256 661 in·

310 693 504 727 corruptum
540 691 599 724 pro
637 678 786 720 libertate
812 676 961 716 Ecclesiae
998 676 1220 715 testimonium
1245 679 1253 715 ,Ξ

317 734 430 790 Qam
441 744 513 767 vera
534 730 580 766 est
594 730 720 764 assertio
740 727 971 767 Sacerdotum,
996 726 1054 768 qui
1076 725 1159 760 illud
1189 737 1259 769 prae-

313 784 446 825 dicant,
472 781 562 827 quod
572 780 700 820 Mimus
709 788 765 812 aut
778 776 908 816 Histrio
920 777 986 810 sine
995 775 1163 820 dispendio
1175 787 1258 815 vere-

315 833 441 867 cundiae
452 845 521 869 non
535 832 732 876 loqueretur!
763 829 795 863 Si
809 827 908 862 fidem
922 850 934 868 ,
954 837 1054 871 quam
1067 838 1135 862 non
1148 826 1259 865 habet,

312 882 468 924 „desiderat
479 881 590 923 Scriba
604 880 703 918 vester
716 902 726 918 ‚
750 879 784 918 βε
794 877 881 921 siqui
892 877 921 911 ei
933 876 1144 913 consentiunt
1155 901 1166 917 ‚
1189 887 1259 914 exe·

315 934 440 974 undum
452 933 498 969 est
509 933 557 970 eis
568 931 608 966 de
620 929 697 965 orbe
720 928 843 963 Latino
855 952 866 969 ,
893 939 934 967 ne
956 928 1085 970 queties
1107 924 1173 960 haec
1187 937 1258 970 pras-

311 984 495 1024 dicaverint
521 1007 532 1024 ,
557 984 670 1029 ‚Quare
708 981 903 1023 Peregrinum
919 1001 930 1018 ,
959 977 1094 1015 Vicinia
1107 988 1202 1015 rauca
1214 986 1260 1008 re-

309 1034 448 1072 clamet.
480 1034 523 1073 Et
534 1045 575 1067 ne
598 1041 708 1069 tamen
732 1025 880 1069 ,adversus
903 1027 1082 1062 Ecclesiam
1098 1038 1156 1071 pro
1175 1037 1260 1062 cont·

313 1083 543 1123 suetudinibus
553 1107 565 1125 ,
594 1081 696 1122 immo
707 1078 916 1123 pravitatibus
926 1078 1022 1113 avitis
1033 1077 1258 1112 testimonium

317 1133 406 1168 daret
428 1134 554 1177 sapiens
573 1132 629 1166 ille
648 1129 833 1172 Tabellio,
868 1129 904 1167 ἀ
926 1128 1087 1168 facundus
1109 1125 1260 1165 adversus

314 1184 476 1228 populum
488 1182 676 1221 testificator
688 1205 699 1222 ,
725 1180 859 1215 inseruit
869 1179 986 1222 scripto
999 1177 1102 1211 vestro
1119 1189 1127 1211 t
1159 1180 1226 1215 Rex
1240 1177 1259 1211 ἃ

313 1237 439 1269 Domino
452 1233 694 1274 constitutuspacl
703 1239 759 1272 per
770 1235 870 1270 omma
888 1229 1031 1270 providet
1045 1226 1236 1270 subjec‘Iorum
1246 1250 1257 1266 ,

308 1285 389 1324 (yut
403 1283 480 1319 banc
491 1281 641 1325 conserver
653 1278 787 1320 Ecclefiis
810 1282 844 1318 <ir
862 1279 1005 1317 commiffis
1023 1276 1080 1317 fibi
1098 1276 1219 1318 populis
1245 1298 1257 1315 ,

310 1335 479 1378 dIgnitates
493 1330 622 1375 Regibus
634 1339 704 1369 ante
711 1327 744 1371 se
756 1328 871 1366 debitas
893 1328 927 1367 <5
952 1326 1106 1363 exhibitas
1115 1324 1170 1366 fibi
1193 1325 1260 1362 vult

311 1385 349 1419 ,6
366 1388 459 1427 exigit
480 1381 631 1422 exhiberi.
659 1377 751 1426 Qid
764 1376 830 1412 haec
842 1378 978 1411 audiens
992 1376 1137 1413 Ecclesia
1158 1373 1260 1415 Galli·

311 1433 426 1467 cana?
451 1437 520 1472 Ita,
546 1430 675 1474 inquit,
703 1432 783 1468 Deus
801 1429 836 1467 tit
860 1427 1028 1469 Evangelii
1052 1425 1148 1459 verba
1174 1426 1261 1462 adiu-

311 1491 391 1522 φηγ
406 1493 455 1516 eos
466 1505 476 1522 ,
487 1482 508 1516 ἃ
520 1480 624 1522 qulbus
637 1481 672 1516 β·
680 1486 734 1520 pro
743 1476 849 1519 quibus
861 1476 924 1511 baec
927 1474 1044 1518 scripta
1059 1474 1150 1518 sunt.
1181 1475 1264 1512 Pro·

314 1532 405 1565 videt
424 1530 557 1563 forsitan
580 1539 691 1572 pacem
714 1526 870 1560 omnibus
885 1549 896 1565 ,
921 1525 974 1558 sed
988 1525 1005 1558 a
1030 1523 1130 1568 longe
1145 1537 1157 1556 .·
1183 1521 1261 1569 quia

314 1578 557 1625 praesentialiter
567 1577 681 1611 omnia
703 1574 826 1608 turbat.
854 1574 982 1614 Dicunt
1005 1572 1180 1616 Episcopi,
1204 1583 1261 1606 aut

315 1631 473 1669 forsitan,
498 1637 535 1662 ut
555 1625 661 1661 verius
684 1624 836 1663 dicatur,
863 1622 1064 1667 Episcopus:
1109 1624 1262 1666 ‚Quoniam

310 1690 380 1724 pax
391 1680 430 1721 est
445 1706 453 1714 ‚
483 1680 527 1713 Et
539 1688 654 1712 omnes
664 1674 806 1709 econtra
817 1672 959 1707 clamant
971 1686 983 1706 .·
1009 1674 1095 1716 „Quia
1112 1681 1180 1715 pax
1204 1682 1262 1704 non

309 1728 353 1772 *est
366 1756 377 1772 ‚
398 1729 457 1775 sed
476 1729 650 1766 amaritudo
671 1731 801 1763 omnium
822 1724 1008 1763 amariffima.
1036 1723 1071 1761 Si
1091 1722 1169 1761 vero
1192 1732 1261 1758 non

316 1782 379 1815 nisi
404 1780 532 1815 debitas
542 1778 649 1824 exigit
667 1773 941 1813 consuetudines,
970 1772 1050 1806 sicut
1072 1771 1175 1805 vester
1197 1772 1260 1804 De-

316 1830 502 1867 mosthenes
525 1829 650 1868 asserit,
680 1826 746 1859 illis
768 1821 912 1868 profesio
937 1821 1089 1859 debuerat
1101 1822 1164 1856 esse
1184 1831 1262 1855 con·

313 1891 424 1921 tentus
435 1904 446 1921 ,
474 1891 545 1924 quae
556 1889 624 1915 non
636 1877 709 1915 sunt
722 1875 856 1912 Divinis
867 1871 992 1921 legibus
1002 1870 1144 1907 inimica
1155 1894 1168 1912 ,
1193 1881 1271 1921 quae¹

318 1931 415 1968 bonis
437 1929 585 1968 moribus
605 1939 674 1962 non
697 1925 923 1963 adversantur,
949 1933 1020 1967 quae
1036 1921 1262 1960 Sacerdotium

315 1994 386 2018 non
406 1979 625 2019 dehonestant
635 2001 647 2019 ,
672 1987 743 2021 quae
753 1973 933 2018 periculum
944 1983 1013 2011 non
1028 1972 1182 2016 ingerunt
1195 1970 1264 2007 ani-

318 2043 446 2072 marum
459 2056 471 2071 ,
497 2041 566 2074 quae
575 2027 694 2065 Matris
705 2024 853 2066 Ecclesiae
862 2047 874 2064 ,
900 2023 941 2058 de
951 2020 1040 2064 cujus
1051 2032 1151 2060 manu
1162 2021 1261 2057 susce-

319 2083 370 2126 pit
381 2080 526 2126 gladium
538 2079 578 2117 ad
590 2079 689 2121 ipsam
703 2073 860 2112 tuendam
873 2073 907 2114 dt
923 2071 1056 2115 injurias
1076 2071 1263 2115 propulsan-

319 2132 400 2171 dns,
425 2140 494 2169 non
507 2128 665 2168 subruunt
683 2125 885 2164 libertatem.
913 2122 975 2162 Sed
996 2122 1031 2158 in
1056 2121 1144 2154 notis
1170 2120 1266 2164 ipsius

309 2182 435 2223 ,omnia
447 2178 608 2218 contraria
619 2179 715 2217 sunt,
741 2176 823 2212 sicut
845 2173 1000 2217 scriptura
1021 2171 1088 2214 ejus
1101 2193 1112 2210 ‚
1135 2171 1264 2208 Sanao-

319 2241 394 2269 rum
416 2239 544 2274 patrum
563 2225 764 2267 authoritate
794 2225 827 2260 ὅς
862 2221 982 2257 summi
1005 2219 1179 2254 Pontificis
1209 2228 1266 2254 ore

321 2282 477 2320 damnata
486 2279 617 2316 testatur
628 2301 639 2317 ,
664 2277 699 2310 &
708 2272 907 2318 quotidiana
917 2269 1050 2313 quetelae
1062 2269 1198 2307 Cleri&
1211 2278 1267 2311 po-

322 2331 393 2377 puli
413 2343 423 2363 ·.
443 2330 590 2368 &timeo
599 2337 639 2360 ne
662 2323 841 2358 Pontifices
861 2319 917 2363 ipsi
938 2329 1053 2356 contra
1074 2318 1190 2361 scripta
1211 2317 1267 2354 sua

326 2380 438 2417 venire
459 2387 641 2424 cogantur,
669 2374 703 2414 &
724 2370 935 2416 depraedicare
955 2369 1044 2412 quod
1058 2367 1230 2412 praedicant
1257 2390 1270 2406 2

324 2432 361 2468 ἁ
380 2441 480 2474 quam
502 2427 607 2463 mod&
631 2425 811 2462 damnant,
835 2420 1010 2464 justificare
1034 2419 1175 2453 caussam
1197 2442 1208 2459 ,
1233 2417 1268 2456 dt

324 2477 636 2525 quamjussificant‚
663 2472 898 2511 condemnare,
927 2469 1062 2514 Signata
1083 2468 1127 2501 est
1138 2467 1271 2503 attesta-

321 2532 373 2568 tio
393 2538 508 2565 eorum
532 2524 685 2561 omnium
705 2521 838 2566 quidem
852 2529 1009 2564 concepta
1033 2519 1189 2558 nomine,
1218 2515 1270 2551 sed

326 2582 425 2615 trium
437 2577 611 2616 dumtaxat
626 2572 862 2616 Episcopotum
876 2569 1027 2606 roborata
1049 2568 1164 2612 sigillis
1174 2581 1185 2600 :
1211 2567 1270 2602 Ar-

328 2626 588 2672 chi-synagogi
614 2622 769 2658 videlicet
782 2619 1022 2656 Londonienfis
1039 2642 1050 2658 ‚
1074 2619 1106 2653 ὅ(
1129 2618 1271 2654 Domini

327 2677 585 2716 &Amicimei‚
611 2671 810 2708 cuiinterim
820 2680 941 2713 parco,
967 2668 1120 2712 Episcopi
1149 2666 1271 2702 Vinto-

329 2730 470 2768 niensis,
496 2723 627 2771 &aeque
637 2722 782 2761 doctrina
804 2718 983 2762 &eloquio
1006 2717 1179 2762 pollentis,
1216 2729 1273 2752 ve·-

331 2780 408 2818 teris
421 2777 552 2826 quidem
563 2771 744 2812 scholastici
756 2795 768 2812 ,
795 2769 848 2804 sed
862 2769 983 2803 novitii
1008 2769 1161 2812 Episcopi
1174 2767 1273 2806 Here-

332 2828 490 2868 fordensis
501 2853 508 2860 .
535 2826 690 2872 Qorum
700 2817 929 2866 praeminebat
940 2817 1120 2853 authoritas
1131 2842 1143 2859 ,
1169 2819 1190 2852 si
1205 2829 1271 2854 non

333 2879 488 2925 opinioni
514 2877 608 2911 bonae
627 2872 803 2908 consensus
822 2867 1027 2912 iniquitatis,
1052 2868 1274 2905 &manifestae

335 2930 479 2969 falsitatis
496 2925 680 2966 attestatio,
707 2922 825 2965 scripto
847 2929 1021 2962 utrumque
1040 2920 1075 2957 δι
1096 2919 1273 2964 sigillorum

336 2977 523 3015 munimine
542 2975 762 3012 convincente
783 2994 795 3011 ,
822 2968 1038 3013 praejudicaret
1058 2993 1066 3001 .
1101 2969 1171 3006 Alii
1197 2970 1276 3007 inte·

337 3031 424 3069 rim,
450 3038 533 3072 quos
555 3024 658 3063 libelli
680 3019 852 3058 concludit
873 3018 1063 3061 inscriptio,
1100 3018 1213 3054 miricis
1231 3030 1277 3053 π.

337 3089 485 3125 guuntur
499 3091 509 3110 .·
534 3076 612 3119 quia
633 3083 703 3111 non
726 3068 820 3107 facile
840 3068 929 3104 credi
952 3069 1073 3111 potest,
1111 3080 1147 3103 ut
1167 3077 1218 3104 tot
1236 3070 1278 3103 sa-

339 3130 463 3174 pientes
483 3125 700 3161 convenerint
721 3145 734 3163 ,
771 3129 822 3155 tot
839 3117 1040 3155 contulerint
1062 3119 1220 3163 Religion
1243 3119 1277 3152 in

339 3179 486 3217 fraudem
498 3170 954 3218 Divinaelegis&Canonum
967 3191 979 3208 ,
1003 3167 1036 3203 δι
1048 3167 1080 3200 iu
1104 3169 1277 3210 perniciem

338 3225 764 3268 Ecclesiaeconscripserint,
791 3219 878 3256 unde
898 3216 1145 3255 convalescat&
1168 3229 1281 3261 praeva-

341 3280 407 3318 leat
435 3280 663 3322 usquequaque
674 3270 848 3314 iniquitas,
876 3266 1042 3311 &justitia
1064 3268 1279 3310 opprimatur.

344 3329 428 3368 Sed,
454 3338 491 3362 ut
503 3325 626 3364 audio,
650 3331 766 3356 omnes
785 3319 835 3353 illi
855 3318 975 3361 scripto
997 3317 1205 3359 praestiterunt
1227 3331 1282 3352 au·

348 3377 556 3411 thoritatem.
584 3372 686 3421 Qod
709 3372 730 3404 ss
751 3379 828 3403 ante
852 3367 992 3403 viderint
1011 3391 1022 3408 ,
1060 3366 1280 3410 impiissimum

349 3424 411 3466 snit
423 3435 515 3463 tantae
532 3421 700 3474 iniquitati
710 3418 937 3462 testimonium
958 3416 1142 3465 perhibere,
1169 3417 1190 3450 fi
1215 3428 1283 3471 '¹⁰29

1032 86 1578 143 EPISTOLAE

312 192 407 236 'pum
418 182 601 226 obsequium,
612 186 680 212 eum
691 185 823 212 monetur
834 183 870 216 ue
879 178 1004 222 corrigat
1018 197 1029 213 ,
1049 173 1080 217 fi
1086 177 1162 217 quid
1173 174 1262 216 offen-

1325 173 1463 211 viderint
1476 200 1487 217 ,
1511 175 1731 211 stultissimum
1743 176 1855 210 aliena-³
1865 176 2027 222 iniquitati
2041 181 2172 214 suorum
2188 178 2257 213 im-

1319 227 1480 270 positione
1490 225 1703 264 charac‘terum
1715 227 1857 269 praestare
1869 229 2098 263 authoritatem
2114 256 2119 262 .

1368 275 1430 311 Sed
1440 277 1521 320 ,quid
1533 277 1567 310 in
1580 287 1613 310 re
1625 276 1801 319 conspicua
1812 301 1822 316 ,
1848 287 1923 310 cum
1933 288 1973 310 ex
1986 280 2164 314 necessitate
2187 279 2257 322 plu-

1322 337 1354 362 ra
1365 326 1595 366 dicendafint,
1622 326 1784 370 protendo
1795 327 1999 361 sermonem?
2025 327 2112 364 Nam
2135 329 2256 374 pagina.

1321 375 1375 411 illa
1384 402 1395 418 ,
1419 377 1476 411 etsi
1488 377 1663 411 vestrorum
1675 377 1804 410 cessaret
1814 387 1910 419 opera
1923 400 1933 415 ‚
1946 376 2128 413 nostrorum
2145 389 2255 413 tamen

1322 426 1492 472 diligentia
1506 427 1546 461 ad
1558 425 1749 463 Romanum
1760 425 1900 462 defertur
1912 426 2109 460 Pontificem
2121 450 2134 467 ,
2157 429 2256 472 qui&

1323 477 1526 513 moresillius
1540 500 1551 517 ,
1576 476 1884 520 quemjustificatis,
1909 488 1954 510 ex
1967 476 2080 512 multis
2101 477 2192 510 novit
2211 479 2257 511 in·

1321 526 1435 568 diciiS,
1459 527 1494 563 δε
1517 526 1612 564 facile
1631 524 1853 570 deprehendet
1870 551 1881 566 ,
1909 538 1973 571 qua
1984 525 2162 561 sinceritate
2185 525 2260 570 Epi-

1325 577 1493 621 scoporurn
1503 587 1660 621 concepta
1670 578 1709 613 fit
1720 575 1787 613 hac
1807 576 1972 613 attestatio
1985 601 1995 616 ,
2022 587 2092 620 quae
2103 575 2198 611 sperit
2211 578 2259 609 in-

1322 626 1428 665 tentio
1437 627 1543 665 scribae
1554 627 1648 661 vestri
1659 652 1669 667 ,
1682 627 1908 672 quiquoniam
1919 651 1930 667 ,
1957 628 2031 663 Deo
2041 627 2133 660 aliter
2150 625 2263 668 dispo·

1324 687 1422 711 nente
1431 700 1444 717 ,
1470 677 1558 721 quod
1569 677 1732 716 ambiebat
1743 702 1754 718 ,
1773 678 1836 712 esse
1848 689 1915 714 non
1928 678 2033 721 potuit
2046 675 2262 711 Cantuarien·

1322 725 1359 761 sis
1371 725 1474 761 Archi
1485 742 1503 750 -
1515 728 1691 771 Episcopus
1704 727 1739 761 in
1751 726 1938 773 Anglicana
1961 726 2104 762 Ecclesia
2124 726 2166 760 de
2181 735 2261 759 σου·

1324 777 1436 829 sensu,
1461 777 1621 817 consilio,
1645 778 1679 812 δε
1698 775 1896 814 authoritate
1915 787 2028 812 eorum
2049 800 2060 817 ‚
2097 777 2153 820 qui
2167 772 2264 808 Chri·

1322 827 1405 862 stum
1423 827 1677 871 persequuntur,
1709 828 1810 865 factus
1825 829 1870 862 cst
1893 826 2221 871 Archi-Synagogus
2247 847 2259 857 ·

1320 877 1450 919 Scripsit
1471 877 1502 911 ei
1535 888 1636 921 nuper
1667 877 1832 915 Dominus
1855 878 1931 912 Rex
1954 889 2008 921 pet
2040 875 2260 919 Radulphum

1321 926 1554 967 Dicetensem,
1580 926 1906 964 Archi-Diaconum
1931 929 2046 968 suum,
2070 924 2160 971 quod
2186 926 2218 959 se
2247 947 2261 965 ,

1321 985 1428 1012 totum
1450 976 1606 1021 Regnum
1618 977 1732 1018 suum,
1758 978 1792 1012 ἀ
1811 978 1938 1012 causam
1959 989 2029 1022 quae
2051 977 2134 1012 inter
2153 975 2261 1019 ipsum

1320 1026 1355 1059 δε
1368 1025 1543 1060 Ecclesiam
1554 1027 1687 1063 vertitur
1697 1050 1709 1066 ,
1735 1026 1830 1069 ipsius
1840 1027 1994 1070 tanquam
2005 1027 2111 1061 Patris
2123 1026 2157 1061 δε
2178 1025 2263 1069 fide-r

1322 1075 1538 1113 liffimiamici
1548 1076 1736 1110 committat
1747 1074 1901 1110 arbitrio.
1928 1076 2126 1119 Etpraecipit
2155 1083 2191 1110 ut
2211 1074 2262 1110 sui

1321 1123 1475 1162 officiales
1485 1125 1515 1159 ei
1542 1124 1577 1158 in
1600 1125 1755 1160 omnibus
1777 1125 2008 1169 usquequaque
2027 1124 2203 1161 obediant.
2226 1123 2263 1166 §i

1320 1175 1399 1219 quid
1412 1186 1490 1219 ergo
1514 1173 1608 1210 vobis
1630 1175 1680 1209 vel
1701 1174 1849 1209 Ecclesiae
1875 1175 2003 1215 vestrae,
2027 1183 2084 1209 aut
2109 1172 2264 1209 Domino

1322 1224 1521 1269 Vigornensi
1536 1223 1743 1266 incubuerit,
1767 1225 1861 1259 illum
1872 1224 1998 1259 faciatis
2008 1222 2202 1264 conveniri,
2227 1231 2266 1258 ut

1323 1286 1380 1319 pro
1395 1273 1489 1313 vobis
1499 1274 1531 1313 ὃς
1546 1274 1688 1312 Ecclesia
1701 1275 1768 1314 Dei
1790 1285 2001 1312 commoneat
2023 1275 2153 1318 Regem
2165 1296 2178 1313 ‚
2203 1272 2267 1316 qui»

1321 1324 1444 1363 sicutin
1458 1324 1515 1361 illa
1533 1323 1639 1360 nobili
1651 1324 1796 1368 Epistola
1812 1325 1865 1359 sua
1878 1348 1889 1364 ,
1912 1324 2057 1368 quaejam
2071 1321 2263 1362 Provincias

1320 1374 1353 1414 ὅς
1367 1374 1485 1419 Regna
1495 1374 1610 1408 circuit
1621 1398 1633 1414 ,
1645 1374 1778 1411 testatus
1791 1374 1835 1409 est
1844 1397 1854 1413 ,
1885 1376 1973 1408 Dulce
1979 1382 2072 1416 putat
2080 1371 2263 1416 obsequium,

1320 1435 1387 1460 cum
1407 1425 1584 1460 admonetur
1605 1434 1639 1459 ut
1660 1429 1805 1468 corrigat,
1825 1423 1855 1466 fi
1875 1426 1950 1468 quid
1969 1424 2095 1467 deliquit
2114 1429 2148 1456 in
2159 1425 2266 1455 Deum.

1323 1475 1412 1512 Nam
1431 1474 1489 1518 qui
1501 1473 1709 1517 delinquitin
1725 1474 1913 1518 proximum
1925 1499 1937 1515 ‚
1963 1474 1997 1510 in
2008 1474 2119 1510 Deum
2130 1482 2265 1516 quoque

1322 1524 1504 1568 delinquit,
1531 1522 1575 1558 Et
1600 1525 1752 1567 sponsum
1772 1523 1956 1563 exhonorat
1978 1523 2169 1564 Christum,
2195 1520 2268 1564 qui·
2299 1537 2304 1542 ·

1322 1584 1463 1614 cumque
1473 1571 1652 1610 inhonorat
1675 1574 1875 1616 Ecclesiam,
1899 1574 1968 1618 ejus
1989 1574 2154 1618 sponsam.
2181 1572 2267 1606 Sunt

1322 1621 1412 1658 enim
1423 1632 1652 1667 corpusunum
1664 1646 1672 1658 ,
1699 1622 1808 1660 Immo
1817 1624 1851 1657 δι
1863 1625 1995 1667 spiritus
2004 1633 2104 1658 unus.
2120 1623 2164 1656 Et
2172 1620 2266 1667 quod

1323 1670 1461 1717 amplius
1482 1670 1528 1708 est
1550 1695 1562 1712 ,
1587 1670 1767 1711 collatione
1783 1673 1895 1717 gratiae
1915 1669 2163 1715 quodammodd
2190 1670 2267 1723 sung

1324 1723 1416 1757 Deus
1426 1733 1534 1762 unus,
1559 1721 1638 1756 dum
1655 1721 1843 1768 admirabili
1864 1722 2066 1758 commercio
2089 1721 2172 1761 illa,
2196 1730 2268 1763 <iun

1323 1772 1428 1809 carnis
1439 1772 1514 1804 sunt
1530 1781 1572 1804 ex
1583 1780 1699 1805 natura
1718 1770 1906 1814 primitiva,
1943 1773 2019 1806 Deo
2039 1770 2185 1814 impertit
2195 1779 2270 1811 „ut

1318 1820 1364 1855 ab
1377 1819 1437 1854 illo
1451 1819 1690 1863 plenitudinem
1702 1820 1830 1857 Divinae
1841 1830 1960 1856 naturae
1971 1819 2105 1863 recipiat
2118 1844 2129 1859 ,
2148 1820 2181 1857 dt
2191 1817 2269 1862 oleq

1323 1869 1538 1909 exultationis
1547 1869 1685 1915 quadam
1696 1869 1822 1906 ratione
1832 1871 1988 1908 consortii
2010 1870 2156 1908 abundet
2177 1868 2267 1908 abil-

1325 1922 1358 1958 lo
1371 1945 1383 1961 ‚
1407 1921 1441 1954 δι
1458 1919 1572 1957 effluat
1580 1928 1651 1955 tota
1663 1944 1671 1952 .
1700 1919 1904 1955 Primitivam
1917 1931 2064 1954 naturam
2086 1917 2227 1957 dixerim
2250 1939 2269 1964 2

1327 1982 1369 2005 ne
1382 1969 1545 2005 abusionis
1556 1970 1752 2006 inveteratus
1765 1982 1837 2005 mos
1850 1981 1962 2005 natura
1981 1979 2146 2014 reputetur
2157 1993 2169 2010 ,
2193 1967 2269 2012 jux·

1325 2031 1359 2055 ta
1369 2031 1464 2063 quem
1476 2031 1576 2057 omnes
1592 2017 1694 2062 sumus
1718 2030 1831 2055 natura
1854 2020 1914 2063 filii
1932 2027 2006 2054 ινα.
2034 2020 2115 2054 Non
2129 2018 2220 2064 qued
2232 2018 2269 2052 in

1326 2081 1364 2106 ea
1375 2067 1500 2106 conditi
1515 2069 1612 2103 simus
1625 2094 1637 2111 ,
1662 2069 1716 2106 sed
1726 2072 1803 2115 quia
1813 2072 1846 2107 iri
1867 2082 1939 2107 eam
1962 2070 2233 2115 degeneravimus
2257 2091 2268 2103 ,

1328 2120 1438 2160 Nam,
1464 2129 1499 2154 ut
1511 2119 1556 2153 ait
1566 2129 1700 2161 orator,
1726 2123 1800 2155 usus
1823 2121 1921 2157 altera
1943 2131 2057 2156 natura
2077 2120 2144 2159 est,
2169 2119 2267 2163 aquo

1328 2169 1564 2206 difficillimum
1585 2171 1631 2205 est
1654 2171 1770 2205 avelli.
1798 2172 1870 2206 Nec
1891 2182 2002 2206 tamen
2025 2169 2269 2212 Archi-Syna·

1328 2230 1454 2264 gogum
1474 2218 1598 2256 idcirco
1617 2220 1880 2258 conveniendum
1899 2222 2016 2255 censeo
2037 2244 2050 2261 ,
2087 2220 2163 2263 quia
2183 2218 2267 2254 mul·

1330 2270 1399 2302 turn
1413 2271 1535 2312 sperem
1548 2280 1605 2304 vos
1617 2270 1711 2314 ipsius
1721 2271 1904 2314 patrocinio
1914 2272 2002 2314 posse
2012 2270 2166 2313 proficere
2177 2292 2189 2309 ,
2209 2266 2270 2308 sed

1329 2329 1364 2354 ut
1376 2319 1491 2354 veritas
1504 2320 1643 2363 amplius
1652 2321 1834 2361 elucescat,
1859 2321 1942 2354 &ut
1964 2321 1998 2355 in
2022 2319 2128 2355 verbis
2138 2316 2270 2355 menda-

1329 2370 1395 2408 cii,
1421 2367 1510 2411 quod
1531 2369 1669 2411 Spiritus
1680 2371 1811 2407 Sanctus
1820 2368 1948 2406 inhibet
1960 2379 2013 2413 per
2031 2366 2231 2413 Prophetam
2255 2391 2269 2408 ,

1331 2418 1466 2456 ulterius
1491 2429 1591 2460 nemo
1609 2417 1773 2452 confidat.

1381 2467 1437 2507 Ut
1453 2468 1565 2511 paucis
1582 2467 1777 2504 concludam
1796 2467 1888 2512 quod
1912 2468 2016 2502 sentio
2029 2492 2040 2508 ,
2065 2477 2121 2503 aut
2140 2466 2270 2510 scriptu-

1332 2529 1386 2560 ra,
1413 2529 1484 2561 quae
1497 2518 1654 2555 solvinon
1670 2519 1772 2562 potest
1786 2543 1797 2558 ‚
1823 2518 1921 2554 fallax
1942 2518 1974 2551 ὅ(
1993 2518 2072 2552 salsa
2082 2518 2125 2550 est
2137 2541 2148 2557 ,
2172 2517 2206 2550 δι
2219 2526 2272 2549 ve·

1332 2568 1409 2603 ritas
1417 2568 1484 2603 Dei
1495 2569 1513 2602 a
1531 2568 1633 2611 seipsa
1644 2568 1842 2612 degenerat,
1863 2577 1917 2602 aut
1929 2566 1963 2601 in
1976 2567 2098 2609 laqueis
2110 2567 2172 2600 suis
2184 2575 2272 2601 com*

1333 2617 1570 2662 prehendentur
1591 2619 1715 2660 iniqui.
1743 2617 1786 2652 Et
1797 2617 1853 2660 qui
1876 2617 1963 2652 fratri
1983 2618 2109 2651 foveam
2141 2625 2231 2660 parat
2255 2638 2269 2657 ,

1335 2669 1420 2713 prior
1430 2668 1465 2702 in
1485 2678 1555 2702 eam
1580 2667 1704 2701 incidet
1718 2692 1725 2699 .
1752 2666 1882 2701 Christe
1902 2667 2048 2710 teipsum
2066 2665 2231 2700 convenio
2257 2688 2270 2705 ,

1333 2730 1389 2759 te,
1415 2717 1471 2762 qui
1485 2716 1675 2755 indeficiens
1690 2717 1804 2753 veritas
1813 2728 1867 2757 es,
1891 2717 2039 2759 appello,
2068 2716 2102 2750 in
2124 2722 2272 2764 eJttremo

1334 2769 1388 2804 die
1409 2766 1524 2811 judicii
1546 2778 1640 2803 tuum
1659 2792 1671 2809 ,
1696 2768 1716 2803 fi
1739 2768 1822 2802 ratio
1843 2767 2020 2810 permiserit
2039 2790 2050 2805 ,
2087 2766 2274 2811 redargutu-

1336 2831 1387 2853 rus
1407 2817 1615 2855 mendacium
1634 2841 1646 2859 ,
1683 2817 1741 2852 nisi
1759 2827 1824 2860 quo
1843 2816 1970 2859 judicio
1991 2817 2064 2860 quis
2082 2815 2274 2858 judicaverit

1334 2867 1493 2913 judicetur
1512 2892 1524 2910 ‚
1549 2869 1583 2906 ἀ
1603 2868 1786 2905 mensuram
1816 2867 2018 2910 condignam
2047 2864 2180 2910 recipiat
2213 2874 2273 2907 pro

1336 2919 1484 2956 mensura
1498 2944 1505 2951 .
1534 2916 1634 2956 Certe
1653 2917 1782 2960 spiritus
1795 2916 1952 2958 sapientiae
1961 2916 2005 2949 est
2016 2916 2071 2958 qui
2095 2911 2239 2958 lbquitur
2262 2925 2272 2945 ε

1337 2971 1421 3013 ,Quia
1437 2976 1493 3010 per
1514 2979 1583 3011 quae
1605 2972 1744 3009 peccavit
1765 2971 1833 3009 quis
1853 2990 1864 3006 ,
1897 2974 1952 3006 per
1975 2965 2037 2998 baec
2057 2967 2090 3002 c&
2108 2971 2233 3007 punitur
2259 2987 2267 2996 .

1341 3018 1469 3055 Primus
1488 3016 1654 3053 homicida
1675 3016 1761 3052 Cain
1783 3014 1906 3050 occisus
1917 3016 1962 3050 est
1983 3029 1993 3058 ;
2023 3013 2170 3054 Pharao,
2194 3013 2272 3052 dum

1340 3067 1539 3111 submergere
1560 3064 1756 3101 moliebatur
1771 3089 1782 3106 ,
1806 3064 1984 3103 submersus
2013 3066 2083 3106 est;
2111 3062 2275 3106 Adonim·

1339 3117 1422 3155 dech
1446 3115 1674 3155 vicissitudinis
1684 3114 1776 3159 hujus
1785 3125 1934 3159 expertus
1944 3116 1988 3148 est
2002 3115 2106 3159 legem
2117 3139 2124 3146 .
2152 3110 2274 3153 cham,

1339 3170 1419 3204 dum
1442 3168 1632 3203 servitutem
1654 3165 1727 3200 aliis
1746 3165 1911 3212 affectabat
1937 3165 2101 3203 indicere,
2123 3172 2274 3205 perpetua

1341 3217 1493 3254 servitute
1517 3216 1690 3251 damnatur
1708 3240 1717 3249 .
1745 3215 1789 3253 Er
1811 3216 1846 3253 in
1867 3215 1959 3249 omni
1979 3214 2119 3258 gente&
2147 3222 2241 3246 aetate
2264 3236 2278 3252 ,

1340 3268 1364 3302 si
1384 3269 1456 3311 quis
1490 3266 1620 3302 Divinae
1639 3265 1887 3309 dispensationis
1917 3262 2149 3298 animadvertat
2181 3261 2276 3295 histo-

1342 3319 1442 3356 riam,
1467 3315 1561 3359 plane
1580 3316 1757 3360 cognoscet
1780 3317 1902 3358 semper
1922 3315 1983 3348 esse
2012 3311 2278 3347 conformitatem

1343 3365 1507 3411 quandam
1525 3365 1628 3410 culpae
1647 3366 1680 3400 ἀ
1695 3376 1814 3409 poenae.
1841 3364 1942 3412 Qod
1958 3364 2074 3406 loquor
2097 3360 2279 3405 experimur

1355 3420 1389 3458 ἀ
1403 3427 1481 3458 nos,
1506 3416 1714 3465 agnoscimus
1723 3416 1843 3460 justum
1856 3414 2021 3463 flagellum
2034 3412 2289 3493 culparum-‘con-

2204 3470 2246 3495 eit
