2358 3776
535 114 578 160 S.
615 107 919 159 THOMAE
953 101 1525 157 CANTUAR-LIB.
1560 112 1638 158 11.

1867 111 1980 173 «1189

59 230 67 235 .
118 196 607 239 ciffloermitt'eredeberemus..
627 195 731 232 Aliud
742 204 874 241 quoque
892 191 989 228 nobis
1001 191 1056 227 in·
1108 191 1258 233 ambis,
1285 189 1376 226 &ab
1386 190 1464 235 ipsis.
1477 194 1704 237 aversasunt,
1727 207 1771 234 ut>
1788 199 1878 237 „ej
1900 202 2051 248 quolibet

121 254 280 288 Gnatum
290 248 336 284 est
348 273 360 291 ,
385 247 474 294 quod
496 249 639 293 Joannes
658 247 786 283 Cumin
804 243 1055 280 omnieRescri-
1115 242 1250 280 verbum
1260 241 1543 278 reconciliationis
1558 242 1667 278 valeat
1685 246 1854 286 sustinere.
1886 254 1929 288 Et
1948 253 2049 295 ideo,

115 311 176 346 pta
191 299 374 348 litterarum
405 298 611 339 nostrarum,
634 294 852 342 quasambis
871 292 1020 329 obtinuit
1044 317 1056 335 ,

1113 295 1194 330 ficut
1216 303 1272 336 per
1298 292 1452 327 Nuneios
1472 292 1599 328 nostros
1617 293 1711 328 vobis
1731 296 1967 345 significamus,
1993 316 2052 348 op.

116 349 443 387 &idonicfemenfi
456 348 667 388 manavit,
690 345 793 381 &fibi
807 347 927 380 secuta
945 342 1055 377 nostra
1113 352 1289 389 portunum
1300 342 1436 379 videtur·
1452 343 1499 378 ad
1517 345 1653 387 praesens
1675 344 1733 378 ista
1753 345 1902 392 differre,
1938 354 2049 390 donec

115 399 253 437 detexit.
282 399 486 436 Undeiden
506 392 1055 440 mebi-Episcopusembescentia
1113 393 1164 430 vel
1177 393 1264 427 viam
1284 393 1373 437 pacis
1394 393 1542 437 quolibet
1562 394 1666 428 modo
1685 394 1778 429 Deus
1802 396 1868 440 ipse
1889 406 2010 443 aperiat
2036 428 2050 446 ,

113 450 277 485 &dolore
284 450 525 490 eonfundinu,
548 449 582 483 ἀ
593 446 798 483 churiffimus
807 445 841 479 in
855 441 990 479 Christo
1002 443 1056 476 Εἰ,

107 500 173 534 lius
187 500 296 535 noster
306 499 495 536 Ludovicue
509 496 730 533 inuetitum
739 494 882 530 Franeiae
892 517 904 536 ,
914 494 949 528 δι’
961 492 1055 528 Ptin-

111 551 202 594 cipes
214 549 584 595 eius-nonparunfimt
595 547 641 583 de
662 544 850 590 huj-smodi
869 542 1055 579 rumoribus

111 601 302 636 conturbati
314 596 799 642 ,tzvehoeemercommoth
824 593 923 629 Licet
940 602 1052 629 aut·-

109 648 288 692 i-pluribus
296 649 396 684 nobis
418 657 643 694 proponatur,
668 643 964 690 &quadammodo
986 655 1051 679 cre-

110 700 219 735 dibile
228 701 381 736 videatur
392 723 404 741 ,
429 697 694 743 quodpraedistus
712 696 853 740 Joannes
875 706 934 738 pro
945 694 1051 729 hono·

107 751 192 785 re&
204 751 407 786 exaltatione
414 747 554 793 praediffi
573 746 677 783 Archi
689 765 701 772 -
714 745 911 790 Episcopi&
933 745 1062 779 Eccle·'

107 800 158 834 [ἐκ
178 801 240 833 suae
250 822 264 839 ,
286 800 321 835 de
343 811 402 843 pro
418 799 572 834 'libertate
589 796 739 831 Ecclefioe
757 796 887 830 tantum
899 819 912 836 ,
948 795 983 830 δε
1001 795 1050 829 ita

110 848 252 883 fideliter
271 849 492 889 laboraverit,
524 845 614 892 quod
635 845 745 881 studio
764 845 800 880 δε
826 844 1050 881 sollicitudine

109 899 166 934 sue
175 918 201 940 ς.
212 898 388 942 ροίίςιιᾶω
395 898 435 933 ad
447 898 577 942 propria
589 895 688 932 rediit
701 919 715 938 ‚
739 898 827 931 viros
850 894 1050 931 Ecclefiasti-

111 959 192 991 cos,
214 947 281 992 qui⁴
294 947 401 994 Regia
410 947 565 992 captione
574 945 826 988 detinebantur,
851 946 894 981 ab
911 944 1049 992 ergastu—

111 998 148 1033 lo
158 998 297 1033 carceris
313 1000 426 1034 fecerit
438 998 585 1033 liberari.
612 997 658 1032 Et
680 998 780 1032 etiam
799 995 886 1031 idem
908 996 1049 1040 Ioannes

109 1048 314 1093 per-litteras.
330 1050 401 1085 suas
422 1048 518 1083 nobis
536 1047 739 1092 significavit
763 1046 894 1092 Regem
918 1045 1051 1090 publice

111 1099 350 1134 mummulus
358 1097 475 1134 dixisse
486 1099 518 1133 se
535 1097 618 1132 velle
636 1096 776 1136 Clericis
789 1098 851 1131 suae
862 1107 948 1131 terrae
959 1096 1050 1130 illam

113 1147 321 1189 libertatem,
344 1154 444 1191 qna-
460 1161 481 1184 a
501 1158 648 1192 tempore
667 1147 808 1182 Henrici
831 1147 897 1181 Avi
919 1146 968 1180 sui
991 1144 1046 1179 ha·

116 1196 229 1234 buerae
250 1222 262 1239 ,
298 1200 424 1233 servare
440 1223 448 1231 .
484 1197 578 1245 Qia
611 1208 734 1231 tarnen-
758 1196 946 1238 hujusmodi
966 1196 1053 1228 sarna

114 1248 216 1291 usque
227 1247 312 1282 adeo
320 1249 423 1282 crevit
434 1270 453 1287 ,.
471 1247 560 1291 quod
576 1246 610 1280 in
621 1245 841 1289 partibusiliis
857 1244 1052 1288 opinionem

113 1295 258 1331 *m
278 1296 399 1330 sinistra
421 1297 499 1330 facit
520 1295 740 1342 aestimatione!
754 1293 909 1333 corrodi,
932 1292 1054 1328 discre-

112 1345 241 1381 tionem
262 1346 398 1381 vestram
410 1352 582 1380 monemus
590 1346 691 1388 atque
700 1344 916 1385 mandamus,
942 1352 1054 1388 quate-

111 1393 346 1431 nuscontinud
357 1406 411 1440 per
431 1395 554 1430 litteras
574 1392 699 1429 nostras
721 1393 907 1438 praedistum
935 1390 1053 1427 Archi·-

115 1444 323 1489 Episcopus
338 1445 500 1481 consolari
519 1444 662 1484 curetis,
687 1444 721 1478 dc
741 1455 881 1479 omnem
889 1442 931 1477 ab
940 1443 1055 1478 animo

111 1495 189 1538 ejus.
207 1494 459 1530 amaritudinem
478 1495 513 1529 δε
532 1493 752 1538 suspicionem
773 1494 950 1534 tollentes,
975 1503 1053 1528 eum

39 1555 45 1561 ‘
111 1543 263 1588 peditto
285 1544 371 1590 Regi
389 1546 423 1579 in
445 1546 558 1590 primis
568 1543 770 1579 reconciliari
784 1568 796 1584 ,
821 1543 1057 1587 &plenamin-

110 1605 162 1629 ter
180 1605 238 1630 eos
259 1606 372 1639 pacem
392 1605 593 1638 componere
611 1594 816 1629 omnimodis
839 1591 1019 1627 intendatis
1045 1614 1057 1632 ,

111 1644 147 1680 ἀ
169 1653 292 1688 quanta
315 1644 465 1688 poteritis
475 1643 516 1678 ad
540 1643 839 1678 hocsollicitudine
859 1643 894 1677 ἀ
915 1642 1054 1688 diligen-

117 1694 166 1728 tia
177 1694 353 1729 elaboretis
372 1705 388 1726 :r
407 1693 451 1728 ita
463 1694 553 1738 quod
565 1693 624 1727 fibi
633 1694 669 1728 δε
679 1693 830 1728 Ecclefiae
847 1694 909 1727 suae
920 1694 1058 1736 antiqua

111 1743 182 1787 jura
204 1745 237 1778 δι
263 1742 738 1787 libenatesimegreeciffibate
757 1743 902 1776 servem.
930 1742 1005 1776 Nec
1015 1741 1053 1775 in

112 1800 196 1829 tetra
209 1793 306 1836 ipfius
325 1791 451 1835 aliquid
464 1814 476 1830 ,
502 1790 595 1833 quod
605 1798 772 1837 magnum*
788 1790 827 1823 fit
846 1790 997 1832 faciatis,
1019 1789 1057 1823 ἀ

112 1839 411 1886 in-Regnumejus
424 1863 435 1881 ‚
460 1839 482 1872 fi
504 1847 563 1874 vos
573 1837 824 1879 intrarevellet,
849 1834 942 1873 nussa
957 1837 1059 1873 ratio·

114 1901 158 1927 ne
176 1890 323 1931 intretis,
348 1890 407 1924 nisi
421 1887 549 1924 Archi·
561 1889 742 1934 Episcopus
762 1887 822 1923 sibi
843 1886 995 1932 primitus
1007 1887 1056 1922 in·

111 1941 202 1987 tegre
221 1940 450 1976 reconcilietur
461 1952 481 1972 .·*
499 1939 577 1984 quia
589 1936 683 1984 ἥιρει·
696 1938 836 1974 nobis&
849 1937 944 1973 vobis
952 1938 1057 1983 detra-

112 1992 244 2027 hemme
255 1990 432 2035 plurimum
443 2015 456 2032 ,
481 1989 516 2023 δι
535 1989 722 2024 communis
744 1999 819 2037 vox,
829 1988 983 2022 omnium
997 1986 1056 2021 ho·

110 2041 269 2077 aestatem
281 2040 415 2075 vestram
438 2039 569 2073 sinistris
587 2037 844 2074 detractionibus
863 2037 1018 2071 laceraret
1044 2062 1052 2069 .

115 2093 169 2128 De
192 2092 318 2135 Ioanne
338 2088 417 2125 vero
436 2089 562 2124 Cumin
585 2112 596 2128 ‚
621 2089 644 2122 si
670 2089 717 2123 ira
738 2088 805 2122 effe
829 2087 1020 2121 inveneritis
1044 2110 1056 2128 ,

112 2135 290 2177 distridem
309 2140 468 2186 justitiam
481 2138 626 2179 faciatis,
658 2139 705 2172 ira
726 2137 815 2181 quod
836 2136 895 2186 alii
913 2136 1056 2173 debeant

111 2192 132 2226 ὲ
153 2191 308 2226 similibus
331 2189 499 2225 deterreri.
529 2188 696 2223 Volumus
707 2198 816 2223 autem
830 2197 868 2223 ut
888 2188 924 2222 in
947 2187 1056 2224 omni·

113 2241 173 2276 bus
194 2241 320 2276 astibus
342 2241 378 2275 δε
397 2237 643 2282 operationibus
657 2238 770 2273 vestris
793 2235 1056 2282 circumscripte,

112 2292 147 2326 ἀ
170 2288 316 2331 mature,
343 2301 381 2324 ac
393 2287 528 2333 provide
544 2298 601 2323 vos
622 2286 770 2323 habeatis
783 2311 795 2328 ,
820 2288 868 2322 ita
887 2286 978 2333 quod
1000 2286 1055 2322 ad·

113 2341 222 2376 versus
234 2351 296 2374 nos
307 2339 400 2374 nulla
411 2338 507 2382 poffit
516 2336 726 2372 detractionis
746 2337 880 2372 materia
904 2336 1055 2382 subroga-

113 2391 141 2427 ri
161 2415 172 2433 ‚
197 2392 232 2426 δε
255 2388 389 2423 devotio
400 2388 568 2430 utriusque
579 2387 692 2432 Regni
707 2397 763 2430 per
776 2386 919 2421 studium
930 2387 964 2421 &
976 2397 1056 2421 con·

115 2441 330 2474 versationem
350 2436 485 2472 vestram
505 2436 591 2471 circa
609 2436 715 2472 nos&
739 2437 916 2472 Ecclesiam
937 2436 1054 2472 debeat

119 2491 320 2534 incr-’ii‘anter⁴
337 2486 471 2532 augeri,
494 2485 530 2520 δε
551 2486 645 2522 vobis
657 2485 776 2521 exinde
788 2498 938 2532 perpetua
950 2488 1055 2522 valeat

116 2541 185 2575 laus
209 2541 243 2574 dt
264 2538 369 2584 gloria
388 2537 584 2580 comparari.
609 2538 738 2573 Datum
764 2537 947 2579 Laterani,
997 2548 1055 2572 no-

114 2601 174 2628 nas
196 2590 282 2625 Maii
301 2613 309 2621 .

238 2683 650 2724 EPISTOLA
749 2685 912 2721 XXIV.

152 2789 279 2824 Thomae
310 2785 521 2827 cantuariensi
552 2782 818 2829 Archi-Episcopo
839 2783 1024 2820 thbelmus
1046 2816 1049 2820 ,

419 2839 453 2871 Θ
471 2841 542 2871 Otto
567 2836 752 2870 eardtnales
766 2860 773 2867 .

226 2917 435 2975 UNCIUM
461 2937 602 2972 vestrum
625 2936 805 2980 recepimus
828 2934 973 2982 benigne
990 2961 1003 2977 ,
1027 2936 1060 2971 δε

250 2988 373 3023 litteras
392 2989 592 3032 inspeximus
603 2986 742 3021 sollicite
755 3012 762 3019 .
791 2987 929 3021 Nuncio
940 2987 1078 3031 itaque„

118 3038 286 3072 &litteris
297 3038 394 3073 fidem
404 3038 619 3078 adhibentes,
644 3037 679 3072 δε
705 3038 896 3081 transcripta
918 3038 1060 3072 Domini

119 3087 215 3133 Papa
232 3087 411 3132 diligenter
422 3090 661 3123 conriderantes
675 3111 688 3129 ,
713 3087 875 3132 quantum
897 3087 932 3121 in
944 3087 1061 3122 delibe-

120 3139 248 3173 ratione
272 3136 398 3172 confilii
419 3138 519 3172 nostri
541 3137 688 3172 invenire
711 3137 899 3182 potuimus,
927 3149 996 3172 non
1018 3138 1061 3172 vi·

9 3200 13 3205 ·
63 3222 67 3224 λ
120 3188 239 3222 dentur
252 3188 312 3223 ista
324 3185 426 3222 modo
440 3189 526 3230 posse
544 3187 826 3223 utilitcrattentari
840 3212 851 3228 ,
877 3188 954 3222 cum
967 3189 1060 3222 exin-

120 3238 163 3272 de
174 3238 388 3272 correctionis
400 3237 449 3271 vel
475 3236 711 3273 emendationis
725 3241 793 3283 spes
803 3238 942 3273 minime
956 3238 1062 3272 videa-

120 3298 174 3322 tur
195 3288 283 3331 poffe
294 3286 406 3321 haberi
419 3312 426 3320 .
455 3287 547 3321 Bona
558 3287 750 3323 enim&res
771 3289 979 3324 Clericorum
1001 3289 1061 3322 fra-

121 3347 209 3371 trum
223 3337 419 3376 vestrorum,
447 3338 503 3379 qui
516 3336 681 3371 vobiscum
693 3340 790 3380 sunt,
816 3339 896 3374 sicut
920 3339 1024 3372 &vos
1049 3362 1060 3378 ‚

120 3397 158 3422 ut
177 3387 362 3428 credimus,
387 3386 469 3421 bene
490 3385 647 3428 novistis,
672 3389 827 3424 mandato
849 3389 961 3433 Regio
984 3388 1061 3423 deti·

118 3444 260 3474 nentur:
298 3436 393 3482 cujus
412 3437 561 3480 animus,
583 3435 618 3471 ἀ
637 3448 716 3478 cor,
737 3439 773 3474 dt
803 3439 985 3482 voluutas,
1009 3439 1072 3474 ita,

1110 444 1164 479 vel
1174 442 1327 487 ampliori
1349 443 1610 485 deliberatione,
1635 445 1656 478 si
1670 445 1809 480 inveniri
1831 456 1898 480 nou
1916 454 2048 494 poterit,

1111 493 1192 539 quid
1205 492 1258 528 vel
1269 493 1406 538 qualiter
1417 491 1618 538 inprzdi'ao
1629 496 1768 540 negotio
1779 495 1989 533 statuendum
2003 501 2052 541 fit,

1110 543 1282 579 Dominus
1303 543 1392 587 Papa
1413 545 1576 588 precipiat
1600 570 1608 577 .
1646 545 1824 594 Qantum
1843 548 1934 582 enim
1957 547 2054 584 nobis

1111 594 1239 629 videtur
1249 618 1260 636 ,
1287 592 1375 628 brevi
1387 594 1512 630 sarculo
1521 618 1533 637 ,
1557 594 1591 629 δι
1604 595 1736 630 modica
1747 596 1887 632 foffione
1898 609 2056 643 magnam

1109 646 1270 689 possemus
1277 644 1442 679 scissuram
1454 669 1466 686 ,
1477 645 1719 689 &profundam
1733 658 1902 690 praeparare
1912 650 2055 691 foveam,

1109 695 1127 729 ὲ
1139 706 1207 738 quo
1230 694 1344 729 saltem
1357 695 1459 738 usque
1474 694 1516 731 ad
1534 695 1771 731 conscientiam
1793 697 1937 733 Domini
1960 698 2056 744 Papae

1110 745 1212 780 tutius
1227 744 1274 779 est
1295 743 1460 780 abstinere
1474 770 1482 778 .

1258 842 1670 882 En-lsToLA
1771 845 1909 884 XXV.

1184 941 1306 978 rhomae
1315 945 1527 988 cantuar-tensi
1542 945 1631 980 Archi
1641 964 1653 972 -
1663 945 1808 992 Episcopo
1822 949 1856 992 J
1858 958 1973 984 oannes

1461 999 1481 1030 5
1483 996 1689 1040 ares‘berletfis
1699 1023 1707 1031 .

1218 1094 1279 1130 EC
1304 1093 1447 1139 priorum
1462 1107 1522 1131 nec
1533 1097 1840 1141 posteriorummihi
1854 1098 1958 1143 placet
1980 1107 2058 1132 con·

1204 1166 1206 1169 .
1240 1145 1352 1188 ceptio
1374 1146 1578 1188 litterarum,
1604 1159 1684 1192 ques
1702 1149 1744 1184 ad
1766 1150 1952 1184 Dominum
1964 1148 2058 1183 Wil*

1112 1193 1259 1228 helmum
1280 1196 1413 1230 mittere
1434 1197 1640 1232 decrevistis.-
1667 1198 1744 1244 quia
1770 1200 1867 1233 nimis
1889 1201 1991 1243 plena:
2010 1198 2059 1232 vi··

1112 1244 1229 1277 dentur
1241 1245 1479 1287 suspicionibus
1489 1269 1500 1286 ‚
1527 1247 1560 1280 &
1573 1249 1664 1290 supra
1675 1250 1811 1283 modum
1824 1249 1966 1283 dentosrs
1979 1248 2053 1283 sali-

1114 1292 1173 1326 bus
1192 1291 1361 1327 abundare
1378 1317 1386 1325 .
1414 1294 1542 1329 Timeo
1552 1295 1664 1336 enim,
1700 1301 1743 1331 ne'
1763 1300 1928 1332 temeritas
1950 1297 2058 1331 nostra

1112 1343 1148 1376 dc
1171 1341 1312 1376 illum&
1322 1342 1407 1377 alios
1428 1342 1526 1378 nobis
1547 1343 1758 1381 inimicantes
1778 1346 1951 1389 justificet.
1979 1346 2060 1382 Un-

1113 1391 1156 1426 de
1174 1392 1252 1426 cum
1265 1393 1300 1426 in
1322 1392 1502 1427 pictaviam
1521 1394 1672 1430 missurus
1687 1396 1786 1430 essem
1810 1395 1965 1431 Latorem
1988 1407 2059 1441 prae-

1114 1443 1273 1483 sentium,
1300 1453 1355 1487 per
1377 1453 1437 1479 vos
1449 1445 1620 1479 tranfitum
1642 1445 1749 1480 facere
1770 1446 1860 1490 jum,
1886 1456 1922 1480 ut
1945 1446 2060 1480 &sen-

1115 1491 1216 1526 tentia
1228 1502 1305 1525 mea
1321 1491 1416 1526 vobis
1434 1493 1638 1539 innotescat,
1664 1495 1864 1530 &Domino
1876 1496 2060 1529 Pistavien-

1115 1543 1136 1575 fi
1148 1563 1159 1580 ‚
1183 1541 1296 1585 siquid
1312 1542 1489 1585 placuerit,
1503 1554 1557 1586 per
1567 1554 1643 1578 eum
1655 1545 1785 1579 mittere
1796 1545 1948 1579 valeatis.
1977 1544 2059 1580 Esto

1116 1590 1219 1632 mihi,
1245 1591 1547 1627 aliam-Cardinales
1567 1594 1604 1627 in
1625 1593 1737 1638 primis
1754 1594 1972 1629 conveniendi
1996 1594 2060 1629 for-

1117 1651 1203 1675 mam
1216 1641 1387 1687 praeelegi,
1410 1643 1624 1686 qumquidem
1638 1644 1746 1678 vestrae
1757 1646 1900 1687 personae
1911 1645 2059 1679 eminen-

1117 1692 1197 1725 tiam
1220 1702 1293 1725 non·
1309 1691 1438 1726 deceret
1454 1699 1467 1733 ;'
1502 1692 1556 1725 sed
1574 1702 1685 1725 tamen
1707 1694 1895 1728 similiorem
1921 1694 2061 1729 arbitror

1116 1739 1337 1779 condecenti,
1363 1740 1409 1774 ita
1421 1748 1532 1773 tamen
1548 1739 1709 1783 pmelesta
1728 1741 1955 1787 intelligatur,
1981 1745 2004 1777 fi
2016 1744 2066 1778 di·

1117 1788 1274 1822 scretioni
1296 1787 1405 1822 vestrae
1415 1787 1553 1830 sederit,
1582 1800 1625 1824 ιιι,
1639 1790 1815 1834 procedat.
1843 1792 1989 1834 vestm,
2016 1793 2066 1827 in-

1116 1847 1236 1881 quam,
1261 1835 1337 1881 quia
1362 1837 1613 1874 nolontsensus
1624 1840 1789 1882 insulsus,
1813 1842 2066 1878 &ariditaslin-

1115 1897 1187 1931 guae
1210 1898 1289 1922 meae
1305 1889 1340 1921 in
1363 1889 1473 1923 vestrae
1496 1889 1655 1924 clientelae
1676 1891 1799 1932 risum,
1837 1892 1873 1926 &
1893 1893 2065 1936 opinionis

1117 1948 1195 1972 meae
1213 1935 1423 1982 dispendium
1446 1937 1630 1982 publicetur
1651 1965 1660 1973 .
1695 1940 1777 1974 Non
1809 1941 1996 1984 displicebit
2015 1953 2065 1978 ta-

1117 1998 1193 2021 men
1208 2010 1219 2026 ,
1247 1988 1270 2020 fi
1284 1989 1382 2033 errori
1401 1998 1477 2022 meo
1501 1989 1780 2033 compatientibus
1804 1991 1995 2026 Lombardo
2017 1994 2066 2027 se-

1116 2036 1234 2071 cretius
1244 2036 1451 2078 innotuerit,
1476 2039 1511 2072 ἀ
1525 2039 1735 2074 Alexandro.
1766 2039 1860 2075 Alter
1869 2043 1958 2076 enim
1971 2042 2064 2077 Prin·

1116 2096 1189 2130 ceps
1209 2097 1301 2121 meus
1315 2087 1397 2128 nst,
1425 2088 1506 2123 alter
1526 2100 1583 2123 aut
1602 2090 1716 2125 Frater
1747 2090 1888 2126 Ordinis
1921 2093 2022 2126 nostri
2048 2118 2061 2135 ,

1116 2146 1172 2172 tut
1185 2138 1340 2171 amicus.-
1356 2137 1410 2172 Ee
1428 2139 1587 2183 siquidem
1608 2139 1803 2175 conditione
1825 2140 1913 2176 emisi
1927 2142 2062 2184 litteras,

1116 2196 1152 2221 ut
1177 2186 1199 2222 fi
1224 2185 1321 2221 vobis
1341 2188 1524 2230 placuerint
1545 2215 1556 2231 ,
1583 2191 1836 2236 progrediantur
1854 2192 1896 2226 ad
1922 2191 2063 2235 Episco-

1116 2245 1195 2280 pum
1207 2235 1462 2271 pictaviensem.
1491 2240 1535 2273 Et
1557 2240 1623 2274 sici
1647 2240 1751 2276 visum
1766 2241 1862 2277 fuerit
1882 2242 2064 2286 expedire,

1117 2286 1339 2330 pertranseant
1360 2286 1401 2320 ad
1412 2286 1624 2331 Cardinales,
1652 2291 1833 2326 immutato
1846 2301 1956 2327 tamen
1970 2301 2060 2334 ante,

1115 2337 1137 2370 si
1149 2336 1230 2380 quid
1249 2335 1428 2371 decreverit
1444 2336 1709 2375 immutandum.
1734 2340 1900 2388 Alioquin
1912 2342 1948 2378 in
1959 2341 2061 2379 domo

1116 2387 1216 2422 vestra
1232 2385 1284 2421 vel
1305 2385 1395 2422 illius
1405 2384 1524 2423 dentur
1533 2389 1692 2426 incendio
1703 2415 1712 2425 .

1239 2484 1652 2524 EPISTOLA
1752 2487 1915 2523 xxV1.

1242 2589 1374 2632 ,Ioanni
1397 2583 1586 2627 Pidavtenfi‘
1601 2584 1751 2630 Episcopo
1779 2596 1913 2634 Joannes

1465 2635 1694 2679 saresberienfis
1708 2658 1718 2670 .

1121 2732 1515 2851 INSCR1PT10N18
1539 2736 1800 2772 mutataecauffas
1810 2732 1943 2774 reddere
1954 2739 2060 2784 super-

1202 2786 1306 2820 fluum
1324 2794 1404 2828 puto
1416 2808 1435 2826 ,-
1452 2784 1530 2820 cum
1538 2786 1747 2834 perspicuum
1759 2788 1798 2822 fit
1820 2789 1992 2832 prtsertim
2010 2792 2059 2825 sat·v

1202 2837 1305 2881 pienti
1318 2860 1328 2876 ,
1353 2836 1512 2878 quoniam
1526 2836 1655 2871 malitia
1674 2839 1832 2882 temporis
1854 2839 1888 2873 dt
1909 2838 2063 2875 insidian-

1119 2886 1205 2921 tium
1226 2885 1396 2930 vigilantia
1427 2894 1537 2930 praeter
1566 2898 1690 2922 morem
1712 2889 1848 2923 scribere
1869 2900 1992 2934 cogant
2025 2891 2058 2925 δε

1119 2947 1234 2973 contra
1246 2934 1427 2970 rationem.
1454 2936 1700 2982 Indulgendum
1722 2939 1766 2972 est
1789 2950 1869 2984 ergo
1897 2940 2060 2975 neceffita-

1120 2987 1170 3028 ti,
1195 2986 1218 3019 s1
1242 2996 1312 3021 non
1334 2985 1476 3020 defertur
1496 2984 1637 3022 honori.
1666 2988 1740 3022 Nec
1759 2986 1877 3024 habere
1899 2990 1995 3024 debet
2011 2990 2059 3023 su-

1122 3035 1301 3079 spicionem
1323 3035 1469 3079 injuriae,
1498 3036 1551 3071 cui
1573 3038 1746 3081 conspicua
1758 3039 1950 3084 suffragatur
1973 3040 2059 3074 ratio

1121 3086 1232 3120 cauffae
1251 3085 1448 3131 approbatae.
1479 3086 1584 3122 Unde
1598 3087 1675 3122 vero
1698 3091 1904 3134 praesumptio
1931 3089 2058 3124 videtur

1119 3136 1222 3170 officii
1244 3135 1388 3171 intulifl'e
1408 3136 1614 3180 dispendium
1629 3161 1639 3176 ,
1667 3137 1743 3173 iud'e
1762 3139 1905 3174 charitas
1927 3138 2058 3174 neceffi·

1121 3187 1198 3221 tatis
1218 3187 1335 3221 arctata
1355 3185 1489 3221 stimulo
1508 3187 1640 3230 suscipit
1660 3188 1900 3225 incrementum
1931 3214 1939 3221 .
1966 3187 2056 3221 Nam

1119 3237 1155 3272 &
1176 3237 1319 3271 fornacis
1331 3236 1655 3282 augenturin'cendia
1668 3262 1679 3279 ,
1704 3239 1726 3272 si
1741 3239 1775 3273 in
1788 3239 1933 3272 flammas
1954 3246 2059 3287 erum·

1121 3297 1194 3330 pere
1207 3285 1441 3330 prohibentur.
1471 3287 1513 3320 Et
1539 3297 1576 3321 ut
1598 3298 1733 3331 experto
1751 3288 1900 3322 credatur
1923 3285 2058 3321 Antho-

1121 3337 1169 3370 ri:
1196 3338 1321 3380 ,Quanta
1338 3336 1411 3377 plus
1433 3342 1544 3380 tegitur
1569 3337 1665 3370 tec‘lus
1686 3343 1783 3381 magis
1809 3336 1915 3377 aestuat
1933 3341 2014 3380 ignis
2040 3358 2049 3368 .

1123 3387 1164 3420 Et
1176 3387 1255 3421 ficut
1266 3385 1321 3419 hic
1333 3385 1367 3418 in
1379 3395 1475 3420 motu
1487 3387 1611 3430 semper
1632 3388 1771 3420 versatur
1789 3409 1801 3426 ,
1827 3385 1862 3419 ἃ.
1885 3384 2058 3430 impatiens

1104 3437 1166 3473 ‚est
1178 3435 1320 3482 quietis,
1346 3435 1392 3475 ita
1403 3433 1541 3471 charitas
1556 3436 1616 3470 otii
1638 3435 1744 3470 nescia
1757 3458 1769 3477 ,
1793 3434 1915 3482 jugiter
1933 3435 2059 3471 officio-

1957 3486 2016 3527 sa,
