2358 3776
308 176 423 216 Frater
439 178 542 214 Archi
555 176 752 221 ·Episcope,
778 176 813 211 in
834 175 962 221 propria
983 174 1157 210 Provincia
1183 186 1237 218 po·

306 231 438 269 tuisset,
466 226 637 271 quomodo
649 238 755 262 tamen
769 227 802 260 in
812 226 915 261 aliena
926 223 1123 265 Provincia,
1148 225 1180 258 ὅ(
1205 224 1238 258 il·

305 279 370 315 lius
383 279 538 323 praecipue
549 274 571 322 ,ᾗ
586 279 641 323 qui
651 278 782 312 exulare
794 288 850 320 pro
860 278 981 319 justitia
995 299 1005 314 ,
1015 275 1048 308 δι
1058 274 1125 308 fere
1139 275 1240 314 iolus,

306 331 396 365 exire
407 331 531 369 voluit,
557 327 687 377 &Xdare
708 328 846 372 gloriam
869 326 966 362 Deo,
992 324 1050 360 tibi
1076 326 1203 359 licuerit
1230 347 1241 364 ‚

303 390 366 414 nec
386 379 428 414 de
439 383 563 415 ratione
573 379 735 423 possumus
749 386 810 409 nec
828 374 870 407 de
892 375 1080 408 Sanaorum
1105 375 1236 410 Patrum

302 429 595 469 constitutionibus
605 430 750 461 inveni-re
763 448 770 456 .
795 422 897 470 Qod
909 425 929 456 si
943 426 982 456 ad
994 426 1235 459 excusationem

303 489 403 516 tantae
423 475 694 524 praevaricationis
715 474 883 518 quisquam
910 474 1046 516 objiciat
1072 497 1084 514 ,
1110 478 1142 508 in
1170 475 1238 509 aliis

304 541 437 574 quoque
454 529 580 571 Regnis
591 527 703 570 gravia
718 526 853 568 plurima
865 525 898 558 r&
918 525 1066 558 enoimia
1086 532 1225 567 perpetra

297 574 352 621 ri,
380 592 414 613 in
428 579 560 611 veritate
575 577 739 619 possumus
757 575 970 617 respondere,
997 573 1084 616 quod
1111 575 1235 608 nullum

299 629 406 667 adhuc
432 628 586 671 Regnum
611 628 645 661 in
668 635 799 661 tantum
821 624 952 658 Divina:
975 623 1073 670 Legis
1095 635 1232 658 contem·

299 690 393 724 ptum
408 677 593 711 invenimus
609 676 762 711 corruisie
777 701 786 716 ‚
813 687 843 707 υ(
861 675 983 716 scriptis
995 676 1027 709 ἀ
1047 676 1235 717 iuramentis

298 730 538 774 Episcoporum
573 737 641 762 tam
680 724 863 760 manifestas
885 727 1096 760 enormitates
1126 726 1234 760 fecerit

304 779 525 814 communiri.
552 778 624 812 Nili
661 777 828 820 quisquam
861 775 942 810 illud
966 775 1170 820 impudenter
1195 776 1234 808 al·

301 829 390 874 leget
427 852 438 869 ‚
464 827 553 871 quod
585 826 781 863 schismatici
800 825 1010 869 postmodum
1035 847 1046 866 ‚
1066 825 1104 861 ,δε
1125 825 1143 860 a
1164 825 1238 861 fide·

300 880 383 913 lium
395 879 633 912 communione
648 876 764 921 praecisl
789 877 935 909 inaudita
946 876 977 910 ὅ(
990 876 1175 909 damnabili
1191 879 1235 908 su>

299 928 408 975 perbia
421 930 654 964 commiserunt
667 952 675 960 .
705 925 809 962 Unde
823 925 897 970 quia
907 926 996 969 juxta
1013 924 1146 960 verbum
1162 925 1234 959 Pro-

298 978 403 1023 phetae
425 1004 436 1021 ,
464 980 585 1013 fartum
610 978 653 1011 est
681 979 713 1011 in
741 977 832 1011 vobis
854 979 1034 1019 perversum
1053 975 1133 1023 quid
1157 976 1236 1008 ultra

297 1040 415 1064 omnes
436 1029 517 1062 alias
541 1028 731 1062 Provincias
755 1038 784 1060 ·n
810 1025 1072 1071 usurpationibus
1094 1028 1176 1065 suas,
1205 1028 1234 1060 δι

298 1079 375 1123 post
396 1088 460 1113 tam
474 1080 600 1119 iniquas
623 1076 876 1112 consuetudines
894 1076 1076 1120 juramento
1100 1075 1238 1108 firmata«

305 1139 373 1162 non
388 1127 549 1171 adjecistis
567 1129 859 1162 resumerelrutum
872 1128 947 1161 fidei
961 1152 970 1166 ‚
999 1137 1033 1160 ut
1047 1126 1170 1160 staretis
1183 1137 1240 1169 pro

296 1179 414 1215 Domo
428 1178 567 1213 Domini
593 1179 626 1212 in
649 1179 703 1213 die
725 1179 847 1221 praelii,
876 1178 928 1212 sed
953 1177 1104 1220 posuistis
1125 1186 1239 1220 corpus

296 1231 436 1263 vestrum
459 1230 491 1262 in
506 1240 610 1268 terra,
636 1239 670 1262 ut
700 1240 753 1272 per
770 1239 828 1262 vos
855 1229 1010 1262 fieretvia
1026 1228 1202 1260 transeunti
1232 1251 1239 1257 .

297 1273 381 1314 Nefi
395 1279 518 1314 diutius
531 1278 726 1313 tacuerimus
738 1303 747 1318 ,
775 1289 837 1311 una
853 1276 1019 1311 vobiscum
1034 1277 1068 1310 in
1083 1278 1135 1310 die
1160 1277 1238 1318 judi—

293 1329 338 1365 cii
357 1329 578 1363 damnationis
600 1329 758 1361 sententia
784 1329 991 1360 involvamur
1005 1350 1016 1365 ‚
1041 1325 1240 1360 authoritate

295 1380 511 1417 Sacrosanstae
536 1377 715 1416 Romanae,
741 1378 794 1410 cui
819 1376 895 1410 Deo
921 1378 1060 1410 authore
1083 1377 1237 1408 ministra-

294 1440 384 1466 mus,
418 1427 567 1460 Ecclesia
589 1450 599 1465 ,
625 1426 665 1458 ab
688 1427 779 1458 omni
803 1426 917 1457 officio
955 1425 1159 1466 Episcopalis
1183 1435 1242 1458 vos

291 1475 728 1520 suspendimusdigniratis,
755 1474 917 1515 sperantes
944 1473 1034 1516 quod
1063 1471 1120 1505 sub
1141 1474 1239 1507 disci-

296 1528 385 1572 plina
411 1526 522 1559 saltem
548 1525 579 1558 dc
607 1533 742 1567 paterno
769 1520 898 1556 verbere
918 1521 1114 1562 constituti,
1141 1522 1243 1557 redire

292 1577 426 1618 tandem
439 1575 479 1610 ad
492 1587 547 1609 cor
559 1598 571 1615 ,
597 1575 629 1608 ἀ
641 1572 682 1606 de
696 1575 816 1607 tuenda
829 1571 973 1606 debeatis
997 1571 1148 1606 libertate
1162 1573 1242 1607 sata·

298 1639 395 1674 gere.
422 1626 455 1661 si
471 1629 548 1660 vero
560 1636 620 1658 nec
643 1623 685 1656 fic
711 1623 915 1666 Episcopalis
936 1622 1038 1655 officii
1063 1622 1172 1662 zelum
1198 1634 1242 1657 re—

298 1678 498 1722 sumpseritis
510 1701 520 1716 ,
548 1687 609 1709 nos
620 1674 726 1708 adhuc
739 1672 876 1707 authore
891 1672 1044 1706 Domino
1060 1696 1070 1712 ,
1081 1674 1171 1716 quod
1186 1684 1241 1707 no·

296 1728 345 1767 bis
371 1727 546 1764 imminet,
575 1725 733 1757 faciemus
746 1748 753 1754 .
781 1721 854 1756 vos
877 1721 982 1756 videte
995 1733 1035 1756 rie
1054 1722 1136 1757 illud
1149 1723 1243 1758 vobis

300 1779 432 1814 dicatur
447 1801 458 1817 ‚
484 1771 572 1818 quod
586 1773 851 1807 cuidamdictum
874 1772 917 1804 est
934 1783 986 1813 per
1004 1771 1203 1814 prophetam
1232 1784 1242 1803 ι

285 1832 384 1873 'Quia
394 1837 426 1859 tu
441 1824 603 1868 scientiam
626 1824 777 1863 repulisti,
807 1821 950 1864 repellam
978 1830 1007 1854 te
1021 1832 1057 1855 ne
1078 1823 1244 1862 sacerdotio

290 1879 434 1923 fungaris
446 1873 538 1907 mibi.
569 1874 643 1907 Nos
655 1882 747 1906 enim
758 1872 836 1914 quia
857 1871 969 1906 locum
995 1870 1106 1911 illius,
1132 1872 1207 1906 Deo
1232 1895 1243 1912 ,

293 1939 392 1974 prout
407 1926 462 1969 ipsi
485 1925 629 1968 placuit,
656 1922 855 1964 disponente
878 1944 889 1960 ,
917 1919 1138 1969 conspicimur
1158 1921 1238 1954 obti-

298 1989 395 2018 nere,
424 1976 508 2018 quia
524 1972 754 2018 praedicatione
769 1969 857 2005 verbi
872 1971 938 2006 Dei
953 1981 1014 2004 nec
1037 1969 1242 2010 verberibus,

291 2041 353 2065 nec
366 2025 505 2061 vinculis
514 2024 627 2067 potuit
641 2023 805 2061 coerceri,
836 2032 903 2055 non
916 2018 1073 2054 debemus
1101 2018 1158 2054 sub
1179 2031 1243 2053 am-

295 2079 395 2124 bigua
406 2074 643 2118 exspectatione
659 2073 747 2117 pacis
757 2070 915 2106 creditam
931 2070 1029 2106 nobis
1042 2070 1163 2104 Divini
1180 2080 1245 2103 ver-

295 2130 331 2164 bi
351 2127 526 2171 pecuniam
539 2135 696 2168 reponere
715 2123 749 2157 in
764 2122 892 2157 sudario
904 2145 915 2161 ,
942 2121 976 2156 &
988 2120 1159 2165 alligatam
1170 2131 1241 2155 eam

295 2178 427 2214 tamdiu
446 2178 588 2215 servare,
613 2173 721 2207 donec
734 2172 891 2217 paulatim
915 2169 1061 2206 lucrandi
1083 2170 1165 2205 hora
1190 2172 1241 2204 de·

298 2239 407 2263 currat
424 2250 436 2266 ,
460 2227 493 2261 &
505 2225 646 2260 creditor
658 2224 793 2258 veniens
806 2233 866 2259 nos
877 2220 1051 2263 conveniat
1060 2222 1101 2254 de
1111 2220 1240 2255 redden-

293 2280 333 2315 da
348 2278 490 2311 ratione.
519 2277 646 2312 Datum
657 2274 826 2312 Ferentini
849 2272 982 2309 decimo
1006 2272 1100 2304 sexto
1125 2268 1242 2303 Calen—

294 2327 353 2364 das
364 2323 539 2363 octobris.

421 2408 830 2462 εΡιέΤοιΑ
907 2416 1114 2456 varii.

296 2525 468 2565 Alexander
481 2526 568 2565 Papa
580 2518 778 2562 Londom‘enfi
786 2520 819 2555 ἴθ’
832 2517 1044 2561 Saresberlenfi
1053 2521 1105 2561 Ep
1111 2507 1213 2560 iscopls
1229 2542 1236 2550 .

298 2623 587 2738 QUAMVIS
612 2633 697 2657 curae
707 2619 881 2656 Pastoralis
891 2616 1037 2654 officium
1060 2618 1094 2653 δε
1119 2618 1152 2651 in
1169 2619 1232 2653 sua-

418 2684 517 2708 vitate
527 2673 614 2711 olei,
637 2672 718 2705 &in
732 2671 916 2704 auiterirate
931 2668 998 2703 vini
1014 2678 1074 2702 nos
1083 2679 1230 2712 oporteat

420 2735 570 2760 exercere
581 2747 592 2764 ,
618 2722 650 2758 ἀ
664 2719 714 2756 his
724 2721 778 2766 qui
802 2719 922 2755 subesse
945 2719 1120 2759 videntur,
1143 2729 1230 2754 nunc

296 2778 409 2814 mollia
420 2801 430 2818 ,
458 2785 547 2808 nunc
558 2773 636 2806 dura
650 2781 828 2814 proponere
842 2794 853 2810 ,
879 2770 912 2803 in
936 2769 1107 2804 voluntate
1120 2779 1227 2809 rameri

297 2829 404 2865 nostra
419 2825 495 2859 esset
506 2836 543 2858 ac
555 2820 714 2856 desiderio
727 2843 736 2859 ‚
763 2831 798 2853 ut
808 2821 841 2853 in
856 2819 1010 2854 omnibus
1024 2844 1034 2859 ‚
1061 2820 1095 2854 &
1110 2821 1214 2863 praeser

297 2881 359 2916 tim
373 2879 404 2910 in
416 2873 582 2910 Fratribus
593 2872 626 2905 ἃ
641 2871 702 2905 Co-
709 2869 876 2913 Episcopis
888 2869 1003 2903 nostris
1022 2869 1065 2903 ita
1084 2870 1184 2904 totius
1197 2873 1225 2904 se

297 2923 496 2966 subtraheret
518 2921 712 2957 austeritatis
732 2920 859 2953 occasio
870 2945 880 2960 ‚
906 2931 942 2954 ut
965 2921 1087 2961 semper
1114 2930 1170 2954 eos
1193 2922 1225 2955 ἃ

298 2979 485 3015 confortare
501 2973 535 3006 in
548 2971 657 3010 bono,
683 2970 717 3006 &
727 2969 890 3004 exhortari
910 2970 949 3004 ad
964 2970 1079 3004 melius
1094 2969 1221 3004 blandis

298 3023 508 3065 solummodo
525 3022 718 3057 &dulcibus
729 3019 937 3054 deberemus.
967 3020 1055 3066 Qiia
1082 3031 1157 3054 vero
1181 3032 1223 3055 re·

298 3079 489 3124 frigescente
498 3072 655 3108 charitate
666 3073 845 3106 multorum
854 3092 865 3111 ,
891 3070 924 3103 ὃ(
936 3069 1123 3104 abundante
1136 3072 1222 3105 mali·

300 3130 346 3165 tia
357 3128 398 3162 eo
412 3124 593 3160 infelicium
607 3131 789 3166 temporum
801 3119 918 3155 horum
939 3121 1086 3162 processit
1109 3122 1223 3163 iniqui-

299 3189 348 3215 tas
361 3203 372 3220 ‚
398 3187 434 3211 ut
445 3174 588 3209 hieriam
600 3175 655 3216 qui
669 3172 708 3206 ad
721 3171 874 3206 ducatum
886 3169 1054 3204 constituri
1069 3172 1142 3203 sunt
1155 3195 1164 3211 ‚
1192 3172 1222 3205 ὅ(

299 3231 444 3274 regimen
457 3226 594 3264 aliorum
607 3246 619 3262 ‚
645 3223 700 3256 vix
712 3221 885 3264 aliquoties
898 3221 930 3254 in
942 3220 1036 3253 omni
1059 3220 1226 3255 severitate

301 3281 319 3315 a
330 3281 392 3313 suis
403 3273 625 3311 voluntatibus
636 3281 826 3306 revocentur
839 3294 850 3310 ,
871 3280 985 3305 contra
995 3280 1051 3303 eos
1062 3270 1223 3304 interdum

302 3331 426 3372 virgam
435 3326 584 3372 cogimur
594 3322 766 3358 extendere
776 3320 954 3362 disciplinae
964 3343 976 3359 ‚
1001 3330 1083 3363 quos
1105 3320 1145 3353 ad
1158 3333 1224 3354 cor·

302 3379 477 3413 senionem
504 3376 642 3408 aliorum
668 3371 829 3414 adjutores
866 3368 981 3403 habere
1006 3369 1193 3404 deberemus
1223 3396 1230 3403 .

305 3425 398 3474 Qiid
411 3426 484 3459 sane
494 3425 591 3459 causz
601 3420 817 3461 venerabilem
828 3419 971 3455 Fratrem
980 3419 1125 3456 nostrum
1133 3419 1226 3458 Tho-

1006 85 1558 137 EPISTOLAE
1620 101 1666 104 ·’

1301 180 1403 247 larana
1413 174 1683 213 Cantuariensem
1697 173 2011 223 Archi-Episcopum
2023 204 2034 223 ,
2052 181 2143 218 Sedis
2157 180 2247 227 Apo·

1317 223 1433 261 stolicae
1443 227 1606 271 Legatum
1619 226 1637 260 a
1649 226 1729 261 Sede
1742 227 1797 261 sua
1808 227 1938 267 exulare
1946 232 2138 272 compulerit
2149 257 2161 274 ,
2175 245 2243 268 non

1317 286 1444 319 oportet
1466 276 1581 310 litteris
1601 275 1807 319 presentibus
1826 268 2007 320 ahumai-e,
2032 283 2187 324 quoniam
2210 283 2246 318 δε

1319 336 1376 360 vos
1387 327 1623 369 praescnrialirer
1634 327 1800 369 aspexistis
1812 350 1822 367 ‚
1846 325 1882 365 ἀ
1894 338 1947 372 per
1959 338 2063 364 totam
2074 329 2138 364 fere
2148 334 2245 368 Occi·

1318 376 1477 411 dentalem
1491 377 1664 410 Ecclesiam
1678 377 1762 411 fama
1773 378 1908 413 celebris
1916 378 2101 424 divulgavit
2114 404 2122 412 .
2135 378 2180 414 Et
2187 392 2245 426 pro

1320 426 1386 468 ipso
1398 428 1529 470 quidem
1543 428 1582 460 ad
1595 426 1783 461 Creatorem
1798 428 1941 463 nostrum
1955 429 1989 462 in
2014 440 2195 465 commune
2203 441 2250 466 re·

1319 476 1431 509 sonare
1440 477 1535 516 debet
1546 477 1724 523 gratiarum
1736 477 1821 513 actio
1832 502 1843 519 ‚
1869 479 1903 512 ἀ
1915 488 1980 513 vox
1992 478 2097 514 laudis
2109 503 2120 520 ,
2142 480 2199 522 qui
2210 491 2247 516 ur

1317 525 1475 561 credimus
1488 551 1499 569 ,
1526 538 1658 561 vexatus
1669 527 1702 560 in
1721 529 1831 572 paucis
1841 550 1852 567 ‚
1879 528 1912 563 in
1924 529 2034 564 multis
2045 529 2129 565 bene
2140 530 2250 574 dispo·

1321 586 1433 615 netur,
1458 578 1614 618 quoniam
1636 578 1726 611 Deus
1748 579 1887 613 tentavit
1907 579 2002 614 illum
2028 603 2040 621 ,
2064 580 2099 615 ἀ
2119 580 2249 615 invenit

1317 626 1455 669 d2gnum
1467 627 1516 660 se.
1543 628 1596 662 De
1611 628 1703 663 vobis
1713 638 1821 663 autem
1842 639 1910 662 non
1935 630 2003 664 sine
2027 629 2248 665 admiratione

1318 676 1448 710 ferimus
1466 700 1478 718 ,
1504 675 1592 722 quod
1608 679 1718 722 spiriru
1741 678 1972 722 compassionis
1993 680 2128 722 amisso,
2154 679 2174 714 a
2195 678 2247 715 tri·

1319 727 1488 761 bulatione
1502 729 1597 771 ipsius
1607 728 1651 763 ita
1665 729 1881 763 miserationis
1899 730 2034 764 oculum
2047 728 2206 765 avertistis
2236 755 2248 772 ,

1317 786 1349 808 ut
1362 776 1469 810 dicere
1482 779 1646 820 potuerit,
1672 780 1759 822 quod
1772 780 1886 813 virille
1897 779 1996 823 justus
2016 781 2049 814 δε
2074 780 2247 816 timoratus

1315 825 1377 868 Job
1391 827 1472 860 inter
1483 827 1609 872 flagella
1622 830 1740 872 positus
1754 829 1945 874 querebatur
1953 829 2065 864 dicens
2081 842 2088 863 :
2115 834 2245 865 Fratrea

1315 882 1369 909 mei
1375 884 1586 919 praeterierunt
1600 890 1664 918 me,
1687 879 1759 920 ficut
1771 890 1886 913 torrens
1897 904 1908 920 ,
1933 885 1985 923 qur·
2001 885 2114 922 raptim
2138 880 2202 920 stult
2213 887 2247 915 ln

1311 927 1510 961 convallibus.
1540 927 1672 963 Poterat
1686 928 1778 962 vobis
1789 930 1862 964 satis
1875 930 1992 966 Divini
2007 930 2124 973 judicii
2148 941 2248 966 terroe

1313 988 1377 1009 rem
1390 978 1554 1019 incutere,
1581 979 1670 1022 quod
1685 989 1753 1014 non
1766 980 1953 1013 ascendistis
1963 992 2004 1014 ex
2016 980 2149 1015 adverso
2161 1004 2173 1021 ,
2184 993 2246 1016 nec

1313 1027 1462 1067 posuistis
1475 1039 1532 1062 vos
1555 1038 1682 1062 murum
1696 1052 1707 1069 ,
1734 1039 1769 1061 ut
1784 1029 1908 1062 staretis
1919 1040 1977 1072 pro
2000 1031 2115 1065 Domo
2131 1031 2250 1066 Domi-

1312 1089 1343 1108 ni
1359 1089 1390 1109 in
1405 1078 1456 1110 die
1471 1078 1567 1120 praelii
1580 1102 1592 1119 ‚
1616 1078 1704 1122 quod
1716 1079 1790 1112 fasti
1802 1079 1878 1113 estis
1891 1079 1972 1112 sicut
1982 1079 2099 1113 arietes
2111 1080 2246 1115 nonha-

1310 1126 1421 1161 benres
1431 1139 1551 1161 cornua
1568 1138 1644 1162 ante
1655 1129 1774 1162 faciem
1797 1128 2041 1172 subsequentis.
2069 1128 2144 1164 Vos
2164 1130 2250 1164 insu·

1310 1179 1405 1214 periri
1420 1189 1493 1211 eum
1507 1201 1518 1217 ‚
1544 1178 1600 1221 qui
1613 1189 1696 1212 unus
1708 1179 1749 1213 de
1771 1187 1861 1213 tanta
1886 1178 2102 1213 multitudine
2125 1178 2249 1215 zelatus

1307 1227 1347 1259 etl
1363 1227 1486 1271 Legem
1498 1228 1662 1269 Domini,
1689 1228 1894 1263 convertistis
1918 1228 2061 1272 praelium
2076 1252 2087 1270 ,
2110 1228 2144 1264 ὅ(
2168 1230 2250 1264 sicut

1307 1278 1350 1309 ait
1374 1276 1537 1320 Propheta
1553 1302 1564 1319 ,
1601 1279 1738 1322 desuper
1762 1279 1908 1313 tunicam
1931 1278 2109 1314 abstulistis
2130 1279 2164 1314 δε
2184 1280 2250 1322 μιν

1307 1326 1386 1359 lium
1402 1349 1409 1358 .
1437 1327 1524 1361 Cum
1551 1328 1640 1360 enim
1669 1328 1762 1361 bonae
1789 1331 1953 1363 memoriae
1989 1326 2212 1366 Theobaldus
2236 1354 2248 1371 ,

1306 1377 1507 1417 praedeceffor
1528 1376 1671 1419 ejusdem
1695 1374 1820 1410 Archi·
1834 1377 1988 1421 Episcopi
2010 1401 2021 1417 ,
2060 1378 2247 1414 charissimo

1306 1426 1394 1458 Filio
1408 1426 1518 1458 nostro
1531 1426 1680 1458 Henrico
1691 1426 1878 1469 Anglorum
1894 1427 1980 1470 Regi
1994 1427 2160 1462 Coronam
2178 1449 2190 1467 a
2211 1430 2249 1463 fi·

1306 1484 1360 1507 cut
1382 1473 1525 1514 dici.ur,
1554 1474 1743 1516 imposuerit
1766 1497 1778 1514 ,
1815 1474 1891 1508 cum
1926 1474 2028 1508 eriam
2053 1475 2246 1513 Anteceffor

1307 1526 1402 1566 ipsius
1416 1523 1517 1567 Regis
1528 1523 1695 1558 abeodem
1719 1523 1888 1558 Coronam
1918 1524 2102 1567 acceperit,
2128 1536 2167 1559 ac
2192 1536 2248 1568 per

1307 1572 1370 1607 hoc
1382 1572 1625 1607 Canruariensis
1640 1574 1775 1608 Ecclesia
1791 1574 1879 1619 quasi
1895 1574 2122 1616 possessionem
2145 1573 2244 1618 hujus

1305 1623 1477 1667 dignitatis
1492 1623 1622 1658 haberet
1634 1646 1645 1662 ‚
1662 1634 1718 1657 vos
1730 1634 1818 1658 nunc
1831 1625 1908 1658 novi
1926 1625 2030 1669 Regis
2043 1624 2245 1660 Coronatio-

1308 1674 1392 1707 nico
1403 1674 1603 1717 irrequisito,
1631 1675 1663 1707 in
1676 1673 1852 1708 Provincia
1864 1674 1934 1718 ejus
1947 1698 1959 1715 ,
1983 1674 2200 1710 ministerium
2213 1675 2249 1711 liz

1308 1721 1343 1757 ve
1370 1724 1531 1758 assensum
1559 1725 1696 1758 vestrum
1725 1726 1884 1768 praebere,
1911 1723 2008 1760 nobis
2045 1722 2248 1760 authoritate·

1307 1772 1497 1815 Apostolica
1511 1775 1545 1808 ἀ
1559 1775 1674 1808 litteris
1699 1773 1951 1814 inhibentibus,
1973 1773 2212 1818 praesumpsistis
2239 1798 2250 1816 ‚

1307 1821 1349 1854 Et
1359 1823 1567 1866 quirelevare
1582 1824 1674 1865 ipsius
1685 1823 1820 1857 exilium
1845 1823 2143 1868 qualibuscumque
2168 1824 2249 1858 sola.-

1305 1873 1360 1905 tiis
1379 1870 1553 1913 debuistis,
1583 1871 1779 1916 aggravastis
1805 1873 1915 1915 potius
1937 1875 2067 1907 causam
2090 1873 2182 1916 ejus,
2207 1873 2245 1908 &

1307 1923 1396 1963 super
1408 1921 1558 1956 dolorem
1573 1923 1744 1955 vulnerum
1757 1921 1873 1966 ipsius,
1899 1923 1989 1966 quod
2004 1932 2177 1958 moerentes
2199 1925 2248 1960 di·

1306 1981 1431 2010 cimus,
1457 1970 1647 2005 addidistis.
1675 1971 1794 2014 inquo
1817 1972 1904 2006 fasto
1919 1995 1930 2012 ,
1955 1972 1978 2005 si
2003 1983 2120 2008 contra
2142 1974 2249 2018 perso,-

1309 2030 1363 2053 nas
1376 2020 1490 2053 vestras
1500 2044 1510 2061 ,
1539 2030 1606 2054 non
1619 2020 1777 2064 quantum
1790 2022 1885 2064 culpa
1898 2022 2004 2066 exigit
2016 2046 2028 2063 ,
2038 2033 2245 2064 moveamur.

1308 2070 1474 2111 pertansire
1485 2080 1594 2104 tamen
1615 2068 1679 2105 hoc
1693 2069 1750 2104 sub
1765 2067 1897 2110 silentio
1912 2084 1978 2106 non
1993 2071 2174 2113 debemus,
2199 2084 2242 2107 ne

1305 2119 1407 2159 forte,
1433 2120 1522 2163 quod
1535 2120 1628 2154 Deus
1640 2130 1783 2161 avertat,
1810 2122 1844 2155 ὅ(
1867 2132 1927 2155 nos
1943 2122 1976 2155 δε
1999 2131 2059 2155 vos
2083 2122 2245 2159 sententia

1306 2171 1437 2204 Divinae
1446 2170 1621 2204 severitatis
1632 2168 1760 2204 addicat
1774 2193 1787 2211 ,
1812 2171 1834 2203 si
1850 2169 1943 2203 vobis
1955 2194 1965 2210 ,
1992 2181 2028 2204 ut
2039 2170 2084 2205 ait
2097 2171 2243 2215 Prophe·

1305 2230 1335 2253 ta
1348 2244 1358 2259 ,
1384 2221 1537 2263 parietem
1548 2219 1751 2265 erigentibus
1764 2230 1824 2253 nos
1836 2230 1911 2253 eum
1926 2220 1996 2254 luto
2010 2219 2131 2264 absque
2144 2221 2244 2265 paleis

1304 2270 1459 2304 liniamus
1469 2295 1481 2311 ‚
1501 2271 1534 2305 ἀ
1547 2270 1708 2304 similibus
1721 2270 1848 2304 aditum
1862 2271 2042 2312 pandamus
2052 2267 2244 2315 exceffibus‚·

1304 2321 1371 2352 siea
1395 2332 1466 2363 quae
1490 2320 1523 2354 in
1553 2321 1661 2354 oculis
1683 2321 1780 2354 etiam
1809 2322 1960 2354 omnium
1988 2327 2152 2364 perperim
2175 2323 2246 2358 aste

1302 2371 1374 2402 sunt
1383 2393 1393 2409 ,
1403 2370 1645 2413 neglexerimus
1657 2371 1843 2404 vindicare.
1877 2370 2048 2404 Noveritis
2061 2372 2243 2415 itaque-,voe

1301 2417 1472 2452 tamdiuab
1486 2419 1674 2462 Episcopali
1689 2419 1804 2453 officio
1817 2443 1828 2460 ,
1840 2421 2009 2453 commissa
2024 2421 2150 2455 nobisa
2163 2423 2238 2456 Deo

1301 2467 1520 2509 authoritate,
1546 2468 1735 2510 suspensos,
1761 2464 1916 2501 donecad
1932 2467 2049 2509 Sedem
2073 2470 2243 2511 Apostolio

1300 2529 1370 2551 cam
1383 2518 1424 2552 de
1436 2527 1529 2551 tanto
1542 2519 1667 2551 excessu
1680 2517 1877 2551 satisfactum
1891 2516 2054 2551 accedatis
2066 2541 2076 2555 .
2103 2519 2162 2552 nili
2185 2531 2243 2563 per

1301 2568 1464 2612 praefatum
1485 2567 1611 2601 Archi·
1626 2567 1837 2610 Episcopum·
1856 2565 1977 2599 steterit
2005 2591 2013 2599 .
2037 2566 2073 2601 si
2097 2567 2176 2602 νει-ὸ
2197 2570 2243 2604 ite

1298 2619 1406 2653 eidem
1420 2617 1545 2651 Archi·
1560 2617 1726 2659 Episcopo
1737 2615 1771 2648 ἀ
1784 2615 2012 2649 cantuariensi
2034 2616 2186 2652 Ecclefiae
2198 2620 2243 2653 sa-

1298 2668 1443 2704 tisfacere
1463 2666 1673 2705 curaveritis,
1699 2675 1733 2700 ut
1757 2676 1886 2708 poenam
1910 2665 2003 2700 istam
2025 2665 2092 2708 ipse
2129 2667 2240 2711 videat

1298 2716 1508 2754 relaxandam
1533 2740 1545 2756 ,
1570 2716 1674 2750 vicem
1711 2715 1852 2749 nostram
1891 2726 1948 2758 per
1981 2724 2056 2749 eum
2086 2717 2241 2753 volumus

1298 2768 1493 2813 adimpleri.
1519 2766 1646 2801 Datum
1671 2765 1813 2800 Tusculi
1841 2766 1955 2801 ostavo
1978 2764 2144 2802 Calendas
2171 2768 2241 2804 De·

1299 2819 1438 2856 cembris
1450 2843 1458 2852 .
2234 2831 2236 2834 ’

1425 2914 1830 2954 EplsToLA
1933 2913 2092 2951 LXIX.

1301 3021 1471 3055 Alexander
1483 3022 1571 3067 Papa
1582 3014 1774 3058 Londonienfi
1782 3016 1815 3050 (a
1825 3014 2037 3059 saresberienfi
2057 3006 2212 3062 Epis'coij
2219 3030 2238 3062 4

1398 3119 1589 3156 UAMVIS
1613 3129 1694 3152 curae
1706 3113 1878 3151 Pastor-alis
1889 3116 2015 3158 officii,
2040 3118 2104 3153 &a
2131 3119 2233 3162 usque

1421 3171 1489 3205 ibi.-
1517 3174 1676 3204 Noverms
1703 3171 1810 3212 itaque
1823 3166 1949 3201 tamdiu
1964 3178 2021 3201 vos
2033 3169 2074 3202 ab
2099 3166 2232 3212 Episco-

1423 3221 1487 3265 pali
1502 3219 1610 3255 officio
1620 3242 1629 3258 ‚
1658 3217 1825 3252 commissa
1840 3217 1936 3261 nobis
1946 3216 2146 3252 authoritate
2159 3242 2169 3260 ,
2183 3219 2234 3257 sue

1302 3273 1453 3316 spensos,
1479 3271 1512 3306 δε
1534 3268 1653 3304 etiamsi
1680 3279 1742 3312 pax
1766 3264 1929 3310 completa
1952 3278 2019 3300 non
2043 3268 2160 3307 fuerit,
2196 3269 2231 3305 in

1302 3322 1496 3356 sententiam
1507 3318 1724 3353 anathematis
1738 3326 1906 3352 revocatos
1919 3340 1930 3357 ,
1956 3319 2030 3360 quia
2055 3329 2113 3361 pro
2135 3317 2230 3359 imper

1302 3382 1380 3406 trata
1390 3371 1475 3414 apud
1488 3379 1548 3402 nos
1559 3371 1661 3413 gratia
1675 3369 1765 3411 juxta
1782 3369 1869 3410 spem
1883 3367 2024 3402 nostram
2042 3367 2081 3401 ad
2093 3365 2230 3401 reconci-

1301 3422 1470 3459 liationem
1480 3421 1583 3465 magis
1594 3419 1738 3456 laborare
1748 3416 1929 3454 debueratis
1941 3439 1954 3458 ‚
1977 3419 2012 3454 ἀ
2021 3418 2040 3453 a
2059 3412 2229 3500 {muhdisti

2102 3476 2132 3500 1¹0
2158 3476 2180 3498 1-
