2358 3776
488 128 527 173 s.
579 125 874 173 THOMAE
919 108 1319 172 CANTUAR.
1369 121 1630 170 Lrss.1v.

107 212 150 247 Et
160 224 218 257 pro
229 211 305 246 Deo
319 210 353 246 ἀ
364 211 541 246 secundum
554 211 663 245 Deum
677 235 688 251 ,
712 209 805 244 omni
817 209 882 254 legi
894 207 927 242 ἀ
938 210 1032 250 aequi-

104 264 166 298 tati
179 262 330 301 consonae
340 286 351 302 ‚
377 263 399 296 li
414 261 455 296 ab
464 262 531 305 ipso
543 261 749 306 porrigantur
760 261 793 294 &
805 259 878 294 toto'
897 258 1016 302 Regno
1029 284 1036 291 .

107 311 223 347 Intulit
232 310 311 356 ergo
332 311 483 351 verbum,
511 310 601 354 quod
623 312 657 344 in
680 308 809 344 auribus
830 307 973 343 fidelium
988 319 1038 342 ve-

104 363 241 397 strorum
254 360 446 395 acerbissime
459 361 550 395 sonat
562 384 576 399 ,
600 361 686 404 quod
711 361 751 394 de
772 370 885 393 caetero
900 369 957 400 pro
971 358 1036 392 Ro-

104 423 201 446 mana
213 413 351 446 Ecclesia
365 424 430 445 non
453 411 594 444 dimittet
605 435 616 451 ‚
644 411 697 444 ubi
721 409 835 444 viderit
852 406 1001 451 expedire
1027 432 1038 449 ‚

1863 118 1967 202 (307

1095 209 1177 244 festo
1200 217 1350 251 arguere,
1377 205 1453 248 quia
1473 206 1641 241 Dominus
1659 206 1705 240 cst
1728 220 1738 249 ·‚
1764 210 1816 245 sed
1838 203 1908 254 q'uae
1932 211 2029 255 ipsius

1095 257 1287 303 opinionem
1299 256 1474 301 denigrant
1484 280 1496 297 ,
1521 254 1661 290 omnino
1679 255 1764 290 silere
1775 271 1842 294 non
1855 262 2028 305 possumus.

1097 311 1140 343 Et
1157 305 1233 353 quid
1244 306 1457 350 Imperatori,
1483 316 1537 340 aut
1548 306 1618 339 aliis
1641 303 1870 349 schismaticis,
1898 311 1954 355 qui
1974 322 2030 347 vo-

1083 359 1145 394 'bis
1166 357 1321 393 insultant
1336 381 1347 397 ,
1387 355 1581 392 sufficienter
1613 353 1788 389 habeamus
1809 360 1995 399 respondere
2021 385 2033 402 ,

1098 409 1156 444 nifi
1169 419 1229 442 nos
1241 407 1340 441 vestra
1354 407 1404 441 vel
1428 406 1569 441 Domini
1593 404 1685 449 Papae
1695 405 1847 440 discretio
1858 407 1945 450 super
1965 410 2030 445 hoc

105 461 239 496 suam&
259 461 550 507 Regniprocurare
571 460 763 494 utilitatem.
790 457 940 493 Creditur
950 458 1038 492 enim
1097 457 1302 498 instruxerit,
1328 456 1477 491 invenire
1489 468 1558 491 non
1572 455 1730 490 valemus.

106 521 167 554 pro
180 521 289 552 certo,
315 511 403 555 quod
417 509 622 554 adquiescere
639 509 715 543 velit
738 507 873 542 consilio
886 518 998 541 eorum
1027 533 1038 549 ‚

104 562 162 605 qui
186 561 343 602 suadent,
370 561 481 594 urdiu
495 561 628 603 petitam
651 558 955 593 consae-cierationem
975 558 1039 592 lm-

105 614 260 654 peratoris
271 610 442 650 admittat,
467 612 633 644 contracto
653 608 870 643 Matrimonio
899 607 983 642 inter
1004 609 1037 642 li-

106 659 200 695 beros
208 671 321 696 eorum
335 684 343 694 .
369 660 435 693 Res
444 670 553 694 autem
573 658 680 694 adhuc
690 658 821 702 quidem
835 657 933 692 dilata
948 669 1015 693 erat
1027 683 1038 700 ,

104 709 159 744 sed
172 709 416 754 procurantium
427 711 495 753 spes
514 720 602 743 nunc
615 709 761 742 roborata
773 708 817 741 est
828 733 835 740 .
863 707 982 742 Precor
993 720 1038 743 er-

103 761 151 804 go
164 784 176 800 ,
200 762 233 795 δε
243 761 381 795 consulo
393 759 428 793 in
438 771 475 794 ea
487 759 570 799 fide,
596 769 663 802 quae
673 756 760 791 Patri
771 758 905 792 debetur
914 759 949 793 ὅ(
970 759 1040 793 Do-

105 811 201 843 mino
213 832 224 849 ,
251 809 410 852 quatenus
420 807 662 853 promiffionem
673 831 684 847 ,
711 819 810 851 quam
822 809 853 842 ei
870 820 925 853 per
934 819 986 842 mc
998 810 1041 843 fe·

104 859 216 900 cisiis3
242 859 338 893 citius
357 855 565 901 adimplendo
584 857 621 891 in
641 856 865 893 sublevatione
899 858 1041 892 Domini

107 907 349 943 cantuariensis
370 907 527 952 mitigetis
546 907 692 942 animum
709 907 776 949 ejus
791 932 802 949 ,
837 908 1042 943 ostendentes

105 959 195 1002 quod
206 958 416 1001 iniquitatem
427 956 528 1002 Regis
540 957 672 1002 Angliae
684 981 696 998 ,
723 959 781 1002 qui
794 959 890 1003 ipsius
900 984 911 1000 ‚
935 959 968 993 δε
981 959 1042 992 Re-

104 1008 163 1053 gni
177 1009 376 1043 Francorum
386 1030 398 1046 ,
422 1008 456 1041 &
477 1007 623 1041 Ecclefiae
635 1007 698 1042 Dei
715 1008 862 1051 publicus
875 1008 975 1043 hostis
984 1009 1042 1049 est,

104 1069 174 1092 non
198 1059 296 1093 vultis
316 1057 441 1092 diutius
463 1058 665 1101 supportare.
693 1059 767 1092 Nec
787 1059 895 1092 timeri
916 1068 1045 1102 oportet

103 1109 210 1142 minas
220 1109 286 1150 ejus
298 1132 309 1147 ‚
335 1107 410 1150 quia
426 1107 506 1140 sicut
519 1105 773 1142 Theutonicum
787 1109 989 1151 Tyrannum
1001 1108 1045 1143 ci-

105 1157 221 1191 vitates
232 1158 331 1191 ltaliae
342 1157 470 1191 Divino
482 1168 641 1200 praeeunte
663 1159 824 1193 miraculo
846 1168 1009 1202 ejecerunt
1035 1181 1046 1198 ‚

103 1206 148 1240 ita
160 1207 368 1241 Pistavorum
381 1208 415 1241 ὅτ,
428 1206 603 1242 Britonum
615 1216 760 1251 proceres
767 1229 780 1248 ,
807 1209 961 1242 Domino
985 1207 1048 1240 Re·

102 1257 140 1301 gi
152 1257 358 1291 confaederati
369 1281 382 1297 ,
400 1257 438 1290 fei
449 1266 623 1290 texuerunt
634 1256 894 1291 inextricabilem
905 1256 1045 1298 labyrin-

104 1305 201 1340 thum
216 1331 223 1338 .
249 1307 320 1350 Jarn
334 1305 423 1339 enim
434 1305 475 1338 fic
485 1306 622 1338 arliatus
631 1305 676 1338 est
689 1327 700 1343 ‚
726 1311 764 1337 ut
776 1314 876 1339 nemo
902 1304 1010 1338 videat
1036 1328 1047 1344 ,

102 1365 168 1397 qua
181 1354 229 1388 via
244 1354 339 1398 posfit
348 1354 484 1388 evadere
494 1377 502 1385 .
526 1353 569 1387 Et
580 1348 646 1387 Dei
658 1363 818 1398 praeeunte
831 1355 867 1388 ἀ
879 1355 1047 1388 succuren-

102 1413 137 1438 te
145 1405 249 1448 ‘gratia
271 1415 339 1439 non
350 1401 464 1438 evadet
485 1427 492 1434 .
518 1402 574 1437 Ad
586 1400 652 1437 haec
663 1403 698 1438 in
709 1405 798 1437 ateio
812 1405 991 1438 constituta
1002 1403 1047 1437 est

103 1452 247 1487 Ecclesia
274 1453 489 1488 Senonenfis.
515 1452 612 1486 Hinc
634 1452 674 1487 ad
697 1451 883 1487 instantiam
908 1453 1050 1488 Domini

104 1502 403 1543 Antiflodorenfis,
429 1502 534 1536 vestro
553 1513 614 1537 nos
633 1512 773 1549 urgente
797 1503 976 1543 mandato,
1014 1512 1051 1536 ut

103 1551 311 1596 praebendam
333 1551 621 1595 Archi-Episcopi
641 1552 744 1587 nostri
769 1553 964 1598 affignemus
985 1553 1051 1585 cui·

100 1602 181 1637 dam
195 1601 347 1642 Clerico,
374 1601 466 1644 cujus
475 1603 592 1636 faciem
604 1602 736 1643 adhuc,
763 1612 799 1637 ut
821 1615 863 1637 ex
885 1603 1050 1636 conscien-

102 1653 150 1687 tia
167 1650 307 1696 loquar,
335 1652 524 1696 ignoramus
546 1653 581 1686 &
602 1663 746 1695 nomen;
775 1652 855 1688 hinc
877 1652 1052 1688 obsistente

102 1703 342 1737 consuetudine
363 1703 398 1747 dc
419 1702 493 1747 lege
513 1701 661 1736 Ecclefiae
683 1703 823 1744 nostrae,
863 1714 962 1747 quam
985 1703 1052 1736 fine

102 1750 241 1796 perjurio
251 1753 400 1796 frangere
410 1762 478 1786 non
502 1751 644 1785 valemus
655 1765 667 1785 .-
692 1753 734 1786 ad
744 1763 819 1787 eam
837 1763 979 1795 namque
993 1754 1053 1784 ser·

102 1800 245 1836 vandam
266 1801 440 1843 juramenti
467 1799 649 1835 necestitate
673 1801 817 1844 quisquis
839 1801 875 1833 in
908 1800 1051 1834 Ecclesia

101 1851 212 1885 nostra
223 1849 415 1885 eanonicus
424 1848 468 1883 est
480 1872 492 1888 ,
518 1850 655 1883 atstatur
665 1875 675 1891 ‚
698 1850 731 1883 &
744 1850 835 1885 Sedis
851 1848 1052 1892 Apostolicae

102 1900 280 1945 privilegiis
290 1924 302 1941 ‚
327 1898 443 1944 quibus
453 1897 585 1933 obviare
597 1910 665 1933 non
681 1899 757 1934 licet
768 1925 779 1941 ‚
806 1899 959 1933 roborata
984 1900 1029 1932 cst
1041 1925 1048 1931 .

103 1949 187 1985 Non
202 1950 301 1995 licet,
326 1959 382 1984 aut
407 1948 551 1996 unquam
565 1947 660 1982 licuit
674 1948 831 1992 Capitulo
845 1947 1048 1991 praebendam

98 2000 176 2035 dare
191 2011 258 2034 non
272 1999 448 2042 implorato
468 1999 626 2033 consensu
650 1995 751 2032 Archi
766 1998 940 2041 -Episcopi
954 2022 966 2037 ,
992 2009 1052 2031 nec

103 2049 408 2093 Archi-Episcopo
419 2049 484 2082 sine
498 2047 611 2082 nobis.
640 2048 713 2082 Nec
723 2048 800 2081 effet
824 2046 920 2081 nobis
943 2057 1051 2081 tutum

104 2098 234 2136 Archi·
248 2099 415 2142 Episcopo
427 2098 648 2141 praejudicium
672 2098 797 2138 facere,
823 2098 857 2131 δι
881 2105 994 2131 contra
1006 2096 1053 2139 ju·

104 2159 288 2185 ramentum
311 2149 452 2188 versari,
478 2147 664 2183 damnabile
683 2148 748 2182 est.
787 2146 919 2182 Placeat
942 2147 1053 2190 itaque

101 2199 293 2245 dignationi
307 2198 415 2232 vestrae
427 2223 438 2238 ‚
464 2206 559 2232 tanto
575 2197 725 2232 Ecclefiae
737 2193 881 2242 periculo
904 2197 1048 2240 provide-

106 2259 140 2284 re
150 2267 161 2287 ⁵
186 2250 262 2292 quia
273 2246 348 2296 cum
363 2245 481 2282 Archi·
493 2247 715 2290 Episcopum„
744 2248 896 2282 Domino
908 2245 1048 2290 praestan·

106 2309 140 2333 te
151 2323 163 2340 ,
188 2298 372 2332 creaveritis
384 2321 395 2337 ‚
423 2297 513 2341 quod
525 2298 695 2332 Sanctitati
708 2297 816 2333 vestrae
836 2297 941 2332 visum
953 2296 1050 2332 fuerit

104 2347 281 2394 expedire,
308 2346 517 2382 commodius
528 2346 707 2392 disponetis
714 2372 728 2390 ,

256 2445 668 2482 Eprs‘roLA
767 2444 905 2480 XXII.

120 2550 127 2595 J
184 2546 353 2581 Ludovicus
379 2548 447 2579 Rex
481 2548 621 2580 Franclae
647 2544 786 2587 Hostienfi
806 2543 974 2589 Epiftopo.

207 2645 458 2681 1LECT10N1
484 2642 590 2678 vestrae
610 2643 722 2679 uberes
743 2645 862 2688 gratias
885 2645 1051 2680 referimus

116 2706 118 2708 ’
233 2707 291 2739 pro
325 2694 429 2730 Archi
440 2703 452 2722 '·
466 2695 630 2738 Episcopo
653 2693 879 2729 Cantuarienfi
905 2717 916 2734 ,
961 2695 1052 2739 cujus

111 2747 285 2791 negotium
304 2756 371 2780 tam
395 2741 447 2789 pie
467 2757 505 2779 ae
525 2745 786 2788 perseveranter,
810 2755 920 2779 amore
931 2744 996 2779 Dei
1018 2746 1052 2780 δε

109 2798 223 2833 nostro
234 2796 375 2830 fovistis.
404 2795 507 2843 Qod
518 2796 539 2828 fi
552 2796 652 2830 finem
664 2793 814 2829 debitum
827 2794 997 2829 ministerii
1012 2807 1051 2831 ac

109 2846 282 2891 patrocinii
296 2846 389 2880 vestri
410 2844 571 2888 obsequio
591 2845 802 2879 consecutum
824 2855 893 2879 non
917 2845 1015 2880 fuerit
1041 2869 1052 2886 ‚

109 2908 180 2931 non
191 2895 299 2930 minus
321 2905 429 2931 tamen
444 2895 570 2936 laudis,
596 2906 664 2929 non
678 2895 785 2930 minus
808 2894 914 2939 gratias
927 2895 1050 2930 sollici-

110 2956 165 2981 tus
175 2944 355 2990 diligentiae
367 2945 473 2980 vestra»,
486 2947 577 2980 favor
589 2945 766 2989 promeruit
783 2970 790 2978 .
812 2944 850 2978 In
862 2944 982 2989 Regno
994 2957 1049 2981 no-

110 2996 179 3030 stro
200 2994 382 3038 propalatus
405 2996 450 3030 est
471 2997 575 3031 sermo
595 2996 781 3029 scandalum
803 3005 977 3040 generans,
1004 2997 1069 3043 sug

113 3045 248 3080 bortum
259 3045 302 3078 est
316 3055 460 3079 murmur
471 3070 482 3086 ,
508 3044 599 3090 quod
620 3044 661 3080 de
687 3046 784 3080 facile
796 3045 895 3080 sedari
907 3056 974 3081 non
988 3057 1051 3089 po·

112 3095 172 3131 test
182 3120 190 3128 .
219 3094 390 3129 Recolitur
403 3094 525 3138 ubique
534 3105 609 3129 cum
621 3095 833 3130 admiratione
848 3120 859 3135 ,
880 3096 969 3139 quod
983 3097 1051 3131 Do-

112 3145 222 3180 minus
234 3143 321 3189 Papa
343 3153 457 3178 contra
478 3144 663 3179 Dominum
681 3146 947 3181 Cantuariensem
966 3146 1050 3181 litte-

111 3205 163 3230 ras
172 3204 320 3238 patentes
347 3194 433 3239 Regi
457 3192 605 3238 Angliae,
634 3194 741 3232 inanis
761 3196 873 3242 gloriae
892 3196 1015 3240 cupido
1040 3220 1051 3237 ,

113 3255 215 3288 nuper
228 3244 357 3278 indulsit
372 3267 383 3284 ,
410 3245 443 3277 in
458 3244 574 3288 quibus
585 3255 623 3278 os
635 3245 668 3280 δε
679 3256 794 3281 manus
815 3246 1051 3281 Cantuarienfis

111 3293 314 3337 suspenditur
335 3318 346 3333 ,
373 3295 408 3328 in
430 3293 547 3338 quibus
568 3293 599 3327 ei
620 3295 758 3338 potestas
768 3296 961 3333 omnimoda
984 3306 1049 3330 tam

113 3345 147 3389 in
160 3344 315 3388 Regnum
327 3341 478 3388 Angiiae,
507 3343 604 3389 quam
621 3344 656 3379 in
676 3345 784 3392 Regni
796 3347 943 3391 personas
968 3345 1050 3379 inhi-

112 3393 181 3429 bita
193 3393 239 3428 est
250 3417 261 3433 ‚
287 3393 394 3427 donec
405 3395 546 3438 gratiam
558 3393 659 3439 Regis
672 3395 712 3430 ad
723 3397 856 3440 plenum
868 3396 965 3431 fuerit
977 3407 1048 3430 con·

110 3444 234 3489 secutus
245 3469 251 3477 .
278 3444 361 3479 Non
375 3442 532 3479 habemus
543 3436 669 3489 Papam
684 3447 831 3483 accusare
842 3447 894 3482 vel
904 3447 939 3482 in
951 3445 1053 3483 mani·

1221 552 1630 592 EPISTOLA
1743 554 1916 590 XXIII.

1238 658 1411 691 Alexandro
1432 659 1527 700 Papae
1549 659 1693 690 canonici
1717 657 1895 703 Remenses.

1099 755 1504 864 INVALESCUNT‚
1529 755 1626 792 Pater
1638 782 1649 800 ,
1673 756 1822 791 scandala
1836 753 2037 799 temporibus

1168 807 1298 846 vestris,
1328 807 1411 840 utin
1429 805 1638 842 Authoribus
1658 817 1773 841 eorum
1794 805 2037 849 compescendis

1174 857 1209 891 &
1231 855 1434 891 conterendi-s
1461 857 1562 892 virtus
1584 857 1682 893 vestra
1714 856 1831 892 clarius
1846 856 2004 890 elucescat
2030 879 2041 893 ,

1102 899 1312 940 Confidimus
1333 906 1420 940 enim
1430 931 1441 946 ,
1467 907 1554 949 quod
1570 907 1746 943 Sathanam
1758 916 1904 942 conteret
1919 905 1977 940 sub
1989 915 2044 949 pe-

1102 950 1198 990 dibus
1210 956 1340 997 vestris,
1367 956 1472 1000 quiin
1495 957 1643 993 membra
1652 958 1739 1001 ejus,
1765 957 1871 1001 capita
1891 955 2046 990 schisma-

1104 1006 1144 1040 tis
1156 1006 1344 1051 loquimur,
1371 1006 1573 1052 condignam
1596 1008 1813 1053 &gloriosam
1835 1006 1981 1041 exercuit
1997 1003 2046 1039 ul-

1105 1057 1250 1091 tionem.
1278 1058 1399 1091 Exerat
1410 1057 1514 1101 ergo,
1539 1057 1562 1089 fi
1588 1058 1713 1102 placet,
1740 1056 1897 1102 quoniam
1920 1065 2046 1098 tempus

1105 1106 1175 1147 est,
1201 1109 1235 1141 in
1248 1107 1432 1141 incentores
1452 1105 1653 1148 schismatis,
1679 1109 1713 1143 δι
1735 1117 1874 1142 tortores
1898 1105 2046 1140 Ecclefiae

1104 1156 1250 1200 gladium
1271 1156 1360 1190 Petri
1382 1156 1513 1192 dextera
1535 1158 1653 1200 vestra,
1679 1159 1712 1193 δε
1735 1156 1953 1192 venerabilem
1977 1157 2049 1190 Do·

1106 1205 1234 1239 minum
1255 1206 1546 1246 cantuariensem,
1571 1209 1625 1252 qui
1647 1220 1705 1251 pro
1726 1208 1850 1252 justitia
1869 1207 1934 1250 jam
1956 1206 2053 1249 quin-

1107 1256 1254 1299 quennio
1277 1255 1482 1299 dignoscitur
1493 1257 1645 1298 exulare,
1670 1258 1781 1291 saltem
1805 1267 1894 1290 nunc
1915 1254 2053 1289 tandem

1108 1305 1314 1338 miseratione
1323 1304 1431 1337 debita
1443 1304 1630 1338 consoletur
1640 1329 1647 1336 .
1671 1304 1838 1348 Siquidem
1850 1305 1970 1346 iustitia
1982 1304 2055 1346 ejus

1110 1364 1196 1388 nunc
1208 1352 1377 1387 manifesta
1399 1352 1445 1388 est
1457 1377 1469 1394 ‚
1494 1352 1574 1387 ficut
1585 1353 1750 1388 advertere
1762 1354 1866 1397 potest
1880 1352 1981 1387 vestra
1993 1353 2055 1386 Pa-

1109 1404 1243 1437 ternitas
1261 1414 1302 1436 ex
1327 1403 1442 1438 litteris
1453 1403 1646 1437 Sanaiffimi
1658 1404 1718 1437 viri
1739 1403 1903 1441 Simonis,
1928 1402 2053 1437 Prioris

1108 1451 1149 1487 de
1171 1454 1293 1487 Monte
1304 1452 1394 1491 Dei,
1420 1452 1477 1493 qui
1489 1453 1578 1495 quod
1592 1452 1855 1486 vidit&audivit
1881 1453 1914 1485 in
1933 1463 2056 1485 execu-

1109 1504 1201 1537 tione
1212 1501 1358 1536 mandati
1377 1501 1492 1541 vestri,
1520 1500 1585 1536 hoc
1601 1502 1753 1536 testatur.
1782 1500 1844 1536 Vir
1856 1502 1968 1542 utique
1987 1501 2052 1544 ple-

1112 1564 1171 1586 nus
1191 1550 1388 1585 authoritate
1400 1551 1495 1592 fidei,
1520 1550 1613 1594 cujus
1637 1551 1730 1586 verba
1755 1549 1840 1595 apud
1864 1551 2053 1585 nos&reli-

1110 1613 1213 1645 quos,
1240 1601 1297 1645 qui
1310 1600 1482 1636 hominem
1496 1610 1682 1642 noverunt,
1707 1601 1888 1636 multorum
1910 1611 2053 1644 praepon-

1110 1653 1224 1686 derant
1234 1650 1424 1692 juramentis
1434 1674 1442 1683 .
1466 1651 1555 1697 Qis
1566 1652 1709 1695 unquam
1723 1661 1830 1693 praeter
1838 1651 2055 1686 Cantuarien·

1112 1701 1206 1736 sema
1218 1700 1408 1735 Christiano
1420 1701 1454 1733 in
1468 1710 1673 1742 quacumque
1694 1700 1902 1743 obligatione
1922 1703 2055 1735 coactus

1112 1750 1157 1784 est
1177 1751 1230 1784 vel
1251 1752 1376 1783 exactus
1398 1747 1561 1782 honorem
1582 1749 1650 1782 Dei
1673 1749 1829 1783 reticere?
1858 1750 1894 1782 ln
1917 1760 1975 1782 vos
1985 1760 2062 1783 om-.

1114 1800 1207 1833 nium
1229 1798 1318 1832 oculi
1339 1798 1529 1843 diriguntur
1549 1822 1560 1838 ‚
1588 1798 1759 1832 studiosius
1796 1800 2014 1841 exspestantes
2040 1824 2053 1839 ‚

1112 1860 1211 1892 quam
1234 1847 1496 1883 consolationem
1518 1847 1702 1892 praestabitis
1722 1847 1930 1887 Confeslori,
1955 1857 2057 1889 quem

1113 1900 1239 1933 exitum
1252 1899 1352 1932 causae
1362 1897 1448 1936 Dei,
1475 1910 1538 1942 qua
1550 1898 1716 1932 severitate
1736 1907 1862 1932 tantam
1874 1898 2059 1940 compesce-

1114 1950 1154 1982 tis
1166 1949 1351 1981 audaciam.
1380 1947 1506 1981 Vestris
1525 1947 1632 1991 itaque
1645 1947 1778 1991 pedibus
1801 1947 1966 1991 provoluti
1979 1948 2057 1991 sup-

1115 1997 1271 2041 plicamus
1295 1996 1473 2036 attentius,
1497 2005 1532 2031 ut
1542 1999 1742 2041 prospiciatis
1761 1995 1881 2032 honori
1904 1997 2056 2032 vestro&

1115 2047 1261 2082 Ecclefiae
1281 2045 1442 2080 libertati:
1470 2048 1547 2090 quia
1571 2048 1752 2082 sublevatio
1773 2049 1871 2082 unius
1892 2046 2057 2081 eritindu-

1114 2096 1216 2131 bitata
1239 2097 1423 2138 consolatio
1445 2097 1660 2139 plurimorum
1676 2123 1683 2130 .
1710 2098 1745 2131 Si
1766 2098 1856 2132 enim
1878 2106 1946 2132 tam
1960 2098 2059 2132 lince-

1114 2159 1147 2181 ra
1158 2147 1252 2181 causa
1265 2148 1299 2180 in
1312 2147 1484 2189 conspeetu
1502 2149 1604 2182 vestro
1628 2148 1830 2191 periclitatur
1841 2172 1851 2188 ,
1878 2148 1950 2191 quis
1963 2145 2058 2182 aude·

1114 2197 1162 2230 bit
1183 2196 1224 2230 de
1235 2206 1350 2231 caetero
1366 2196 1471 2231 saeculi
1495 2198 1729 2241 potestatibus,
1755 2198 1937 2243 quamlibet
1959 2195 2059 2232 mali-u

1112 2247 1194 2281 tiam
1215 2245 1467 2328 attRntantibus,
1492 2248 1624 2283 obviare
1645 2249 1658 2280 ?
1685 2247 1806 2284 Valeat
1837 2249 1960 2293 semper
1980 2247 2058 2284 San·-

1111 2297 1205 2331 stitas
1226 2306 1264 2330 ve
1292 2304 1328 2330 ra
1343 2320 1351 2327 .

1234 2393 1264 2428 E
1288 2393 1404 2430 prs
1431 2394 1469 2428 T
1493 2396 1528 2430 o
1555 2396 1583 2430 L
1613 2396 1646 2431 A
1759 2368 1921 2432 xxiv.

1250 2496 1419 2530 Alexandro
1442 2476 1538 2536 Papa
1560 2493 1707 2536 Remenfis
1731 2493 1898 2538 Episcopus
1913 2521 1921 2529 .

1214 2592 1502 2631 ENERABILIS
1525 2593 1637 2639 Frater
1672 2594 1707 2628 ἀ
1743 2593 1881 2632 Amicus
1910 2595 2058 2638 noster3

1144 2661 1147 2665 ⁴
1243 2644 1690 2684 Dominus-Cantuarienfis‚
1716 2645 1802 2687 apud
1832 2656 1892 2679 nos
1912 2656 1970 2688 pro
1991 2643 2058 2680 ho·-

1114 2697 1193 2731 nore
1209 2696 1317 2730 Dei&
1330 2694 1476 2728 libertate
1489 2693 1653 2734 Ecclesia,
1679 2705 1736 2737 pro
1746 2694 1837 2729 Sedis
1849 2695 2054 2739 Apostolicae

1114 2746 1310 2791 privilegiis,
1334 2744 1402 2787 jam
1423 2744 1577 2787 quintum
1598 2755 1727 2778 annum
1747 2744 1838 2779 exilii
1860 2746 2056 2789 proscriptus

1112 2798 1198 2841 agit.
1228 2796 1261 2831 Si
1275 2794 1401 2838 placet,
1428 2793 1597 2835 Domine,
1624 2794 1688 2837 jam
1703 2794 1779 2829 satis
1789 2794 1859 2835 cst,
1884 2794 1976 2839 quod
1987 2793 2056 2830 huc

1112 2848 1210 2892 usque
1223 2845 1376 2879 sustinuit
1389 2869 1395 2877 .
1424 2845 1494 2888 Jam
1507 2855 1633 2887 tempus
1644 2844 1689 2878 est
1701 2844 1872 2879 miserendi
1886 2870 1896 2886 ,
1924 2854 2056 2888 propter

1113 2898 1234 2932 multa:
1263 2905 1331 2928 tum
1345 2906 1385 2929 ne
1400 2895 1455 2929 alii
1479 2892 1696 2929 Ecclefiarum
1712 2895 1847 2942 ,Praelati
1869 2894 1910 2929 ab
1936 2895 2054 2929 Officii

1113 2948 1159 2981 sui
1179 2943 1374 2981 executione
1398 2945 1492 2988 ipsius
1513 2955 1690 2979 terreantur
1713 2944 1888 2988 exemplo,
1917 2955 1989 2979 tum
2008 2954 2054 2978 ne

1111 2996 1201 3040 quod
1227 2994 1379 3030 hactenus
1399 2993 1549 3029 adversus
1568 3006 1646 3029 eum
1666 2994 1802 3037 impune
1823 2994 1864 3027 ab
1886 3005 1955 3028 uno
1976 3004 2054 3037 prz-

1113 3048 1276 3090 sumptum
1294 3044 1339 3079 est
1350 3071 1362 3087 ,
1388 3044 1429 3079 ab
1438 3045 1509 3080 aliis
1521 3045 1623 3078 saeculi
1640 3043 1858 3087 ‘potestatibus
1870 3045 1903 3078 in
1915 3044 2051 3087 oppres«

1113 3098 1199 3132 sione
1212 3095 1425 3130 Ecclesiarum
1445 3094 1588 3129 trahatur
1600 3093 1640 3128 ad
1651 3094 1919 3139 consequentiam
1931 3093 2009 3128 mali
2039 3116 2052 3126 1

1113 3146 1338 3191 Supplicamus
1359 3145 1469 3189 itaque
1487 3144 1681 3178 Paternitati
1719 3143 1828 3179 vestrm
1847 3168 1860 3184 ‚
1893 3144 1928 3177 in
1947 3151 2047 3184 quam

1113 3197 1263 3232 omnium
1279 3195 1369 3231 oculi
1379 3194 1514 3237 conjesti
1527 3195 1599 3227 sunt
1608 3218 1620 3234 ,
1647 3192 1860 3237 praestolantes
1870 3200 1967 3234 quem
1976 3190 2047 3225 exi-

1113 3257 1183 3282 tum
1193 3247 1288 3282 causa
1313 3246 1378 3280 Dei
1391 3244 1447 3279 sub
1462 3243 1567 3278 vestro
1585 3244 1742 3278 examine
1763 3244 1913 3278 sortietur
1932 3264 1944 3279 ‚
1971 3250 2052 3283 qua-

1112 3296 1206 3332 tenus
1223 3305 1317 3333 tanto
1328 3294 1435 3334 exuli,
1462 3292 1564 3327 immd
1584 3303 1651 3328 tam
1669 3294 1792 3327 sincerae
1813 3291 1911 3327 causas
1933 3288 2050 3324 subve-

1113 3347 1234 3389 niatis,
1260 3348 1293 3381 &
1317 3345 1420 3379 vestro
1442 3342 1643 3387 prospiciatis
1664 3342 1805 3381 honori,
1839 3341 1874 3374 δε
1899 3339 2048 3373 Ecclefiae

1113 3396 1253 3433 libertati
1277 3393 1437 3440 pariter&
1458 3394 1565 3428 saluti.
1595 3393 1628 3427 Si
1652 3392 1741 3431 enim
1760 3390 1891 3424 assertor
1912 3387 2049 3424 honoris

1113 3447 1178 3483 Dei
1196 3454 1361 3491 torquetur
1383 3445 1417 3480 in
1437 3442 1607 3488 patibulo,
1632 3439 1710 3486 quid
1734 3440 1798 3485 spei
1819 3438 1939 3496 caeteris
1950 3438 2046 3473 Divi-

1894 3499 1998 3524 nino-
