2358 3776
628 106 894 158 RERUM
929 104 1024 153 ET
1059 104 1368 153 VERBOR
1387 104 1524 154 HM:

154 199 239 242 277.
253 205 280 231 1.
307 193 422 229 &vide
441 197 520 228 Pax.
549 193 627 228 Erat
640 204 747 227 autem
770 190 1028 227 excommunica·

155 245 289 288 ausipso
301 246 399 280 facto.
427 255 496 290 224
515 252 550 280 2.
579 243 619 277 Et
638 244 673 277 iu
694 243 782 277 Aula
806 241 873 285 ejus
885 240 939 275 vix
951 240 1034 274 uisus

157 304 249 334 erat,
275 297 354 337 quin
373 295 448 329 esset
459 295 761 328 excommunicatus
775 316 784 332 ,
810 292 910 325 velex
932 291 1035 325 norni-

161 354 225 384 ne,
252 347 299 378 vel
326 355 384 386 eit⁴
393 343 653 388 participatione.
679 353 733 390 32.
756 352 788 378 2-
815 339 967 375 Metuens
995 340 1037 374 ne

158 394 317 428 sententia
328 395 463 427 ferretur
474 417 485 433 ,
510 393 605 427 antea
626 401 791 426 curaverat
804 401 917 425 omnes
928 400 1038 434 portus

159 444 318 477 custodiri
332 443 526 487 diligenter;
552 442 710 477 mandans
730 434 907 481 ferentem,
932 438 1039 484 siquis

159 494 234 526 efl‘et
249 518 258 533 ,
283 496 388 536 puniri
403 492 504 527 severe
522 518 529 525 .
933 489 990 527 60·
1007 501 1035 526 1-

104 542 197 587 'Btgxs
221 543 279 575 doli
302 545 335 577 &¹
355 541 468 582 insidia
490 568 501 583 ‚
527 542 698 585 astutiaeque
720 566 726 573 .
771 538 1001 575 Describuntur
1026 564 1036 573 .

160 595 238 639 326.
267 604 296 627 2.
318 590 426 636 usque.
455 590 533 639 328.
560 605 590 629 2.
618 590 802 634 Duplicitas
828 590 934 624 cordis
969 590 1038 632 ejus

158 642 380 676 fraudulenta.
411 641 491 689 ⁷146.
508 654 531 676 i.
560 641 730 690 Qudquid
760 639 856 680 facit,
884 640 1039 674 omnibus

157 691 204 725 est
228 693 402 733 suspestum
423 716 431 724 .
461 701 581 738 2251.
609 692 646 725 ln
673 688 824 724 omnibus
850 690 913 724 fere
935 691 1040 724 verbis

157 741 249 781 suis,
273 740 316 774 est
344 739 535 784 sophisticus
569 743 601 776 ἁ
627 740 805 783 captiosus.
848 750 924 785 275.
940 750 969 775 1·
997 740 1034 773 In

156 791 311 824 omnibus
325 790 594 834 propofitionibus
607 791 692 832 pacis
717 791 818 823 utitur
834 788 1033 833 stratagema·

157 849 210 873 te.
240 851 334 887 334..
359 841 447 874 Tam
459 838 723 873 astutescr1b2b2t
755 850 807 881 per
827 841 986 873 anfi-astus
1004 840 1036 873 ὅ(

156 888 275 929 dolos,
303 902 338 923 ut
352 890 510 922 videretur
529 888 684 924 Libertati
702 889 931 924 Ecclesiasticae
954 900 1042 922 con-

156 940 269 972 cedere
280 939 414 979 omnia,
438 940 470 972 ἀ
485 939 568 971 nihil
590 941 697 973 minus
716 938 931 973 concedebat.
958 949 1035 985 274·

159 998 190 1023 1.
221 988 410 1021 Habebatur
423 989 829 1031 communiterdeceptor:
862 987 953 1022 nudo
975 1000 1027 1021 ver

157 1035 203 1070 bo
230 1047 299 1078 ejus
323 1036 419 1071 fidem
447 1037 589 1078 habere,
616 1040 747 1073 stultum
770 1040 935 1082 reputabat
964 1038 1036 1071 Rex

156 1087 324 1122 Fran-*iam
352 1097 427 1124 222.
444 1097 470 1122 ι.
505 1088 579 1121 Erat
592 1097 659 1122 tam
678 1090 838 1128 mendax,
866 1099 901 1122 ut
928 1087 1039 1121 Vivia·

156 1147 220 1170 nus
232 1131 398 1179 Legatos.
426 1138 546 1171 diceret
562 1139 592 1172 se
606 1150 771 1182 nunquam
788 1137 898 1172 uidiffe
913 1138 963 1170 vel
985 1149 1039 1171 au·

156 1185 268 1219 divi-{e
290 1188 606 1222 mendacemtdem.
638 1199 702 1234 273
728 1200 750 1225 2
790 1190 846 1222 Ait
871 1189 991 1230 semper
1007 1189 1037 1220 se

157 1236 269 1270 affecti
286 1246 428 1277 paratum
439 1238 588 1276 obeme,
618 1240 649 1272 δε
663 1239 775 1271 ‘effectu
802 1236 930 1271 volebat
950 1247 1040 1271 mor·-

159 1285 252 1320 dicus
273 1288 485 1320 manu-teneri
515 1289 584 1321 suas
600 1287 879 1321 Consuetudines.
907 1295 983 1329 140.
1009 1297 1041 1319 2.

155 1334 337 1368 Pollicerur
375 1335 407 1367 se
443 1335 526 1366 nibil
564 1342 656 1374 agere
695 1344 756 1366 nec
793 1333 937 1366 acturum
963 1344 1040 1365 con-

155 1392 204 1416 tra
239 1383 438 1416 Libertaten
491 1381 583 1415 'necle
608 1392 635 1414 ε
669 1405 680 1420 ,
731 1392 906 1423 manetque
953 1382 1039 1416 inte-

155 1434 218 1465 rim
264 1431 297 1462 in
338 1429 528 1471 poiseilbne
565 1429 851 1466 Consuetudinum
877 1430 1001 1463 suarum
1033 1454 1041 1462 .

157 1490 225 1526 ¹40·
245 1490 269 1514 r.
301 1489 376 1524 142.
391 1489 419 1513 1.
447 1479 642 1512 obtinuerat
654 1479 672 1512 a
686 1479 772 1522 Papa
786 1480 871 1521 quod
886 1479 930 1513 D⁴
946 1479 1041 1512 Tho-

155 1541 228 1564 mas
241 1539 309 1562 non
322 1528 420 1571 poffei
433 1529 526 1563 serite
538 1530 692 1573 Regnum
705 1530 772 1572 ejus
784 1530 890 1562 donec
916 1531 949 1562 in
974 1541 1043 1574 gra-

158 1583 239 1613 tiam
252 1579 413 1612 rediisset.
441 1578 674 1613 Gloriabatur:
702 1591 840 1623 gratiam
857 1578 1042 1612 suarndiffe-

155 1639 231 1663 rens
243 1627 281 1661 ad
295 1627 457 1663 Calendas
487 1628 613 1663 Graecas
629 1654 636 1662 .
667 1639 742 1676 304.
757 1641 788 1665 1.-
815 1626 981 1662 Tristatur
1003 1630 1041 1662 D.

159 1678 316 1712 Thomas
328 1679 417 1719 supra
433 1678 567 1712 modum
581 1703 588 1710 .
600 1679 671 1711 ibid.
679 1677 732 1721 seq
768 1679 936 1713 Gallicane
954 1679 1035 1713 scan-

154 1727 317 1762 dalizatur
352 1728 509 1762 Ecclesia.
535 1739 615 1775 325.
634 1741 664 1765 2.
695 1728 734 1762 Et
773 1729 846 1763 fo
862 1729 1003 1763 Franciae
1030 1753 1037 1761 .

157 1776 233 1812 ibid.
264 1778 393 1821 Regina
410 1802 418 1809 .
450 1778 521 1810 ibid.
547 1777 711 1812 Remense
748 1778 939 1820 Capitulum
965 1787 1041 1811 cum

159 1827 221 1861 suo
237 1826 416 1869 Episcopo.
445 1837 517 1872 307
542 1838 563 1861 2
603 1827 644 1859 Er
685 1827 821 1861 Ecclesia
861 1826 1005 1860 universa
1032 1851 1039 1859 .

157 1876 239 1925 306·
257 1888 284 1912 1.
313 1876 523 1910 Gloriab.tur
543 1875 630 1919 quod
647 1876 835 1910 Dominum
869 1877 987 1919 Papam
1011 1876 1042 1909 &

158 1937 276 1961 omnes
287 1924 479 1959 Cardinales
501 1923 637 1959 habebat
658 1928 691 1958 in
719 1926 818 1959 Bursa
841 1926 894 1959 sua
916 1949 926 1963 ,
952 1928 1044 1968 seque

156 1977 370 2010 consecutum
390 1975 416 2006 1>
432 1975 602 2018 iwilegium
619 1976 681 2008 Avi
699 1976 744 2008 sui
759 2000 769 2015 ,
798 1976 934 2018 quierat
961 1978 1045 2012 Rex,

160 2027 295 2069 Legaeus
322 2027 492 2066 apostolicus
513 2050 524 2065 ,
554 2025 738 2057 patriarcba
759 2048 770 2064 ,
795 2029 986 2065 Imperator,
1014 2027 1046 2059 (9

157 2084 257 2108 omnia
281 2098 291 2106 .
323 2074 396 2119 175.
422 2086 453 2108 ι..
480 2074 691 2109 Gloriabatur
719 2073 809 2119 quod
830 2075 871 2109 de
895 2076 1043 2109 Romana

162 2124 384 2165 triumphasse.
405 2123 542 2158 Ecclesia
556 2147 563 2155 .
922 2135 990 2161 212
1019 2134 1044 2160 ι.

110 2177 178 2210 Rex
189 2174 318 2214 qualem
330 2179 420 2216 egem
431 2184 497 2206 cum
511 2176 546 2204 D.
567 2173 699 2207 rhama.
729 2172 877 2208 Audiens
900 2175 1046 2207 sanctita·
1086 2206 1089 2208 .

162 2234 229 2258 tem
243 2223 283 2255 D.
299 2223 461 2261 Tnoinae,
485 2233 582 2267 quem
593 2223 632 2257 de
648 2223 852 2258 cancellaria
876 2234 1033 2267 promove

162 2284 211 2309 rat
222 2272 262 2306 ad
286 2271 541 2314 Episcopatutn,
567 2274 692 2307 exultat
716 2298 722 2305 .
753 2283 794 2309 10
832 2285 858 2310 1.
884 2273 945 2308 Sed
970 2275 1046 2306 relu-

163 2324 304 2357 flantem
314 2322 482 2356 admittere
494 2324 560 2356 suas
573 2321 832 2358 consuetudines
845 2334 953 2365 pravas
963 2348 973 2364 ,
987 2323 1046 2355 fru-

166 2373 228 2406 stra
243 2371 392 2413 precibus
409 2372 602 2417 aggreditur
627 2375 660 2407 δι
687 2374 861 2416 promissis.
889 2383 933 2420 ¹3·
947 2386 966 2405 i.
996 2371 1048 2406 Ut

162 2422 312 2466 palliaret
333 2423 478 2462 rapinam
503 2424 590 2455 suam
617 2424 785 2455 Bonorum
816 2421 1037 2456 Ecclesiastico

162 2481 239 2505 rum
252 2494 263 2510 ,
289 2479 363 2511 praet
373 2470 504 2504 ·n:lebat
517 2471 535 2503 ὲ
547 2471 580 2503 D
599 2470 737 2505 Thema
749 2471 959 2514 quadraginta
977 2481 1043 2513 qua-

163 2529 239 2554 tuor
253 2518 354 2551 millia
369 2519 554 2552 Marcarum
571 2522 698 2564 argenti
716 2544 726 2560 ,
739 2521 865 2553 ratione
876 2519 1052 2560 redituum,

162 2569 220 2612 qui
237 2568 362 2601 fuerant
374 2568 403 2600 ei
415 2568 576 2602 commissi
588 2591 599 2607 ,
620 2569 755 2610 quando
766 2570 872 2604 adhuc
883 2570 951 2614 egit
964 2569 1048 2603 Can-

166 2618 337 2652 cellarium
351 2641 359 2650 .
393 2615 469 2652 180-
491 2628 513 2649 1.
539 2616 693 2651 Thomas
707 2619 804 2656 vero,
830 2619 885 2661 qui
903 2619 947 2651 nil
964 2619 1046 2663 Regi

167 2666 306 2702 debebat
318 2691 328 2707 ,
349 2667 483 2705 videns,
504 2666 668 2700 emendari
682 2667 807 2711 Regem
820 2679 887 2700 non
905 2668 990 2710 posse
1005 2669 1049 2701 ni-

151 2717 187 2753 ‚fi
198 2716 313 2755 ferula,
327 2726 413 2758 parat
427 2717 458 2750 se
469 2716 507 2749 ad
519 2717 873 2751 excommunicationis
884 2716 1046 2753 ferendam

166 2765 378 2801 sententiam.
399 2776 464 2812 149
483 2776 515 2800 ι.
531 2766 641 2814 Qam
651 2766 836 2803 distulerat.
863 2767 1048 2810 exspestans

165 2814 189 2850 si
201 2814 285 2849 forte
296 2816 420 2849 Divina
430 2816 605 2858 inspirante
616 2816 719 2860 gratia
731 2816 936 2860 resipisceret.
948 2815 1003 2854 118.
1023 2829 1050 2853 1.

116 2865 195 2903 Rex
207 2865 285 2898 vero
299 2863 456 2902 audiens,
480 2865 567 2908 quod
584 2866 624 2898 D.
649 2865 802 2899 Thomas
824 2866 1047 2900 excommuni-

164 2914 309 2948 cationis
322 2914 407 2946 viam
419 2914 591 2951 meditetur
602 2915 752 2959 ingredi,
778 2914 1036 2950 LACHRMA

165 2962 301 2997 TUR:
326 2961 454 2996 dicens:
483 2962 631 2997 ΤΗΘ-Μ
639 2965 691 2998 AS
716 2965 828 2998 Mlffl
854 2965 1050 3001 CORPUS

165 3012 235 3047 ΕΤ
263 3012 466 3046 ΛΝιΜΛΜ
495 3012 714 3048 AUFERT.
747 3025 861 3060 ¹49-2·
889 3016 958 3062 Qui
982 2996 1063 3049 tam!

160 3063 340 3107 generosus
354 3063 476 3101 fuerat,
503 3061 710 3099 Interdictum
729 3064 938 3099 metuebat&
958 3051 1064 3112 Ana-l

161 3112 295 3146 thema.
321 3110 392 3143 ibid.
419 3111 549 3144 Summa
565 3116 763 3155 querelarum
786 3125 900 3149 contra
917 3115 959 3148 D.
976 3114 1042 3148 Th.

156 3169 228 3195 'erat
240 3185 249 3199 ‚
275 3158 364 3204 quod
377 3171 431 3203 per
442 3162 816 3198 excommunicationem
830 3165 914 3206 quasi
929 3164 1044 3198 voluis-

159 3212 208 3245 {et
220 3211 348 3255 Regem
361 3208 562 3245 exhaeredare
575 3237 577 3239 -
607 3221 725 3259 2034.
756 3214 823 3247 Rex
839 3214 1018 3249 infirmatur
1033 3239 1042 3247 .

161 3260 313 3303 Haecque
325 3259 370 3294 est
384 3260 478 3294 causa
492 3283 503 3299 ‚
527 3272 584 3294 cur
594 3262 750 3297 distulerit
767 3263 960 3298 &Thomas
972 3275 1045 3298 eum

162 3309 468 3346 excommunicare.
500 3320 576 3355 150.
589 3320 609 3342 ι.
639 3310 838 3348 Exhibentur
855 3314 936 3358 Regi
963 3315 1046 3347 litte-

163 3372 205 3396 τε
218 3360 261 3393 D.
275 3359 419 3393 Tbomz
432 3383 445 3399 ,
470 3360 589 3403 quibus
599 3359 683 3403 Papa
710 3362 908 3406 significabat
930 3365 959 3397 se
974 3375 1047 3406 prae-

168 3420 278 3457 parare
299 3408 493 3443 Amthema.
509 3409 542 3443 in
568 3409 695 3455 Regem
715 3437 724 3446 .
759 3412 954 3460 Indignatur
973 3413 1047 3451 Rue

213 3458 326 3502 cbrtst.
337 3462 418 3503 Lupi
434 3463 537 3506 Opera
550 3463 630 3497 Tom-
653 3463 697 3498 X·

1896 132 1924 160 Ο

1146 199 1222 223 cum
1235 188 1299 222 suis
1309 213 1320 229 ,
1330 188 1540 229 irasciturque
1551 185 1758 230 vehementer
1769 219 1776 228 .
1788 130 1898 242 ¹643·
1927 131 2031 231 {ded

1147 238 1218 273 odit
1230 238 1273 271 D.
1286 237 1482 278 Theman,
1507 248 1544 270 ut
1573 242 1653 274 nuni
1678 243 1967 291 liceatloquibene
1984 246 2026 282 de

1148 288 1229 329 illo,
1256 289 1289 322 in
1304 289 1361 322 suo
1376 287 1569 331 conspectu.
1599 298 1710 334 241.i.
1739 304 1791 338 90,
1808 305 1836 330 ι,
1861 294 2026 340 Dedigna-

1097 366 1101 368 ,
1148 348 1200 373 tur
1211 348 1284 371 eum
1298 337 1458 381 appellare
1472 337 1684 381 Episcopum,
1699 339 1750 371 sed
1760 344 1897 386 Thomas,
1908 346 2028 389 inquit,

1149 387 1272 431 quisuie
1285 388 1486 421 Cancellarms
1501 412 1508 420 .
1539 384 1616 424 228·
1632 397 1659 421 1.
1686 389 1740 421 Ille
1750 397 1894 435 prodam,
1920 398 1953 430 &
1971 396 2028 429 aa.

1151 435 1302 480 versarius
1318 449 1400 471 meus
1414 462 1421 469 .
1448 435 1526 473 266.
1539 450 1569 474 2.
1598 439 1718 482 Arguit
1740 439 1781 472 D.
1803 438 2030 489 Thom‚quod

1149 488 1338 522 excitaverit
1350 487 1474 531 Regem
1496 488 1641 522 Francia:
1665 498 1703 521 ut
1725 485 1848 521 bellum
1859 491 1888 523 ei
1910 492 2032 529 indice·

1150 548 1217 571 ret.
1247 548 1311 584 ¹9¹·
1328 553 1350 571 ι.
1368 547 1441 582 192.
1461 548 1488 573 1.
1516 537 1577 571 Sed
1590 538 1705 571 falsum
1727 537 1760 572 id
1783 538 1845 572 efl'e
1866 537 1945 580 jurat
1961 539 2032 575 Rex

1151 588 1315 632 Franciae.
1347 597 1454 633 [ζμ-ι.
1482 596 1594 634 ι94.ῐ.
1623 587 1766 631 Optabat
1791 589 1832 622 D.
1857 587 2031 624 ‘rhomam

1152 639 1200 670 vel
1213 637 1333 679 deponi
1347 637 1387 671 ab
1412 637 1605 680 Episcopatu
1623 662 1635 678 ,
1663 638 1713 671 vel
1737 639 1914 672 transferri:
1941 640 1975 673 ἀ
1998 648 2037 675 ut

1151 685 1216 720 hoc
1226 687 1300 726 fiat,
1312 687 1405 720 offert
1417 686 1711 722 Mediolanensibus
1720 689 1779 722 tria
1791 688 1893 723 millia
1903 689 2032 724 Marca-

1151 746 1222 770 rum
1233 762 1240 769 .
1255 734 1332 784 287.
1349 745 1376 771 1.
1390 736 1473 770 stem
1482 737 1579 772 offert
1590 736 1654 770 illis
1666 747 1808 778 reparare
1820 749 1930 772 muros
1945 739 2028 774 suos.

1153 785 1426 820 Cremonensibus
1435 787 1529 821 offert
1542 789 1610 821 duo
1620 787 1723 821 millia
1734 787 1918 823 Marcarum
1932 812 1940 820 .
1960 787 2039 823 Par·

1151 837 1310 869 mensibus
1322 837 1412 869 mille
1425 861 1435 877 ,
1461 836 1722 871 Bononiensibus
1729 838 1867 872 totidem
1879 864 1887 871 .
1915 838 2037 874 Offerr-

1151 897 1214 928 que
1227 886 1377 919 Domino
1389 885 1481 930 Papae
1493 913 1503 926 ,
1528 886 1617 932 quod
1632 886 1778 922 liberabit
1788 899 1864 922 eum
1874 888 1915 922 ab
1927 888 2035 923 omni-

1153 935 1210 969 bus
1220 937 1444 970 exactionibus
1455 938 1683 972 Romanorum
1698 962 1710 978 ‚
1736 938 1770 972 &
1789 939 1916 982 insuper
1939 937 2032 982 quod

1151 984 1347 1027 dabitPapae
1367 987 1477 1020 decem
1502 988 1605 1021 millia
1631 988 1838 1022 Marcarum.
1867 988 2037 1035 Qndquc

1153 1046 1316 1078 permittet
1333 1037 1452 1080 Papam
1466 1037 1498 1070 in
1514 1037 1636 1083 Anglia
1657 1038 1809 1073 ordinare
1828 1036 1867 1072 ad
1895 1039 2037 1072 lubitum

1153 1095 1297 1128 tempore
1311 1086 1401 1119 Sedis
1413 1088 1557 1120 vacantis
1568 1114 1575 1121 .
1606 1087 1647 1121 Et
1661 1100 1693 1121 in
1708 1086 1796 1122 bunc
1820 1088 1920 1122 finem
1934 1089 2039 1122 utitur

1153 1146 1250 1177 opera
1268 1137 1365 1179 Regis
1389 1137 1531 1171 Siciliae:
1558 1138 1608 1172 sed
1635 1137 1766 1172 frustra.
1792 1148 1870 1185 250-
1889 1149 1917 1175 2-
1947 1138 2040 1172 Con-

1153 1185 1294 1225 queritur
1307 1185 1394 1228 quod
1410 1185 1450 1219 D.
1462 1184 1614 1222 Thomas
1627 1189 1740 1231 sponte
1765 1190 1945 1222 exulaverit
1963 1200 1972 1220 :
1995 1198 2045 1222 re-

1154 1234 1226 1266 deat
1240 1234 1374 1277 sponte,
1399 1237 1474 1269 fient
1498 1238 1571 1270 ivit.
1602 1248 1677 1283 204
1704 1250 1731 1274 1·
1759 1239 1921 1282 Juraverat
1942 1238 1974 1271 se
1998 1237 2042 1271 D.

1154 1282 1227 1315 Th.
1248 1295 1422 1326 numquam
1446 1286 1596 1318 daturum
1615 1289 1788 1321 ciculum:
1823 1289 1955 1330 vultque
1964 1288 2045 1328 jura·

1154 1340 1301 1364 mentum
1314 1331 1453 1369 servare,
1479 1332 1531 1363 etsi
1546 1332 1621 1365 esset
1634 1334 1785 1366 illicitum
1797 1357 1804 1364 .
1822 1343 1898 1378 3²22.-
1917 1336 2046 1376 1.Papa

1153 1379 1290 1413 absolvit
1305 1391 1379 1414 eum
1396 1380 1438 1413 ab
1448 1379 1653 1423 obligarem?
1674 1381 1960 1425 hujusjuramenti.
1972 1382 2046 1416 ibid.

1106 1432 1172 1461 Rex
1180 1430 1306 1468 qualiter
1328 1437 1417 1472 egem
1428 1440 1491 1461 cum
1498 1427 1550 1471 suo
1562 1433 1590 1462 1⁷
1594 1431 1643 1463 ulto
1671 1435 1796 1464 Hemico
1823 1434 2021 1476 primogenito
2031 1457 2046 1466 .

1157 1477 1249 1511 Pater
1260 1478 1386 1512 Filium
1410 1479 1501 1512 suum
1520 1480 1670 1515 coronari
1684 1483 1772 1524 cupit
1787 1482 1817 1515 se
1829 1482 1924 1515 vivo.
1955 1481 2048 1525 Defi-

1156 1529 1245 1563 derat
1257 1527 1427 1570 aliquema
1451 1528 1536 1571 Papa
1562 1529 1672 1570 mitti,
1696 1531 1750 1575 qui
1778 1541 1851 1564 eum
1875 1542 2011 1567 coronet
2037 1557 2049 1567 .

1157 1575 1231 1624 278
1246 1589 1274 1615 2·
1295 1576 1464 1613 Vulteum
1475 1579 1638 1614 Coronati
1656 1591 1709 1623 per
1725 1581 1825 1615 Archi
1845 1581 2046 1626 Episcopum

1160 1627 1394 1661 Eboracensem
1406 1652 1413 1660 .
1445 1638 1519 1676 313.
1537 1641 1566 1666 2·
1595 1629 1679 1671 Papa
1694 1630 1808 1664 iterato
1825 1631 1957 1667 mandat
1974 1657 1985 1671 ‚
2008 1642 2049 1666 ut

1159 1689 1227 1711 non
1239 1688 1416 1712 coronetur
1431 1678 1487 1712 nisi
1503 1691 1555 1726 per
1569 1679 1811 1721 Archi-Episco
1819 1692 1895 1724 pum
1909 1682 2052 1717 Cantua-

1158 1728 1316 1764 riensem,
1341 1738 1454 1769 utpote
1482 1729 1585 1762 totius
1604 1728 1736 1773 Angliae
1749 1729 1955 1765 Primatemt
1983 1742 2053 1779 313.

1163 1785 1190 1810 ι.
1203 1777 1273 1808 vide
1285 1776 1490 1810 Coronatio.
1506 1777 1579 1811 Rex
1592 1788 1701 1812 autem
1714 1780 1800 1822 apud
1817 1780 1845 1815 L
1856 1779 2058 1822 ondoniam,

1159 1826 1279 1859 Filium
1293 1826 1385 1859 suum
1400 1827 1500 1860 donat
1511 1828 1648 1873 cingulo
1662 1829 1812 1863 militiae:
1842 1831 2054 1875 eundemque

1160 1876 1266 1908 statim
1291 1875 1499 1910 Eboracenflt
1510 1888 1645 1912 coronat
1665 1903 1668 1907 .
1688 1888 1762 1925 337.
1776 1889 1805 1913 a„
1837 1879 1891 1924 36.
1912 1890 1938 1914 1.
1958 1880 2055 1915 Pater

1161 1924 1194 1956 in
1219 1926 1327 1958 mensa
1344 1925 1436 1958 servit
1451 1926 1624 1967 Fuimkex
1640 1927 1733 1972 Reg..
1748 1928 1819 1961 ibid.
1837 1928 1931 1963 Pater
1942 1929 2054 1965 Partes

1160 1973 1408 2009 Transmarinas
1420 1977 1547 2020 regebat
1561 1977 1646 2011 filius
1657 1978 1867 2013 Cismarinas.
1877 1989 1965 2028 43³..
1978 1980 2055 2026 Pol-

1161 2024 1297 2063 licetur,
1323 2024 1391 2068 post
1406 2037 1527 2068 pacem,
1541 2027 1645 2060 filium
1657 2029 1747 2062 suum
1763 2028 1876 2063 denuo
1894 2040 2056 2065 coronan-

1159 2074 1236 2108 dum
1248 2074 1266 2107 a
1279 2075 1319 2108 D.
1331 2074 1398 2108 Th.
1418 2077 1469 2122 36.
1486 2087 1515 2112 1·
1542 2076 1685 2112 Paenitet
1697 2077 1772 2112 vero
1786 2078 1913 2113 Patrem
1925 2103 1936 2120 ,
1961 2077 2053 2124 quod

1159 2124 1264 2158 filiurn
1281 2125 1403 2169 Regem
1418 2128 1685 2171 creaverit,quem
1698 2129 1793 2162 sentit
1803 2129 1965 2170 rebellem,
1980 2128 2055 2165 Ab·
2112 2123 2116 2127 ’

1161 2175 1307 2255 solonem
1318 2198 1330 2215 ‚
1356 2173 1472 2210 dutum
1486 2178 1657 2213 crudeliter
1670 2179 1910 2224 persequentem
1924 2179 2057 2216 Patrem

1177 2234 1253 2258 uum
1266 2248 1275 2257 .
1977 2231 2055 2264 ibid.

1114 2274 1185 2308 Rex
1196 2271 1374 2306 introducit
1396 2275 1537 2319 Legatos
1549 2276 1672 2314 Pontis
1693 2278 1894 2315 honorifice.
1907 2279 2052 2314 confert

1160 2323 1292 2355 cumeis
1314 2323 1346 2356 ἀ
1362 2322 1457 2364 Episc
1480 2326 1552 2359 aliis
1564 2338 1662 2370 atque
1675 2328 1878 2368 Abbatrbus,
1891 2339 1947 2370 per
1958 2327 2054 2363 horas

1160 2370 1260 2405 duas-
1290 2371 1528 2406 Educensinos
1549 2375 1583 2407 ἀ
1603 2378 1807 2413 valedicens,
1839 2377 1989 2417 publice,
2017 2379 2054 2413 δε

1162 2418 1396 2455 cardinalibus
1410 2422 1543 2463 Legatis
1567 2422 1777 2457 audientibus
1801 2422 1904 2464 dicit,
1930 2429 2052 2461 Utinam

1163 2482 1324 2511 numquam
1345 2471 1475 2509 ampln'n
1493 2471 1599 2503 videat
1611 2473 1707 2506 oculus
1731 2485 1812 2506 meus
1837 2475 1963 2516 aliquem
1975 2479 2054 2510 Car-

1165 2521 1316 2553 dinalem.
1344 2518 1412 2555 180-
1431 2530 1459 2554 1·
1488 2519 1716 2564 Lachrymans
1732 2535 1825 2568 rogat
1847 2523 1991 2570 Legatos
2013 2536 2051 2562 ut

1163 2569 1395 2604 intercederent
1421 2569 1505 2612 apud
1530 2570 1571 2602 D.
1588 2571 1727 2614 Papam,
1756 2585 1790 2607 ut
1813 2574 2046 2611 libereturaD.

1163 2619 1299 2653 Thoma
1323 2618 1394 2651 ibid.
1413 2631 1443 2656 2-
1471 2619 1759 2665 Collachryrnatur
1771 2625 1798 2656 ei
1814 2623 2010 2659 Wiihelmus
2037 2650 2051 2669 ‚

1162 2679 1246 2703 unus
1257 2669 1274 2701 e
1288 2668 1419 2712 Legatis
1433 2668 1503 2700 ibid.
1532 2672 1617 2705 Otto
1629 2672 1710 2705 alter
1727 2673 1912 2708 Cardinalis
1927 2678 1981 2708 vix
1995 2686 2051 2717 po-

1161 2716 1248 2752 testa
1269 2718 1435 2752 cachinno
1452 2717 1639 2757 abstinere.
1667 2720 1743 2754 ibid.
1779 2723 1861 2760 Nu..
1888 2725 2051 2760 ALlUD

1162 2763 1418 2807 ΡΕΤΕΒΑΤ,
1443 2768 1533 2803 NlSl
1561 2770 1740 2807 CAPUT
1767 2773 1808 2807 D.
1842 2774 2047 2808 THOMAE

1161 2817 1211 2851 ΙΝ
1240 2816 1400 2852 Disco.
1431 2815 1540 2856 181.r·
1570 2819 1683 2865 Agens
1696 2821 1738 2856 de
1757 2834 1834 2864 pace
1856 2835 1930 2858 curn
1951 2825 2052 2859 Otto·

1163 2878 1229 2905 ne,
1254 2869 1406 2910 proponit
1428 2867 1500 2903 illas
1519 2870 1647 2915 tantum
1672 2872 1934 2907 Consuetudines
1967 2884 2048 2917 quas

1162 2916 1387 2951 Anteceffores
1412 2917 1483 2952 suos
1509 2917 1652 2954 habuisse
1663 2922 1841 2956 constiterit
1864 2923 2047 2964 juramento

1161 2975 1292 3001 centurn
1306 2965 1534 3003 bominum'de
1555 2969 1698 3013 Anglia,
1724 2981 1856 3005 centum
1881 2972 1920 3006 de
1939 2971 2046 3007 Nort-

1161 3017 1292 3050 mannia
1307 3017 1342 3051 &
1366 3027 1496 3052 centum
1511 3018 1552 3052 de
1574 3019 1764 3064 Andegavia
1791 3032 1865 3066 240.
1882 3035 1912 3057 2·
1942 3021 2047 3068 Qod

1160 3065 1182 3098 fi
1198 3077 1257 3099 nec
1270 3065 1334 3100 hoc
1350 3067 1483 3109 placeret
1501 3068 1542 3101 D.
1557 3067 1698 3103 Thornae
1712 3095 1722 3110 ,
1749 3071 1778 3104 se
1801 3082 1943 3113 paratum
1965 3072 2048 3106 stare

1159 3115 1284 3158 judicio
1296 3116 1393 3150 trium
1416 3116 1565 3160 Episcop.
1576 3116 1858 3158 cismarinorum,
1885 3121 1917 3154 ὅ(
1941 3124 2045 3156 trium

1162 3165 1311 3208 Episcop.
1331 3165 1480 3210 Angliae.
1507 3165 1608 3213 Qod
1621 3168 1642 3201 si
1658 3169 1829 3204 necistud:
1855 3168 2046 3213 stabitjudi-

1160 3215 1214 3249 cio
1228 3215 1271 3248 D.
1292 3215 1405 3259 Papae.
1434 3216 1485 3249 Eo
1513 3217 1626 3256 salvo,
1653 3229 1689 3252 ut
1712 3231 1775 3253 non
1799 3218 2044 3254 exhaeredentur

1161 3264 1270 3299 Liberi
1283 3264 1348 3308 ejus
1359 3289 1367 3297 .
1394 3264 1463 3297 ibid.
1479 3265 1569 3300 Bona
1584 3278 1694 3302 autem
1713 3269 1928 3303 Ecclesiastica
1943 3279 2041 3313 negat

1160 3315 1192 3348 se
1206 3313 1338 3348 habere.
1353 3315 1501 3349 Affirmat
1513 3318 1651 3359 expensa
1661 3317 1771 3350 omnia
1785 3317 1816 3350 in
1832 3320 1905 3352 usus
1918 3317 2045 3362 Paupe-

1161 3375 1232 3398 rum
1244 3365 1278 3398 ἀ
1293 3363 1416 3400 Eccles.
1428 3364 1521 3401 Hinc
1535 3377 1568 3400 re
1581 3367 1698 3401 infesta
1710 3367 1878 3404 discedunt
1901 3367 2038 3414 Legatiq

1164 3419 1269 3461 241.l.
2015 3444 2018 3452 1

1607 3464 1649 3502 M
1662 3476 1697 3506 m.
1894 3465 1991 3508 ReCi‘.
