2358 3776
528 130 787 179 POST
858 128 1539 180 MARTYRIUM.

61 217 220 256 Oenobii
232 214 373 251 reversus
386 214 587 251 laetabundus
599 217 630 250 se
648 216 711 250 Dei
724 214 921 249 frui-vianne
933 239 944 255 ‚
968 215 1002 248 δε

64 279 183 310 aeternae
194 266 303 301 salutis
314 266 370 301 fibi
384 266 450 309 jam
464 267 629 310 praemium
647 265 808 299 redditum
821 266 1000 299 nunciavit.

60 319 155 365 ,Quod
164 343 176 358 ,
200 317 333 362 inquit,
358 326 391 350 ut
395 316 477 359 sc1‘as
489 317 635 356 certissime*
644 321 677 347 in
688 316 764 347 nullo
778 314 916 357 baefitans
931 339 941 355 ‚
948 313 1001 357 sci·

54 377 94 407 *eo
103 374 175 414 quia
186 370 243 402 citii
251 393 262 408 ‚
284 370 385 410 prima
398 376 432 400 ut
443 366 561 412 egreffus
574 366 595 396 ἆ
605 373 720 406 corpore
730 388 741 404 ,
767 365 806 397 ab
818 366 938 409 Angelis
952 367 1001 399 de-

48 426 200 467 ipartatas
211 419 279 452 vidi
290 421 466 458 Dominum,
492 418 547 450 circ}
557 420 681 456 inquam
688 414 750 455 post
760 420 844 447 venit
871 419 1001 458 Magnus

49 472 186 517 *quidam
210 471 244 503 Θ
251 466 468 512 supereminens
476 476 541 499 cum
557 465 722 505 proceffione
750 464 938 505 ineffabiliter
948 467 1002 498 ad-

55 535 57 538 ⁴
61 520 206 557 miranda
210 517 350 561 sequente
360 542 370 558 ,
394 514 486 559 ipsum
497 514 567 547 hinc
580 516 613 548 (θ’
624 516 695 547 inde
700 513 833 555 stipante
853 516 886 548 (7
897 517 1002 549 ducen-

64 581 94 608 te
103 595 115 612 ,
140 580 229 613 quam
239 579 321 602 nemo
332 568 518 600 dinumerare
526 565 615 606 posset
627 588 637 604 ‚
651 565 824 608 Angelorum
837 567 1003 598 multitudi-

64 633 104 656 ne
113 646 124 663 ,
137 617 382 654 patriarcharum
388 619 506 657 pariter
518 617 552 648 <9⁶
565 613 778 655 Prophetarum
790 615 938 648 laudabili
950 628 1002 649 nu-

65 682 144 706 mero
153 694 165 711 ‚
191 680 254 703 cum
266 663 387 711 glorioso
399 664 591 706 Apostolorum
603 664 698 697 Cboro
708 689 718 705 ‚
746 666 1001 699 &innumerabili

65 721 236 756 sauciorum
243 719 406 754 Maertyrum
427 723 593 756 purpurato
604 738 615 754 ,
642 716 676 749 ὢ·
686 715 847 748 candidato
860 716 1005 758 Confessa-

65 783 134 806 rum
142 771 277 805 exercitu.
298 764 406 798 Stabat
416 772 514 798 autem
526 766 574 797 ille
586 773 657 797 ante
665 768 824 798 Dominum
836 765 917 808 quast
925 769 1004 799 Mar-

66 830 109 860 ryr
120 827 178 853 tm
191 818 283 850 lacero
303 819 401 857 capite
410 838 422 855 ,
446 825 544 848 cruore
551 813 653 857 senfim
666 839 678 854 ,
701 824 735 847 ut
749 815 909 848 videbatur
923 840 934 855 ,
959 818 1005 849 di-

57 885 59 887 ¹
63 871 192 912 stillante
196 874 252 910 per
264 866 419 899 vulnerum
429 870 522 898 rimas
540 890 547 897 .
560 869 617 897 Cui
627 866 769 898 Dominus
783 865 1006 908 inquiteTho-

67 930 121 955 ma
133 941 146 960 ,
171 917 214 951 {ic
223 916 317 950 decet
338 914 549 949 reintrarein
561 915 695 949 Curiam
714 916 915 950 Dominitui
927 940 934 947 .
961 919 1006 949 Et

66 970 196 1011 adiecit:
221 966 391 1012 Qantarn
404 965 543 1010 gloriam
564 965 698 999 Donavi
718 963 817 1000 Petro
826 990 837 1006 ,
866 977 925 1000 nec
946 965 1005 1000 tibi

68 1020 231 1056 minorem
242 1015 329 1050 dabo
336 1039 344 1047 .
361 1018 408 1048 Et
418 1020 526 1057 accepit
538 1017 681 1048 Dominus
692 1021 778 1049 mirae
789 1018 1007 1059 magnitudinis

77 1073 215 1102 Z'orotaeam
226 1077 351 1100 auream
362 1089 373 1105 ,
397 1066 436 1099 (ai-
442 1070 549 1107 Capiti
561 1067 626 1106 eJus
639 1065 774 1108 convulsis
799 1068 834 1100 (π
848 1067 1008 1100 dilacerato

79 1116 213 1161 §mposuit
225 1141 232 1149 .
260 1116 304 1150 Et
315 1115 432 1158 adjecit
445 1116 501 1159 qui
515 1115 706 1158 loquebatur
718 1117 826 1151 Frater
837 1127 986 1150 mortuus
998 1130 1007 1149 :

76 1169 138 1203 scio
146 1172 238 1211 igitur
247 1166 394 1205 certiffime*
403 1171 473 1207 quia
486 1165 613 1198 Thomas
624 1166 672 1201 hic
685 1169 814 1208 Magnus
828 1171 1005 1198 Cantuario·

74 1229 135 1252 rum
148 1215 274 1255 Antistes
283 1221 316 1247 in
328 1214 378 1247 bis
387 1214 491 1248 diebus
502 1213 655 1256 occisicsfit
665 1241 676 1256 ,
705 1218 739 1249 <a
757 1215 798 1256 fic
809 1221 956 1259 migravit
967 1216 1011 1248 ad

71 1271 231 1301 Dominum
239 1289 247 1297 .
274 1267 318 1295 Et
338 1273 371 1296 tu
384 1265 505 1298 interim
517 1263 582 1297 haec
591 1265 647 1297 tibi
658 1265 740 1297 dit‘la
751 1275 820 1298 nota
831 1263 930 1309 ,signa
938 1274 1008 1298 tem-

64 1325 142 1360 pora
153 1340 162 1348 .
189 1314 304 1348 Modico
323 1315 441 1355 quidem
461 1313 560 1357 elapso
574 1323 700 1356 tempore
715 1327 754 1348 ex
769 1316 926 1349 multorum
938 1327 1009 1349 ccm-

68 1370 235 1400 meantium
244 1365 342 1398 relatu
351 1364 410 1405 fide
426 1375 498 1397 vera
506 1363 728 1406 probabuntur.
756 1368 803 1398 Et
818 1375 851 1399 tu
874 1375 930 1407 per
949 1369 1008 1410 glo-

68 1414 135 1458 riofi
143 1417 280 1451 Martyris
291 1415 462 1455 completum
471 1417 535 1451 iam
549 1420 659 1448 exitum
673 1440 683 1453 ,
701 1415 758 1448 tibi
769 1426 844 1449 nunc
852 1416 1009 1458 propheta·

67 1475 132 1501 tum
139 1473 196 1507 per
205 1475 264 1505 me,
281 1466 417 1505 deinceps
428 1466 466 1498 de
470 1463 568 1507 salute
578 1476 643 1498 mea
656 1476 712 1498 non
724 1466 876 1499 dubitabis
893 1490 900 1497 .
929 1469 1011 1499 Prae-

65 1514 172 1559 sertim
184 1515 247 1548 ci'cm
274 1515 308 1548 ό*
325 1522 382 1556 per
397 1515 469 1547 alios
480 1517 535 1547 cito
552 1514 592 1556 fis
604 1524 770 1557 accepturus
781 1539 791 1554 ,
817 1527 850 1548 ut
872 1528 921 1561 ego
935 1527 1012 1549 nunc

49 1565 127 1599 *tibi
142 1563 286 1607 propbeta
296 1588 307 1604 ,
330 1564 505 1606 completum
519 1563 559 1606 fic
571 1590 578 1596 .
606 1565 650 1599 Et
671 1565 721 1599 his
733 1565 826 1605 distis
848 1576 927 1599 mox
952 1566 1011 1600 dis-

67 1616 176 1659 paruit
189 1638 196 1646 .
224 1613 322 1647 Pater
330 1614 406 1647 vero
418 1614 571 1646 Coenobii
583 1614 625 1647 de
636 1625 741 1648 morte
760 1615 863 1648 fratris
886 1615 955 1657 post
970 1626 1014 1647 re-

46 1679 51 1683 ·
68 1664 272 1698 velationem
282 1661 342 1695 fibi
352 1663 470 1695 fastam
491 1662 532 1695 fic
544 1672 610 1695 non
631 1662 796 1696 modicam
818 1663 1015 1698 consolatio-

70 1724 148 1747 nem
160 1711 322 1754 accipiens
333 1735 344 1749 ,
358 1707 637 1750 ‘exhilaratusjam
649 1712 772 1744 diaum
785 1711 1013 1744 venerabilem

52 1785 55 1791 ,
69 1758 294 1797 Ραὰὶικὶιιω
306 1758 390 1791 citus
399 1756 481 1790 adiit
495 1780 506 1796 ‚
529 1757 563 1790 ἀ
575 1759 690 1790 σιωέὶα
705 1758 821 1801 pandit
832 1770 874 1791 ex
886 1758 1013 1792 ordine:

44 1827 51 1831 -
66 1805 359 1858 Qemadmodum
371 1830 382 1846 ,
409 1816 445 1840 ut
457 1807 549 1849 supra
561 1806 708 1841 diximus
719 1831 730 1846 ‚
749 1808 816 1850 ipse
827 1807 1014 1842 Patriarcha

69 1856 280 1904 postmodum
289 1867 346 1891 ore
357 1857 489 1900 proprio
501 1855 662 1891 enarravit
672 1881 680 1888 .
706 1856 909 1900 Hujusmodi
928 1869 1015 1892 reve·

71 1908 253 1944 rationibus
262 1906 511 1949 quamplurimis
520 1930 530 1946 ,
557 1906 892 1947 &innumerabilium
917 1910 1014 1942 virtu-

43 1981 51 1991 .
67 1967 140 1994 tum
151 1957 300 2002 insigniis
313 1981 324 1997 ‚
346 1968 419 2000 qua:
431 1966 485 2000 per
495 1967 572 1990 eum
584 1957 708 2000 operari
721 1957 878 2003 dignatus
899 1957 944 1992 est
957 1958 1015 1992 Al-

69 2009 237 2048 tiffimus‘‚
264 2006 434 2041 manifeste
443 2006 521 2041 satis
546 2006 580 2040 ὃς
594 2007 749 2041 veraciter
774 2007 937 2042 ostensum
949 2008 994 2042 est
1006 2032 1018 2048 ‚

45 2079 50 2084 ·
70 2058 162 2102 quod
174 2057 310 2102 pretiosa
321 2055 500 2091 admodum
515 2057 655 2090 fueritin
670 2059 843 2100 conspeflu
855 2058 922 2098 ejus
931 2068 1018 2091 mors

72 2110 167 2144 istius
178 2107 336 2150 Martyris
352 2131 360 2139 .
389 2107 472 2153 Quae
483 2108 639 2141 virtutum
654 2107 817 2152 magnalia
830 2108 851 2140 fi
865 2109 937 2150 quis
949 2108 1020 2141 nos-

1873 149 1894 195 5
1910 153 1926 183 1

1063 216 1190 248 summo
1213 212 1364 246 Ecclefiae
1385 210 1532 246 Patrono
1556 212 1589 247 &
1601 212 1698 259 Patre
1715 220 1883 253 communi
1896 218 1998 254 confi⁴

1062 266 1142 298 lium
1155 273 1299 308 quaerens
1326 261 1405 306 quid
1416 264 1599 308 agendum,
1629 265 1663 298 ἀ
1673 264 1753 298 ficut
1763 269 1917 303 credibile
1927 272 1972 306 est
1984 293 1999 311 ,

1063 313 1230 348 humiliter
1254 313 1288 347 in
1301 324 1368 357 quo
1388 315 1557 349 excesterit
1578 315 1741 348 confitens
1750 339 1757 346 .
1786 315 1908 352 Verum
1920 320 1998 363 quia

1063 363 1219 399 confeffio
1230 388 1240 404 ,
1268 363 1346 398 sicut
1358 375 1418 399 nec
1429 376 1485 409 per
1497 365 1631 408 scripta,
1644 375 1704 399 nec
1716 375 1771 408 per
1782 363 1941 402 Personas
1952 371 1999 403 in·

1064 414 1229 458 terpofitas
1241 413 1310 448 fieri
1327 414 1410 449 solet
1421 425 1477 450 aut
1488 414 1586 450 debet
1597 439 1609 455 ,
1634 415 1668 449 δε
1681 416 1752 449 viva
1765 425 1833 448 vox
1843 416 2001 451 confiten-

1063 464 1104 498 tis
1118 487 1129 503 ,
1158 461 1224 507 quo
1236 465 1307 506 plus
1320 473 1418 509 auget
1429 465 1642 500 devotionem
1654 488 1665 504 ‚
1690 465 1732 500 εὸ
1742 466 1814 509 plus
1827 464 1923 499 habet
1944 467 2004 499 vir-

1065 515 1163 553 tutis,
1192 514 1254 548 Vir
1263 514 1476 558 Apostolicus
1493 515 1513 549 a
1530 515 1627 549 latere
1639 517 1698 550 suo
1718 515 1801 550 duos
1813 515 2005 550 Cardinales

1065 564 1147 598 misit
1161 589 1172 604 ,
1200 564 1260 606 piae
1271 566 1435 599 memoriae
1446 565 1642 610 Magistrum
1663 564 1905 600 Theoduinum
1927 563 2007 599 Por-

1066 615 1211 648 tuensem
1224 613 1444 657 Episcopum,
1470 615 1504 649 δι
1517 614 1690 649 Albertum
1712 616 1834 650 Sanstae
1845 616 2006 650 Romanae

1069 664 1212 698 Ecclefiae
1224 663 1465 699 Cancellarium
1477 691 1488 707 ,
1516 666 1600 700 viros
1614 665 1699 700 certe
1723 667 1818 700 omni
1836 665 2007 710 religionis

1067 715 1234 749 sanctitate
1260 714 1293 747 δε
1313 714 1448 750 scientia
1468 715 1619 759 praeditos
1628 742 1635 750 .
1663 716 1734 762 Qi
1755 716 1885 759 &ipsos
1897 714 2009 760 Regni

1066 765 1111 799 ob
1123 766 1212 808 supra
1225 763 1326 797 distas
1335 765 1445 800 causas
1454 764 1751 802 anathematizatos
1777 766 1828 800 vel
1842 766 2010 809 suspensos

1068 813 1225 849 canonice
1238 813 1455 854 absolverent,
1468 816 1501 850 δε
1511 817 1614 862 Regis
1625 815 1820 861 postulantis
1832 816 1926 850 saluti
1939 827 2014 859 pro-

1070 865 1227 899 viderent.
1252 865 1366 907 ltaque
1378 865 1418 900 ad
1431 865 1534 910 Regis
1545 867 1579 901 δε
1591 868 1694 901 totius
1708 866 1857 901 Ecclesia
1868 865 2014 900 consola-

1069 916 1194 949 tionem
1207 913 1242 948 hi
1255 913 1337 948 miffi
1350 916 1423 948 sunt
1437 941 1444 948 .
1471 916 1510 949 In
1520 928 1662 960 quorum
1673 917 1818 952 adventu
1836 915 2014 951 absolutio-

1070 977 1142 1000 nem
1154 990 1164 1006 ,
1189 974 1286 1008 quarn
1299 976 1367 998 non
1379 977 1564 1001 meruerant
1577 992 1588 1007 ,
1613 968 1655 1002 de
1684 967 1860 1002 clementia
1871 965 2015 1000 Domini

1071 1016 1166 1060 Papae
1175 1039 1186 1056 ‚
1211 1015 1246 1049 δε
1256 1025 1371 1049 eorum
1383 1017 1440 1060 qui
1451 1016 1536 1051 miffi
1556 1019 1705 1058 fuerant,
1733 1018 1964 1052 obtinuerunt.

1306 1114 1766 1154 ALANUS.

1120 1214 1217 1248 REX
1228 1225 1337 1249 autem
1365 1216 1398 1250 &
1412 1217 1531 1262 Legati
1553 1216 1663 1260 primo
1683 1223 1912 1252 convenerunt
1933 1213 2021 1259 apud

1069 1262 1218 1298 Gorham
1232 1289 1242 1304 ,
1267 1265 1321 1299 die
1334 1266 1456 1300 Martis
1466 1277 1542 1301 ante
1553 1266 1761 1310 Rogationes
1773 1289 1785 1305 ,
1805 1265 1863 1299 ubi
1876 1266 2022 1299 invicem

1070 1315 1191 1357 recepti
1205 1315 1326 1349 suntin
1336 1316 1455 1351 osculo
1469 1317 1567 1360 pacis.
1594 1316 1632 1349 In
1648 1316 1790 1350 crastino
1804 1325 1960 1350 venerunt
1971 1316 2024 1348 Sa-

1071 1365 1253 1405 viniacum,
1284 1365 1341 1400 ubi
1356 1365 1661 1410 Archi-Episcopus
1670 1364 1947 1411 Rothomagenfis
1958 1390 1969 1406 ,
1988 1365 2024 1398 &

1073 1415 1170 1449 multi
1196 1415 1350 1460 Episcopi
1378 1417 1412 1451 ἀ
1425 1417 1580 1451 Proceres
1593 1426 1822 1453 convenerunt
1832 1440 1841 1449 .
1870 1416 2025 1459 Cumque

1074 1465 1197 1500 ibidem
1223 1465 1265 1499 de
1275 1477 1354 1509 pace
1366 1467 1508 1501 Domini
1523 1469 1694 1501 trastatum
1705 1467 1781 1500 esset
1792 1491 1803 1507 ‚
1828 1477 1927 1510 quam
1950 1466 2025 1499 Rex

1075 1515 1256 1548 secundum
1277 1517 1432 1551 mandata
1453 1528 1567 1552 eorum
1591 1515 1741 1551 absolute
1763 1516 1867 1558 jurare
1896 1515 2027 1555 renuit,

1077 1565 1149 1598 Rex
1168 1565 1209 1597 ab
1221 1567 1268 1597 eis
1281 1576 1356 1598 cum
1380 1567 1613 1609 indignatione
1625 1565 1749 1600 receffit
1771 1566 1804 1598 in
1825 1563 1894 1598 haec
1906 1563 2003 1598 verba
2013 1577 2025 1597 .-

1078 1615 1174 1647 Redeo
1186 1618 1216 1645 in
1227 1613 1399 1647 Hiberniam
1410 1641 1420 1656 ,
1430 1615 1478 1648 ubi
1490 1617 1585 1648 multa
1597 1615 1673 1647 mibi
1686 1614 1863 1647 incumbunt
1872 1639 1880 1646 .
1909 1618 1966 1647 Vos
1975 1624 2029 1647 au·

1077 1673 1137 1696 tem
1147 1668 1179 1695 in
1186 1672 1261 1703 pace
1271 1669 1311 1696 ite
1317 1672 1374 1704 per
1383 1674 1498 1697 terram
1509 1674 1606 1695 meam
1614 1686 1625 1701 ‚
1640 1662 1688 1694 ubi
1702 1664 1788 1695 vobis
1797 1664 1946 1704 placuerit
1958 1675 1965 1695 :
1980 1666 2027 1696 Ee

1076 1717 1156 1753 agite
1175 1713 1367 1752 legationem,
1389 1711 1463 1752 ficut
1474 1711 1560 1743 vobis
1584 1711 1756 1751 injuncium
1768 1711 1806 1749 est
1821 1736 1828 1742 .
1854 1712 1973 1753 Sicque
1985 1713 2028 1746 ab

1077 1759 1123 1791 eis
1134 1759 1304 1792 discessum
1319 1759 1365 1792 est
1376 1784 1383 1790 .
1415 1760 1518 1793 Tunc
1529 1760 1721 1794 Cardinales
1737 1761 1866 1794 arstiori
1887 1762 2029 1796 consilio

1078 1818 1271 1842 revocarunt
1284 1809 1484 1853 Episcopum
1499 1810 1737 1845 Lexoviensem
1750 1836 1762 1851 ,
1780 1811 1815 1845 ὅ(
1827 1811 2031 1846 Archi-Dia·-

1078 1869 1201 1892 conum
1217 1858 1453 1894 Pistaviensem
1465 1883 1475 1899 ‚
1501 1861 1534 1894 ἀ
1549 1860 1862 1895 Archi-Diaconum
1885 1861 2031 1897 Saresbe-

1078 1907 1215 1942 riensem
1226 1933 1236 1949 ,
1262 1909 1296 1942 &
1310 1920 1366 1953 per
1375 1922 1434 1945 eos
1443 1910 1630 1946 laboratum
1640 1911 1687 1945 est
1696 1935 1708 1951 ,
1738 1910 1828 1954 quod
1842 1912 1931 1945 sexta
1950 1914 2029 1947 feria

1079 1958 1223 2001 sequenti
1238 1959 1311 1993 Rex
1338 1961 1372 1995 ὃς
1384 1960 1575 1995 Cardinales
1585 1960 1672 2005 apud
1688 1960 1850 1995 Abrincas
1869 1972 2032 1996 convene-

1080 2017 1172 2045 runt,
1197 2008 1310 2051 ibique
1332 2012 1474 2044 omnino
1487 2021 1690 2045 conventum
1703 2010 1749 2045 est
1769 2011 1855 2045 inter
1877 2022 1933 2045 eos
1946 2035 1956 2051 ‚
1984 2012 2029 2046 ita

1081 2057 1171 2101 quod
1184 2057 1257 2091 Rex
1267 2083 1278 2099 ,
1305 2059 1467 2103 quidquid
1478 2072 1519 2093 ex
1534 2071 1621 2103 parte
1633 2059 1863 2095 Cardinalium
1872 2061 1900 2094 ei
1915 2072 2031 2105 propo-

1079 2107 1173 2140 situm
1198 2109 1266 2148 est,
1294 2109 1436 2155 benigne
1460 2111 1596 2153 suscepit
1615 2111 1838 2144 &conceffit.
1867 2111 1930 2146 Sed
1952 2113 2029 2154 quia

75 2160 108 2192 se
122 2157 298 2198 desiderat,
318 2157 406 2201 legat
418 2157 537 2190 librum
552 2158 714 2201 signorum
726 2158 745 2191 a
761 2157 936 2191 venerabili
953 2157 1019 2191 Ab·
1060 2165 1064 2201 5
1082 2157 1155 2190 Rex
1166 2157 1271 2190 filium
1283 2160 1377 2194 suurn
1388 2161 1496 2195 voluit
1509 2161 1636 2200 adesse,
1662 2171 1699 2195 ut
1709 2172 1781 2205 qua:
1793 2160 1887 2196 Pater
1901 2162 2031 2206 permit-

75 2207 152 2243 bate
164 2207 271 2242 Sancti
282 2206 371 2240 Petri
381 2205 422 2239 de
434 2207 549 2250 Burgo
560 2230 572 2247 ‚
588 2206 726 2240 nomine
738 2208 770 2241 &
780 2218 813 2241 re
828 2207 1020 2246 Benedicm,
1059 2210 1064 2242 l
1082 2217 1162 2241 teret
1174 2231 1185 2246 ‚
1209 2206 1265 2241 ille
1277 2209 1377 2243 etiam
1390 2211 1575 2245 asseveraret
1586 2235 1596 2251 ,
1624 2212 1783 2246 terminus
1804 2211 1834 2246 ei
1852 2212 1971 2246 dilatus
1984 2213 2030 2246 est

76 2257 204 2292 editum
229 2257 263 2289 &
274 2256 362 2299 quasi
374 2254 567 2297 quibusdam
583 2254 766 2291 'recentium
780 2259 936 2291 virtutum
955 2269 1019 2292 ver-

76 2316 213 2342 nantem
226 2305 361 2339 floribus
373 2319 397 2345 ,·
412 2305 514 2349 fignis
537 2306 570 2339 δε
582 2307 743 2350 prodigiis
763 2307 969 2351 insignitum.

275 2401 307 2436 c
356 2401 390 2436 A
440 2378 470 2436 ι’)
521 2379 691 2440 σῖτ’
748 2405 824 2441 111.

372 2505 421 2536 De
431 2504 614 2540 Poenitenela
624 2509 720 2551 Regis.

1082 2257 1181 2301 usque
1192 2258 1233 2290 ad
1250 2258 1438 2301 sequentem
1453 2260 1667 2295 Dominicam
1681 2263 1866 2304 proximam
1879 2285 1889 2301 ‚
1917 2261 2030 2296 videli-

1082 2307 1133 2341 cet
1147 2306 1355 2343 Ascenfionis
1365 2309 1521 2343 Domini.
1554 2310 1658 2345 Tunc
1671 2312 1705 2345 in
1721 2311 1849 2355 publica
1864 2313 2033 2347 audientia

1086 2358 1156 2391 Rex
1169 2369 1269 2392 manu
1283 2359 1337 2394 sua
1349 2360 1441 2395 tastis
1456 2361 1676 2396 sacro-sanstis
1692 2363 1882 2407 Evangeliis
1902 2362 2032 2405 juravit,

1063 2412 1066 2429 ¹
1083 2406 1171 2450 quod
1184 2420 1243 2442 nec
1254 2410 1421 2445 mandavit
1437 2422 1495 2445 nec
1511 2411 1614 2446 voluit
1629 2410 1715 2455 quod
1730 2412 2032 2456 Archi-Episcopus

1085 2458 1325 2494 Cantuarienfis
1346 2462 1600 2496 interficeretur:
1627 2463 1660 2496 &
1681 2462 1770 2504 quod
1792 2461 1903 2496 audita
1924 2473 2032 2497 morte

1083 2508 1149 2550 ejus
1161 2508 1231 2552 plus
1241 2510 1320 2545 inde
1331 2510 1440 2545 doluit
1453 2536 1464 2552 ‚
1490 2514 1587 2556 quam
1601 2511 1727 2546 laetatus
1737 2511 1784 2545 est
1794 2536 1801 2543 .
1830 2511 1973 2546 Addidit
1985 2522 2032 2546 et-

1085 2559 1150 2592 iam
1162 2570 1202 2592 ex
1218 2562 1347 2604 propria
1360 2562 1530 2596 voluntate
1545 2586 1555 2601 ‚
1581 2561 1669 2604 quod
1682 2561 1836 2596 demone
1855 2560 1960 2596 Patris
1978 2562 2031 2597 vel

176 2601 440 2640 lVULGATO
451 2603 553 2648 igitur
563 2613 631 2639 tam
643 2605 756 2641 lethali
779 2608 864 2642 fasto
877 2606 1023 2651 undique
1084 2608 1203 2643 Matris
1214 2611 1277 2644 suae
1291 2612 1458 2654 nunquam
1469 2611 1600 2645 tantum
1618 2611 1726 2645 doluit
1736 2635 1744 2643 .
1771 2612 1892 2654 Juravit
1905 2612 2005 2647 etiam
2018 2638 2030 2655 ‚

201 2665 279 2688 mox
292 2653 380 2688 ut‘ad
392 2653 519 2699 Regem
539 2653 668 2700 Angliae
693 2657 856 2699 pervenit,
884 2658 1023 2691 afflictus

82 2705 142 2747 est,
153 2714 190 2740 ut
202 2706 291 2748 supra
302 2703 448 2738 diximus
463 2729 474 2745 ‚
499 2705 678 2739 afflidiione
690 2717 807 2750 magna
821 2732 828 2739 .
859 2708 901 2740 Et
915 2709 947 2741 in
966 2719 1023 2741 no-

46 2781 50 2789 .
80 2755 294 2792 minatiffirno
305 2754 366 2788 illo
378 2752 607 2789 Nortmandiae
618 2756 755 2800 Oppido
766 2780 775 2795 ,
796 2758 884 2800 quod
899 2757 1024 2802 Argen-

80 2805 199 2841 tolium
209 2805 328 2839 dicitur
339 2828 350 2845 ,
377 2815 433 2848 per
446 2805 661 2851 quadraginta
686 2806 755 2840 dies
774 2805 854 2840 sedit
864 2818 1005 2842 moerens
1016 2832 1023 2839 .

81 2856 162 2901 Qo
181 2865 255 2889 toto
275 2855 335 2888 illo
347 2854 565 2897 poenitentiali
585 2856 712 2891 dierum
728 2867 863 2891 nurnero
882 2856 1024 2891 acerbio-

58 2917 60 2921 ’
84 2915 153 2939 rem
173 2904 278 2939 multo
299 2904 469 2949 plusquam
482 2915 686 2941 mortuorum
700 2907 820 2941 lustum
833 2906 928 2942 fecit.
960 2908 1024 2941 Lu-

82 2953 234 2999 gentium
243 2953 333 2989 cibos
343 2954 487 2990 comedit
501 2980 511 2995 ,
538 2967 660 3001 equum
674 2968 744 2991 non
759 2957 901 2992 ascendit
915 2981 927 2998 ‚
953 2956 1022 2990 nul-

47 3028 49 3031 ·
85 3005 116 3038 la
128 3003 326 3047 jurgantium
336 3006 425 3038 causa
439 3029 450 3044 ,
479 3005 568 3040 nulla
579 3006 780 3051 agendorum
796 3008 998 3042 consultatio
1009 3031 1019 3047 ‚

88 3053 179 3088 nulla
191 3052 386 3097 pulsantium
396 3055 525 3098 querela
540 3057 784 3101 ingrediebatur
794 3056 834 3092 ad
846 3068 935 3099 eum,
955 3057 1023 3091 nul·

86 3105 118 3138 la
129 3112 178 3137 tot
188 3111 341 3137 terrarum
363 3105 572 3148 regendarum
591 3106 649 3141 fibi
662 3118 738 3142 cura
760 3107 1002 3151 proponebatur
1014 3133 1024 3148 ,

87 3153 174 3196 quasi
196 3155 310 3187 omnia
331 3162 411 3186 tunc
425 3155 630 3198 postponenti
650 3168 710 3201 prae
722 3158 838 3192 dolore
852 3183 859 3190 .
887 3157 1021 3192 Sedebat

85 3204 208 3247 quippe
222 3201 382 3238 solitarius
394 3226 404 3242 ,
430 3203 593 3249 superqhoc
603 3208 693 3250 quod
705 3207 867 3242 acciderat
885 3208 1022 3253 ingemi·

87 3255 180 3288 scens
201 3253 323 3295 semper
348 3253 382 3286 ὅ(
400 3252 513 3287 dolens
523 3280 530 3287 .
558 3255 600 3290 Et
613 3258 691 3300 saepe
717 3259 751 3292 δε
764 3258 872 3301 saepiiis
882 3259 1001 3292 iterans
1012 3271 1022 3290 .-

44 3320 48 3323 «
92 3307 156 3336 Heu
171 3326 182 3341 ,
203 3300 257 3334 heu
267 3303 359 3334 accidi
381 3314 396 3335 e
408 3327 415 3334 .
444 3303 486 3335 Et
499 3305 629 3347 quidem
642 3309 830 3350 poenitentis
844 3309 947 3353 Regis
958 3307 1024 3340 haec

87 3363 156 3386 erat
166 3352 276 3385 salutis
286 3352 489 3394 providentia
503 3378 510 3385 .
539 3354 624 3388 Mox
634 3357 722 3391 enim
737 3358 770 3391 in
784 3359 892 3402 primo
904 3357 1025 3392 sacrile-

88 3401 263 3446 giiauditu
277 3401 365 3435 viros
375 3412 511 3446 magnos
536 3403 755 3442 &industrios
777 3407 826 3442 ad<
836 3409 1025 3443 Romanum

87 3449 283 3487 Pontificem
296 3450 515 3487 Alexandrum
528 3452 714 3498 destinavit,
735 3456 777 3492 ab
789 3458 859 3502 ipso
870 3458 1026 3506 tanquam

167 3513 170 3517 ·
188 3500 292 3541 christ.
310 3504 387 3545 Lupe·
399 3505 495 3544 Opera
507 3506 585 3536 rom.
602 3507 643 3538 X.

1083 2657 1172 2701 quod
1184 2670 1483 2703 quantamcumque
1499 2661 1726 2702 poenitentiam
1736 2661 1766 2695 ei
1777 2661 1970 2696 Cardinales
1982 2665 2029 2697 in-

1083 2709 1255 2753 jungerent
1280 2722 1338 2754 pro
1364 2710 1578 2743 satisfactione
1601 2732 1612 2748 ,
1637 2710 1782 2753 plenarie
1802 2723 2031 2755 exequeretur.

1085 2758 1225 2793 Dicebat
1245 2761 1335 2793 enim
1361 2770 1472 2794 coram
1485 2758 1639 2793 omnibus
1666 2760 1698 2794 se
1710 2760 1893 2807 intelligere
1904 2787 1913 2802 ,
1940 2762 2029 2804 quod

1085 2809 1176 2843 causa
1189 2811 1264 2843 effer
1276 2810 1392 2843 mortis
1407 2809 1724 2854 Archi-Episcopi‚&
1738 2812 1898 2856 quidquid
1910 2812 2030 2847 fastum

1084 2859 1145 2892 fuir
1158 2870 1286 2902 propter
1295 2871 1370 2894 eum
1382 2861 1502 2894 fastum
1515 2862 1592 2895 effer
1604 2885 1616 2901 ‚
1642 2872 1710 2895 non
1723 2862 1800 2905 quia
1811 2861 1878 2906 ipse
1901 2863 2032 2898 manda-

1086 2909 1166 2942 verit
1178 2934 1189 2950 ‚
1217 2909 1268 2943 sed
1279 2910 1355 2953 quia
1366 2911 1466 2944 amici
1477 2911 1511 2945 &
1523 2911 1699 2945 familiares
1714 2911 1862 2947 videntes
1876 2913 2031 2947 turbatio-

1086 2970 1158 2992 nem
1173 2959 1281 2993 vultus
1292 2959 1358 3003 ejus
1370 2961 1402 2994 δε
1415 2961 1600 3001 oculorum,
1614 2963 1852 3006 cognoscentes
1862 2963 1959 2998 etiarn
1972 2963 2031 2997 do-

1084 3008 1186 3043 lorem
1201 3009 1327 3050 cordis,
1340 3010 1374 3043 &
1387 3011 1464 3054 saepe
1475 3011 1644 3045 audientes
1654 3012 1788 3055 querula
1804 3013 1898 3048 verba
1912 3014 1978 3056 ejus
1989 3012 2029 3047 de

1082 3057 1386 3103 Archi-Episcopo,
1415 3061 1566 3104 injuriam
1590 3062 1658 3104 ejus
1679 3060 1799 3106 absque
1828 3064 2031 3098 conscientia.

1084 3107 1178 3152 ipsius
1195 3133 1205 3149 ,
1231 3109 1344 3145 ulcisci
1357 3111 1513 3154 parabant
1526 3136 1534 3144 .
1564 3110 1607 3145 Et
1620 3111 1695 3146 ideo
1704 3124 1779 3146 cum
1792 3113 1885 3147 omni
1899 3112 2031 3147 humili-

1081 3168 1147 3193 tate
1173 3160 1206 3193 ὃ(
1228 3160 1408 3195 devotione
1429 3160 1468 3194 ad
1482 3161 1616 3201 omnia,
1642 3172 1713 3204 quae
1735 3162 1834 3208 legati
1862 3163 2029 3205 juberent,

1083 3211 1113 3242 se
1128 3211 1310 3253 expositum
1326 3210 1479 3245 afferebat
1491 3236 1499 3242 .

1130 3259 1232 3293 Tunc
1254 3260 1437 3303 injuncium
1462 3262 1506 3295 est
1527 3261 1544 3293 a
1572 3261 1727 3306 Legatis,
1753 3262 1843 3305 quod
1864 3260 2029 3294 inveniret

1086 3307 1246 3344 ducentos
1266 3310 1387 3343 milites
1419 3321 1475 3354 per
1499 3323 1623 3345 annum
1655 3315 1818 3355 integrum
1846 3309 2029 3352 sumptibus

1084 3358 1146 3393 suis
1159 3384 1170 3399 ,
1197 3359 1349 3393 videlicet
1376 3361 1556 3405 unicuique
1568 3361 1665 3395 militi
1679 3370 1840 3394 trecentos
1864 3370 1978 3394 aureos
1995 3361 2028 3393 in

1085 3419 1166 3442 terra
1182 3409 1487 3452 Hierosolymitana
1510 3420 1624 3444 contra
1645 3409 1793 3455 paganos
1807 3434 1818 3450 ,
1848 3409 2028 3444 secundum

1083 3458 1330 3503 dispositionem
1361 3458 1648 3504 Templariorum.

1546 3508 1573 3541 E
1625 3519 1649 3545 2
1858 3511 1937 3544 Secu
1944 3520 1977 3542 n-
