2358 3776
492 111 532 156 S.
580 104 878 155 THOMAE
923 101 1316 151 CANTUAR.
1364 102 1501 149 LIB.
1551 108 1608 152 V.

104 197 313 239 metabatur,
339 207 414 231 eum
441 195 584 238 Ioannes
602 193 643 228 de
666 188 856 228 Oxeneford
891 186 1033 223 Romam

102 248 308 303 proficiscens
321 271 333 287 ,
358 247 393 281 ὅ(
404 243 579 280 manifesto
589 267 601 284 ‚
627 242 739 277 multis
753 239 939 284 justificatus
952 262 962 278 ‚
973 250 1035 282 per·

103 298 188 340 jurio
206 297 301 332 rediit
320 294 562 339 triumphator,
599 294 632 327 ἃ
647 291 688 327 ab
710 289 900 335 Apostolica
920 288 1000 322 Sede
1027 313 1037 329 ,

105 348 223 382 furenti
239 371 251 388 ,
274 347 360 390 quasi
373 357 429 390 per
443 345 475 379 se
490 355 557 380 non
572 341 810 378 satisinsaniret
821 363 832 381 ,
858 348 982 373 cornua
993 349 1036 373 at-

103 396 354 441 tulitpeccatori
368 420 376 428 .
402 394 459 429 Ab
472 404 510 428 ea
534 392 587 427 die
608 390 799 437 proscriptio
811 388 918 423 nostra
930 411 941 428 ,
967 399 1037 432 quae

106 448 200 481 antea
212 447 271 482 soli
282 445 413 491 Regi&
433 444 498 479 suis
522 452 645 488 poterat
662 439 836 485 imputari,
862 437 1035 472 Ecclesiam

102 496 289 531 Romanam
300 494 554 531 diffimulatione
565 493 617 527 vel
628 490 788 526 consensu
799 486 969 523 authorem
983 486 1036 523 ha-

103 546 154 581 bit
166 572 176 587 ,
208 548 286 581 ct'im
298 546 514 591 persecutori,
540 543 574 576 in
585 540 711 576 malitia
724 538 929 584 perduranti,
942 539 980 572 sit
990 540 1037 586 in-

102 596 194 630 dulta
208 597 350 635 dilatio,
375 591 408 629 dt
421 590 669 639 quodammode>
681 590 814 626 licentia
834 588 967 632 praestita
989 587 1035 622 in-

101 646 247 681 cubandi
260 644 408 680 Ecclesiis
419 667 430 685 ,
456 642 672 687 &torquendi
685 642 894 675 innocentes.
924 638 967 673 Et
979 649 1037 673 no·

103 696 153 730 bis
165 722 177 738 ,
202 697 225 730 si
244 695 323 742 quid
339 694 444 730 solatii
467 692 636 728 videbatur
656 690 719 726 esse
739 691 919 734 porrestum
933 713 945 730 ,
979 688 1037 723 sta·

102 746 193 782 time
205 747 320 781 Latere
331 744 474 780 Nunciis
494 755 551 778 aut
571 742 686 777 litteris
713 739 945 783 impediebatur
956 764 968 780 ,
995 749 1037 774 ne

101 797 254 831 votivum
274 807 331 830 aut
350 795 498 830 debitum
515 793 681 827 sortiretur
705 791 855 824 effectum
884 813 893 821 .
926 788 1036 824 Nobis

100 846 202 880 etiam
213 844 396 880 tacentibus
412 869 425 886 ,
450 852 556 878 rerum
568 852 704 877 eventus
715 841 760 875 ita
773 840 835 875 effe
845 839 1015 875 convincit
1025 864 1032 872 .

100 894 190 930 Ecce
201 895 375 930 enimcum
387 903 451 937 pax
464 892 570 926 nostra
581 916 593 932 ‚
620 892 700 926 sicut
714 891 811 926 multi
833 899 996 924 noverunt
1024 912 1036 929 ,

100 945 177 980 esset
189 945 224 980 in
234 944 339 987 Januis
350 967 362 983 ,
387 943 422 977 &
432 941 572 977 Ecclesia
582 940 734 977 solatium
747 965 758 983 ‚
785 949 823 975 ut
835 940 1036 984 putabamus,
1059 975 1061 981 A

99 995 214 1029 efficax
225 992 458 1028 aSanstiffimo
471 992 567 1027 Patre
588 991 745 1027 Romano
766 990 933 1026 Pontifice
950 1000 1037 1024 acce-

102 1045 222 1088 pisset,
248 1044 506 1088 supervenientes
520 1041 644 1076 Nuncii
656 1041 760 1088 Regis
771 1040 973 1076 abstulerunt
985 1051 1036 1083 pa·
1060 1034 1064 1071 ἶ

101 1105 196 1135 cem,
222 1094 256 1128 δι
277 1092 434 1127 absolutis
457 1093 751 1128 excommunicatis
771 1090 910 1130 nostris,
937 1090 1035 1124 etiam

101 1146 191 1187 spem
202 1142 480 1178 reconciliationis
491 1143 546 1177 vifi
560 1143 633 1177 sunt
643 1142 843 1186 praeclusiffe.
868 1138 1035 1184 Siquidem

101 1193 382 1228 denunciaverunt
392 1193 438 1228 eis
452 1217 464 1235 ,
481 1194 514 1227 dc
526 1194 598 1227 aliis
610 1192 797 1227 adversariis
807 1190 954 1225 Ecclesiae
963 1213 975 1229 ,
1000 1198 1036 1222 ut

102 1243 288 1284 silibuerit,
315 1244 369 1278 sex
379 1254 541 1278 annorum
554 1242 787 1286 appellationes
799 1264 812 1282 ,
837 1251 917 1283 quas
940 1240 1036 1273 toties

102 1294 265 1337 prosecuti
278 1295 405 1332 sumus,
430 1292 465 1325 δε
487 1292 651 1326 interdum
668 1290 873 1325 obtinuimus
894 1311 907 1328 ,
933 1288 1036 1331 prose-

100 1353 245 1386 qua-ntur
263 1342 299 1376 iti
311 1341 407 1375 Festo
418 1340 511 1374 Beati
534 1340 653 1378 Lucae,
678 1338 788 1373 scituri
807 1336 895 1379 quod
909 1337 1036 1370 nullum

99 1393 147 1425 eis
159 1391 318 1432 honoris,
342 1389 480 1430 Officii,
508 1388 692 1428 Beneficii,
718 1398 774 1423 aut
798 1388 891 1420 famae
912 1385 1038 1430 dispen-

100 1441 195 1476 dium
216 1438 423 1486 generabitur
434 1449 474 1472 ex
496 1437 586 1478 hoc,
610 1435 700 1481 quod
719 1447 970 1481 tanto-tempore
987 1447 1039 1470 ex-

100 1489 342 1526 communicati
354 1489 505 1522 fuerunt.
534 1487 641 1521 Unde
654 1488 687 1520 in
704 1497 745 1521 eo
763 1511 775 1528 ,
801 1484 945 1520 maxime
955 1483 1038 1528 apud

102 1541 262 1577 nostrates
271 1561 283 1577 ‚
306 1537 427 1581 justitia
440 1539 529 1582 viget
541 1536 762 1572 Ecclefiastica
774 1561 786 1577 ,
811 1534 899 1580 quod
910 1536 965 1579 qui
987 1546 1041 1579 per

103 1595 229 1624 annum
242 1587 623 1623 excommunicationem
636 1587 806 1627 sustinent,
818 1587 924 1620 notari
935 1585 1042 1620 solent
1057 1613 1059 1629 Ι

104 1639 256 1675 infamia.
267 1638 329 1672 Sed
340 1649 415 1672 ecce
424 1637 467 1672 ab
477 1636 574 1681 hujus
584 1636 742 1672 novitatis
751 1635 957 1681 exemplo,&
969 1647 1044 1680 qua·
1056 1630 1059 1661 ἶ

101 1691 126 1725 fi
145 1688 346 1733 Apostolico
359 1687 531 1732 privilegio
545 1711 557 1728 ,
573 1687 661 1732 quod
670 1687 857 1722 continetur
870 1686 905 1721 in
917 1686 1046 1728 litteris,
1065 1703 1067 1705 ·

92 1740 231 1775 ‘solutus
241 1739 543 1773 est-Ecclesiasticus
554 1737 649 1782 vigor
662 1762 669 1770 .
698 1738 789 1784 Qid
803 1749 884 1783 ergo
895 1736 1045 1780 superest,

104 1789 164 1824 nisi
175 1798 212 1823 ut
225 1788 347 1822 nullius
359 1789 521 1822 momenti
533 1788 568 1821 sit
580 1787 665 1830 apud
679 1787 898 1820 provinciales
919 1786 1045 1820 senten-

103 1839 171 1878 tia,
197 1846 298 1879 quam
308 1837 372 1871 fine
393 1838 486 1871 omni
499 1846 594 1880 poena
616 1834 728 1869 vident
749 1844 815 1869 tam
838 1834 935 1869 facile
957 1834 1046 1878 posse

105 1887 238 1924 diffolvi
252 1888 270 1919 ἓ
296 1886 485 1930 Juraverunt
498 1896 609 1920 tamen
626 1908 638 1924 ,
664 1883 851 1926 utdicitur,
868 1884 1044 1919 sestaturos

105 1936 266 1973 mandato
277 1936 419 1971 Domini
434 1937 529 1980 Papae
539 1960 549 1975 ‚
580 1937 631 1968 sed
644 1935 825 1978 praecipitur
835 1936 897 1968 effe
911 1934 1049 1969 abscon·

104 1988 232 2024 ditum.
263 1986 473 2024 Deus‘bone!
501 1984 596 2032 Qid
609 1986 653 2018 rei
666 1984 732 2024 est,
753 1984 842 2028 quod
853 1993 921 2026 quae
932 1992 1046 2017 contra

102 2038 284 2075 Ecclesiam
296 2036 381 2070 fiunt
401 2060 412 2076 ,
439 2036 574 2069 licenter
596 2034 809 2077 praedicantur
832 2034 866 2066 in
891 2033 988 2074 foro,
1012 2041 1049 2066 ut

109 2087 196 2122 trahi
214 2086 333 2130 possint
351 2086 391 2119 ad
409 2084 699 2128 consequentium
725 2084 791 2118 &si
803 2082 880 2127 quid
906 2093 967 2126 pro
989 2082 1049 2117 Ec-

107 2138 200 2172 clesia
215 2137 254 2170 fit
271 2161 281 2176 ‚
307 2135 398 2178 cujus
409 2135 596 2178 exemplum
608 2134 703 2177 poffit
724 2133 786 2167 effe
803 2132 986 2173 laudabile,
1015 2132 1048 2166 ἀ

108 2186 256 2232 prodesse
268 2186 302 2218 in
316 2185 480 2228 posterum
493 2208 504 2224 ‚
530 2183 613 2218 illud
636 2182 828 2227 Apostolica
843 2182 940 2217 Sedes
961 2181 1049 2225 jubet

108 2234 297 2271 abscondi?
324 2234 411 2269 Cum
423 2244 502 2278 ergo
518 2232 560 2267 sic
581 2233 667 2276 apud
688 2243 747 2267 vos
769 2258 780 2274 ‚
805 2232 1050 2277 praevalentibus

109 2284 293 2321 fautoribus
306 2283 410 2328 Regis
433 2294 489 2318 aut
510 2284 620 2327 potius
642 2284 792 2323 malitiae,
827 2294 882 2318 aut
909 2282 1050 2327 pecunia:

110 2334 329 2373 amatoribus,
348 2335 443 2367 causa
457 2332 582 2368 Christi
593 2334 743 2367 trastetur
754 2356 765 2373 ‚
775 2344 834 2367 eur
844 2332 862 2366 a
878 2331 1047 2367 nobisexi-

111 2386 221 2431 gitur,
245 2395 282 2419 ut
305 2384 470 2418 mittamus
493 2381 647 2418 Nuncios
671 2384 848 2426 sapientes,
883 2382 971 2425 quasi
993 2392 1051 2414 vos

110 2436 169 2479 ipsi
188 2443 257 2468 non
268 2432 442 2467 debueritis
455 2442 522 2467 tam
533 2432 649 2475 justam
660 2433 789 2466 causam
801 2455 813 2472 ,
830 2439 906 2466 tam
917 2431 1050 2465 manife-

109 2485 192 2519 stam
218 2482 392 2517 defendere
407 2506 417 2523 ,
443 2483 544 2517 etiam
580 2481 763 2517 tacentibus
790 2482 944 2517 universis
958 2482 974 2513 ,ἒ
1003 2481 1051 2514 At

109 2534 200 2568 enim
210 2532 284 2566 estis
296 2532 330 2565 in
343 2532 459 2566 mundi
472 2529 619 2566 Cardine
630 2533 801 2567 constituti
814 2556 825 2572 ‚
852 2541 888 2565 ut
910 2530 1051 2565 libereris

108 2591 284 2629 pauperem
295 2581 312 2614 a
325 2588 484 2624 potente,
509 2589 546 2614 ut
555 2580 713 2622 justitiam
724 2582 945 2616 decernatis&
957 2581 1053 2615 facia-

112 2632 251 2668 tisinter
271 2631 360 2664 filios
372 2629 569 2665 hominum.
596 2629 671 2664 Nos
687 2630 762 2663 sane
782 2631 867 2664 viros
891 2630 1045 2664 honestos

113 2683 319 2718 &litteratos
343 2680 577 2720 credebamus,
601 2690 686 2723 quos
706 2679 756 2713 via
770 2679 925 2714 Romana
949 2679 1055 2713 absor'

113 2732 186 2768 buit
199 2756 206 2764 .
231 2731 317 2780 Qat
327 2739 436 2764 tamen
451 2729 546 2764 nobis
558 2729 682 2764 utilitas
702 2729 736 2763 in
755 2730 915 2774 sanguine
924 2728 1057 2763 eorum?

113 2782 288 2825 Numquid
300 2780 466 2815 mittemus
477 2780 583 2824 plures
594 2789 629 2814 nt
651 2778 709 2822 ipsi
721 2780 906 2814 moriantur
917 2803 928 2819 ‚
952 2790 991 2813 ut
1006 2780 1055 2813 in-

1862 126 1956 171 333

1100 186 1195 233 pensa
1207 184 1304 220 nobis
1316 185 1515 230 periclitetur
1525 212 1535 228 ,
1562 190 1613 223 sed
1625 191 1658 224 ἀ
1679 194 1785 231 anima
1797 210 1809 231 .·
1837 195 1988 233 Christus
2013 224 2025 240 ,

1099 238 1151 274 cisi
1162 246 1234 271 eam
1245 236 1487 284 committimus
1500 260 1513 277 ‚
1531 238 1680 273 Ecclesia:
1691 245 1749 279 suae
1760 248 1795 282 fir
1818 256 1981 292 patronus>
1996 248 2031 284 δι’

1099 288 1200 324 causae
1216 311 1223 318 .
1246 285 1310 321 Sed
1322 286 1455 322 fortasse
1465 286 1551 322 dicet
1568 289 1705 332 aliquis,
1731 299 1886 335 quonjam
1898 308 1960 343 *pm-
1972 299 2028 335 bo,

1100 350 1144 373 no
1155 337 1262 381 pacis,
1289 339 1324 372 ὅ(
1343 349 1414 382 quae
1451 338 1656 383 praemifimus
1668 339 1755 384 gesta
1768 346 1859 388 sunt,
1886 350 1919 384 ἀ
1932 352 2031 386 toties

1100 388 1226 423 indulta
1245 386 1381 429 dilatio,
1410 389 1445 422 &
1470 386 1674 432 dispensandi
1695 390 1780 425 ratio
1802 395 1991 434 admissa-est
2019 425 2027 433 .

1101 438 1266 480 Utiquesi
1278 449 1339 481 pax
1351 439 1548 482 exspectatur
1573 440 1590 473 ὲ
1613 440 1690 474 Deo
1703 464 1714 480 ,
1737 443 1878 484 peccatis
1892 467 1903 482 ,
1926 448 1959 480 ὅς
1978 450 2032 483 1135

1099 498 1168 533 qua’,
1178 498 1290 523 contra
1300 488 1424 533 Legem
1438 488 1544 529 fiunt,
1572 491 1773 533 procuranda
1786 502 1853 526 non
1871 492 1916 527 est
1935 519 1942 526 .
1971 497 2033 532 Sia

1101 540 1176 573 Deo
1190 540 1296 574 sutura
1319 550 1389 572 non
1412 539 1457 573 est
1472 563 1483 578 ‚
1508 549 1568 572 nec
1593 539 1638 573 est
1661 540 1807 575 Ecclefiae
1827 543 1997 577 neceffaria
2025 569 2037 588 ,

1102 600 1161 623 nec
1172 590 1269 623 alicui
1295 589 1406 623 utilis.
1434 587 1604 623 Bonorum
1617 591 1801 626 nostrorum
1825 604 1894 627 non
1909 592 2039 639 indiget

1100 639 1208 677 Deus,
1237 639 1292 674 sed
1305 638 1391 673 certe
1402 650 1607 682 peccatorum
1632 641 1814 676 nostrorum
1838 643 1970 685 minus,
1996 643 2040 679 ad

1100 689 1336 732 expediendam
1347 689 1502 732 justitiam
1526 690 1559 724 δι’
1580 691 1834 726 misericordiam
1858 694 1974 734 suam,
2002 689 2041 734 δὲ

1100 739 1230 775 fortasse
1247 739 1372 773 tamdiu
1391 738 1491 773 dilata
1505 740 1549 775 est
1562 751 1624 784 pax
1636 753 1648 773 .-
1674 743 1750 786 quia
1761 753 1829 776 non
1844 743 1896 777 via
1918 743 2040 778 Do'm'io

1101 790 1159 831 ni,
1185 786 1393 823 sedhumana
1417 790 1650 833 procurabatur
1667 791 1806 834 astutia.
1834 792 2042 828 Exceffim'us

1100 839 1260 878 modum,
1286 839 1339 873 sed
1354 850 1448 884 urget
1459 851 1520 875 nos
1541 840 1706 877 necessitas
1719 867 1730 884 ‚
1754 851 1824 886 quae
1845 854 1904 877 nec
1927 842 2041 883 modo5

1101 901 1160 924 nec
1174 889 1289 934 regulae
1301 890 1484 925 neceffitate
1503 892 1642 925 ardiatur
1653 916 1661 924 .
1689 893 1732 927 Et
1745 893 1882 936 Spiritus
1893 894 2044 936 Saucius]

1099 940 1202 983 quiin
1228 939 1323 974 vobis
1346 939 1410 978 est,
1436 940 1661 984 persuadebit,
1686 947 1726 976 ut
1745 942 1923 977 necessari&
1948 950 2045 979 exce*

1099 989 1252 1024 dentibus
1275 987 1474 1034 indulgeatis
1495 991 1529 1025 ὃ(
1550 992 1819 1037 compatiamini.
1851 994 1889 1027 ln
1916 994 2042 1028 summa

1099 1041 1227 1083 pietatis
1239 1039 1344 1074 vestrm
1355 1040 1494 1084 genibus
1511 1042 1676 1084 provoluti
1701 1043 1921 1087 supplicamus
1939 1053 2043 1078 atten-

1100 1090 1186 1131 tius,
1211 1102 1248 1125 ut
1268 1089 1336 1124 haec
1359 1090 1472 1124 omnia
1494 1091 1654 1127 intimetis
1678 1094 1830 1128 Domino
1852 1093 1949 1135 Papae
1974 1116 1985 1132 ‚
2010 1090 2048 1129 ἃ

1101 1140 1315 1183 persuadeatis
1335 1141 1364 1174 ei
1377 1164 1387 1180 ,
1414 1151 1455 1173 ne
1467 1141 1507 1189 de
1518 1153 1634 1176 caetero
1642 1142 1961 1178 circumventoribus
1974 1153 2046 1183 cre&

1100 1190 1157 1224 dat
1169 1213 1180 1230 ,
1204 1190 1261 1232 qui
1281 1201 1394 1224 amore
1412 1191 1557 1226 sordium
1568 1193 1674 1227 allesti
1690 1195 1793 1238 ipsum
1806 1205 1973 1228 conantur
1995 1193 2050 1226 in·t

1099 1239 1216 1273 ducere
1239 1263 1251 1280 ,
1276 1249 1313 1273 ut
1327 1240 1360 1273 in
1373 1239 1498 1276 laefione
1510 1243 1620 1277 nostra
1634 1242 1781 1278 animam
1805 1245 1895 1278 suam
1908 1240 2021 1289 perdat
2032 1265 2046 1283 ,

1099 1289 1134 1323 ἀ
1155 1289 1284 1322 causam
1299 1287 1421 1323 Christi
1439 1312 1447 1320 .
1790 1307 1792 1309 v

1184 1385 1641 1422 ·EplsTOLA
1743 1389 1917 1427 XXIII.

1148 1489 1299 1520 Gratiano
1326 1488 1472 1519 Romanae
1493 1485 1633 1526 Ecclefiae
1657 1486 1841 1527 {abdias-ono
1865 1493 2012 1527 coexules
2031 1504 2033 1506 ·

1353 1538 1445 1569 Beati
1473 1535 1591 1570 Thomae
1617 1539 1762 1577 Martyris
1779 1564 1787 1573 .

1108 1633 1201 1721 EI
1225 1634 1458 1672 consultissime
1482 1636 1622 1672 vulneris
1643 1637 1845 1685 deteguntur
1866 1640 2049 1678 incommo·

1211 1689 1274 1728 da,
1300 1688 1357 1731 qui
1367 1690 1570 1730 compatitur
1593 1699 1649 1722 aut
1662 1691 1828 1725 medetur:
1856 1693 1971 1727 necin
1994 1695 2053 1730 zie-¹

1106 1738 1247 1773 ceffirate
1258 1737 1428 1782 quisquam
1441 1736 1551 1779 potius
1561 1736 1728 1772 adeundus
1740 1739 1785 1773 est
1798 1750 1839 1775 eo
1852 1765 1863 1781 ‚
1873 1742 1932 1786 qui
1944 1738 2050 1786 ipsam

1107 1786 1279 1821 consuevit
1293 1785 1430 1819 fideliter
1440 1784 1595 1830 expedire
1608 1811 1617 1819 .
1646 1786 1689 1820 Et
1700 1790 1835 1832 quidem
1851 1785 2055 1836 Anglicanae'

1108 1835 1257 1871 Ecclefiae
1267 1834 1450 1880 gravissima
1463 1835 1628 1870 neceffitas
1638 1836 1684 1871 est
1695 1862 1706 1879 ,
1734 1837 1797 1873 &a
1810 1840 1923 1874 multis
1934 1840 2057 1876 diebus‘

1108 1886 1173 1930 jam
1194 1886 1260 1920 fere
1282 1884 1477 1919 insanabilis
1497 1886 1591 1930 plaga
1610 1911 1621 1927 ,
1646 1888 1699 1921 cui
1723 1889 1887 1924 medelam
1917 1889 2054 1934 plurimi

1108 1935 1325 1979 promiserunt
1339 1958 1350 1974 ,
1378 1934 1506 1978 sedjarn
1516 1934 1580 1969 fere
1590 1936 1646 1970 sex
1655 1946 1818 1973 annorum
1834 1939 1962 1982 prorsus
1982 1942 2057 1975 ela-¹

1111 1986 1168 2029 pso
1192 1984 1355 2018 curriculo
1367 2007 1378 2023 ,
1404 1992 1517 2028 praeter
1528 1996 1587 2019 vos
1599 1995 1668 2020 non·
1679 1987 1741 2023 fuit
1751 1989 1793 2027 ab
1817 1989 1958 2026 Ecclesia
1980 1985 2057 2026 Ro'}

1110 2044 1207 2068 mana
1229 2033 1448 2075 descendens,
1474 2036 1530 2079 qui
1552 2035 1735 2079 adjuvaret.
1764 2039 1962 2088 Qaercbant
1984 2038 2055 2076 am'

1110 2084 1238 2119 fortaffe
1249 2091 1319 2126 quae
1329 2083 1384 2117 sua
1406 2085 1481 2118 sunt
1492 2108 1503 2123 ,
1530 2085 1563 2119 &
1574 2084 1697 2122 Christi
1712 2089 1959 2133 postposuerunt
1975 2085 2050 2135 glo-z

1111 2135 1211 2175 riam,
1237 2133 1271 2167 ὅ(
1286 2133 1432 2180 Ecclefie
1443 2133 1668 2171 honestatem.
1696 2135 1837 2173 Sed‘vos
1848 2140 1888 2175 ab
1910 2139 2052 2183 homine¹

1113 2184 1173 2218 illo
1208 2207 1221 2224 ,
1247 2184 1302 2227 qui
1325 2184 1494 2228 corruptili
1520 2197 1623 2227 auro,
1648 2188 1682 2221 &
1704 2199 1866 2235 argento,
1890 2191 1925 2225 δε
1949 2181 2054 2224 variis

1113 2233 1294 2268 lenociniis
1311 2233 1484 2269 mundanae
1504 2235 1715 2279 supellectilis
1733 2239 1968 2275 contrahentes
1978 2250 2053 2274 cor-

1113 2292 1260 2326 rumpere
1270 2282 1441 2316 consuevit
1454 2284 1575 2322 ,³nihi1
1590 2297 1700 2327 praeter
1722 2289 1941 2323 sinceritatem
1964 2295 2056 2329 εστι-ζ

1114 2332 1256 2367 scientia:
1269 2330 1441 2365 retulistis.
1471 2331 1544 2366 Nee
1562 2344 1619 2367 vos
1641 2337 1799 2378 poeniteat
1824 2337 1915 2373 hunc
1939 2330 2058 2374 Recte:

1113 2382 1240 2417 siaeDei
1258 2380 1359 2426 gratis
1377 2380 1555 2424 praestitisse
1575 2383 1719 2418 laborem
1731 2411 1742 2426 ,
1769 2394 1830 2420 nec
1841 2399 1899 2422 vos
1920 2389 2059 2422 arbitre⁰¹

1113 2432 1197 2467 mini
1212 2431 1378 2465 modicam
1387 2432 1554 2474 suscepisse
1567 2434 1747 2473 mercedem
1759 2458 1770 2475 ‚
1782 2436 1835 2469 cui
1849 2436 1971 2478 duplex
1983 2436 2047 2472 virss

1113 2482 1192 2517 tutis
1199 2483 1317 2516 fruatis
1327 2481 1471 2515 redditus
1481 2480 1526 2513 est
1538 2493 1545 2512 :
1561 2480 1596 2513 in
1608 2483 1811 2519 conscientia
1823 2485 1997 2526 alter‚alter
2010 2487 2047 2523 in

1113 2533 1218 2577 gloria
1234 2557 1241 2564 .
1269 2529 1330 2566 Sed
1344 2541 1521 2573 utrumque
1531 2530 1769 2572 perseverantia
1787 2535 2024 2579 multiplicabit
2036 2562 2048 2579 ‚

1113 2584 1146 2617 δε
1159 2582 1237 2616 dum
1256 2580 1442 2625 Anglicana
1457 2580 1490 2613 in
1513 2579 1646 2614 Christo
1659 2582 1792 2625 spirabit
1818 2585 1962 2620 Ecclesia
1982 2598 2048 2621 me-

1114 2633 1181 2667 rito
1191 2631 1312 2666 recolet
1322 2630 1353 2664 se
1366 2628 1457 2664 vobis
1467 2629 1530 2663 esse
1539 2628 1719 2666 obnoxiam
1731 2658 1738 2665 .
1765 2635 1863 2670 Scitis
1871 2636 1972 2679 quam
1988 2637 2050 2671 mi-

1116 2681 1290 2718 serabiliter
1303 2679 1480 2714 lacerata&
1494 2681 1686 2715 conculcata
1700 2683 1739 2717 fit
1751 2682 1923 2725 haetenus,
1948 2688 2048 2730 quam

1116 2733 1210 2768 variis
1230 2729 1474 2770 delufionibuS,
1512 2730 1545 2763 ἀ
1563 2732 1691 2775 quoties
1713 2733 1808 2778 ipsius
1833 2736 1870 2769 fit
1894 2737 2052 2779 impedita

1106 2782 1256 2827 justitia,
1285 2779 1384 2824 quam
1398 2778 1475 2823 saepe
1490 2780 1604 2814 solatia
1623 2781 1734 2817 debita
1748 2808 1758 2824 ‚
1784 2796 1854 2826 quae
1874 2785 1930 2819 sibi
1952 2785 2053 2821 colla-

114 2831 309 2867 nocentium
330 2831 496 2865 minuatur
515 2840 668 2864 numerus
689 2828 742 2863 vel
776 2830 965 2864 annulletur
979 2853 989 2869 ‚
1014 2828 1049 2863 &
1115 2843 1147 2868 ta
1159 2830 1352 2866 videbantur
1365 2854 1377 2870 ,
1401 2830 1445 2864 ab
1459 2829 1651 2874 Apostoliea
1663 2832 1743 2868 Sede
1754 2834 2049 2881 misfiseRegione

114 2891 275 2924 tyrannus
287 2906 298 2922 ‚
324 2879 390 2914 illis
399 2880 550 2915 extinctis
559 2903 569 2919 ‚
598 2881 732 2914 licenter
744 2877 931 2914 dominetur
946 2876 1058 2913 Eccle-

115 2932 165 2965 siae
175 2930 268 2964 nullo
277 2931 521 2965 contradicente
535 2931 551 2961 ?
563 2930 597 2963 Si
609 2929 843 2974 appellationes
856 2931 1049 2974 prosequen-

115 2982 165 3016 ‹1ae
174 2982 247 3015 sunt
260 3004 272 3020 ,
294 2992 394 3024 quare
403 2980 482 3015 cum
494 2978 703 3014 nascebantur
717 3005 728 3020 ,
754 2990 809 3014 aut
833 2980 982 3014 nondum
999 2991 1052 3013 ex·

118 3031 319 3075 piraverant,
345 3041 414 3064 nou
428 3032 504 3065 sunt
515 3029 732 3064 examinata?
760 3028 865 3064 Satius
887 3031 976 3064 enim
990 3030 1057 3063 fue·

119 3089 168 3115 rat
181 3078 276 3114 nobis
288 3089 340 3113 eas
363 3089 442 3114 tunc
461 3079 629 3124 expediri,
654 3090 710 3115 aut
733 3080 845 3114 saltem
867 3079 1056 3115 denunciari

119 3130 241 3170 nobis,
271 3138 308 3163 ut
320 3128 443 3176 aliquid
455 3130 543 3164 aliud
559 3130 686 3174 negotii
705 3141 890 3175 ageremus,
918 3142 986 3175 quo
1017 3128 1048 3162 vi

121 3190 190 3214 tam
203 3180 343 3214 nostram
356 3178 515 3223 possiemus
523 3188 698 3223 utcumque
708 3180 924 3225 transigere‚&
931 3180 1059 3214 causam

120 3231 213 3264 suam
220 3230 297 3263 Deo
307 3229 587 3265 committeremus
598 3230 831 3272 expediendam
845 3232 861 3262 .?
873 3230 1009 3274 Spoliati
1022 3230 1054 3263 &

121 3279 204 3313 nudi
216 3279 325 3313 sumus
341 3304 349 3312 .
377 3279 461 3314 Satis
474 3278 628 3313 haetenus
639 3279 856 3316 delusionibus
870 3278 1057 3322 hujusmodi

122 3328 267 3373 fatigaris
276 3329 460 3364 consultius
482 3330 544 3364 effe
561 3329 724 3364 credimus
737 3354 748 3372 ‚
773 3341 811 3365 ut
823 3331 923 3365 vitam
936 3330 971 3363 in
991 3340 1062 3362 ora·

123 3378 271 3413 tionibus
288 3402 300 3419 ,
324 3379 423 3422 quam
450 3380 486 3413 in
522 3378 634 3413 litibus
670 3379 823 3416 finiamus
835 3405 845 3422 ‚
869 3378 1057 3415 domesticis

123 3428 279 3474 exemplis
287 3428 408 3470 edosti,
422 3440 464 3464 ne
472 3428 514 3464 de
525 3440 640 3468 caetero
652 3440 720 3465 nou
730 3431 832 3468 modo
844 3442 941 3475 opera
955 3430 989 3465 &
1005 3430 1062 3464 im·

1118 2881 1233 2917 litteris
1254 2890 1309 2914 aut
1329 2879 1494 2921 Nunciis,
1518 2879 1703 2917 &indultis
1715 2884 1796 2918 adve
1808 2887 1862 2920 rsz
1882 2887 1962 2929 parti
1975 2886 2054 2920 dila-

1118 2930 1266 2968 tionibus
1284 2928 1439 2965 subtracta
1450 2930 1531 2965 sint:
1558 2933 1729 2976 quomodo
1741 2936 1873 2977 quidam
1893 2936 1937 2970 de
1963 2935 2044 2969 DD.

1119 2979 1347 3017 Cardinalibus
1369 3004 1380 3020 ‚
1405 2980 1490 3015 &de
1516 2981 1705 3017 Curialibus
1728 2985 1859 3020 Amicis
1879 3010 1890 3025 ,
1917 2984 2047 3019 afflictae

1121 3030 1307 3066 vulneribus
1318 3030 1449 3065 vulnera
1474 3031 1673 3066 influxerunt
1685 3057 1695 3073 ,
1722 3042 1757 3067 ut
1776 3034 1840 3078 jam
1854 3046 1923 3070 non
1946 3035 1982 3075 sit
1994 3034 2053 3069 do·

1120 3082 1193 3121 lor,
1218 3079 1503 3124 ficutdolorejus.
1529 3079 1684 3116 Poterant
1708 3081 1775 3117 baec
1799 3084 1840 3119 ab
1851 3085 1949 3120 initio
1964 3083 2050 3128 Regi

1122 3130 1309 3176 Anglorum
1322 3131 1518 3175 imputari&
1530 3131 1744 3175 complicibus
1754 3133 1817 3169 suis
1828 3159 1839 3175 ,
1865 3136 1919 3179 qui
1931 3132 2049 3167 horum

1120 3182 1272 3216 omnium
1284 3181 1318 3214 in
1341 3180 1493 3224 injuriam
1506 3181 1571 3214 Dei
1584 3181 1722 3217 causa&
1734 3185 1848 3219 arti-fex
1869 3184 1914 3218 est
1927 3207 1938 3223 ‚
1963 3182 2017 3216 cui
2028 3181 2052 3216 si

1121 3230 1294 3275 antequam
1313 3231 1412 3265 Curia
1433 3229 1631 3272 justificasset
1653 3231 1770 3273 illum,
1795 3233 1850 3276 qni
1872 3232 2052 3266 schismatis

1121 3280 1316 3316 conciliator
1325 3280 1428 3313 fuerat
1440 3302 1451 3319 ‚
1477 3279 1633 3315 vellemus
1646 3281 1750 3317 ablata
1763 3283 1924 3315 remittere
1933 3305 1945 3321 ‚
1968 3281 2002 3315 ἃ
2017 3281 2054 3315 in

1123 3331 1278 3367 laefionem
1304 3328 1451 3363 Ecclefiae
1470 3330 1688 3372 perniciosum
1711 3330 1956 3374 compositionis
1976 3330 2054 3365 dare

1121 3381 1307 3424 exemplum
1321 3402 1330 3417 ‚
1357 3389 1468 3420 pacem
1490 3379 1706 3413 mediantibus
1728 3380 1856 3415 Amicis
1876 3388 1888 3423 ,·
1914 3379 2055 3421 cessante

1123 3441 1219 3475 opera
1232 3428 1323 3464 Sedis
1344 3428 1548 3472 Apostolicae
1561 3439 1686 3464 eramus
1697 3428 1858 3466 habituri.
1885 3430 1948 3467 Sed
1961 3429 2057 3470 absit,

1906 3491 1943 3516 ut
1956 3490 2014 3526 pro
