2358 3776
570 158 613 203 s.
666 150 963 213 THosMAE
997 140 1407 206 CAN‘lssssuA‘m
1471 149 1611 203 1113..
1647 156 1707 203 v.

146 251 239 284 leant
253 246 482 287 indeficienter
505 255 714 288 compararet
744 239 869 276 Adhaec
890 238 1092 280 praesentium

150 298 210 333 tibi
230 297 432 337 authoritate
455 293 658 340 injungimus
680 318 691 334 ‚
730 303 766 327 ut
786 286 951 330 Fratribus
980 288 1093 323 nostris

153 345 496 391 Comprovincialibus
511 345 682 388 Episcopis
693 353 734 378 ex
755 352 844 386 parte
864 339 971 376 nostra
990 340 1092 384 signi-

152 400 230 434 fices
243 423 252 437 ‚
280 407 312 432 te
324 397 407 432 istud
420 397 438 431 a
449 395 545 431 nobis
556 395 749 432 mandatum
762 390 927 433 suscepisse
940 413 950 428 ‚
977 389 1010 422 δι
1036 399 1092 424 eos

148 450 188 484 ad
202 447 428 483 celebrandam
441 446 528 480 illius
541 444 667 486 pretioli
693 441 849 485 Martyris
872 438 1093 476 Festivitatem

147 500 267 534 invites
279 497 432 534 attentius
445 497 478 533 ὅ(
491 495 628 532 horteris
641 519 653 535 ,
681 495 726 529 ita
739 489 827 536 quofd
839 489 895 533 ipfi
910 489 950 524 ad
964 487 1027 523 hoc
1039 501 1094 534 per

147 549 336 585 studium&
351 547 606 582 sollicitudinem
621 555 710 581 tuam
735 540 957 580 vehementius
980 552 1091 574 accen-

147 600 269 634 dantur
286 622 297 638 ,
323 599 357 635 &
371 608 440 633 eam
454 599 575 631 faciant
587 597 605 630 a
616 596 680 629 suis
692 590 906 633 parochianis
920 591 1092 630 annuatim

145 660 223 685 curn
236 661 356 695 magna
368 648 550 685 devotione
561 642 743 683 observari.

302 742 710 784 EPISTOLA
813 741 944 780 XCV·

148 849 321 883 Alexander
349 852 437 895 Papa
449 846 608 883 alberto&
634 842 830 881 Tbeodebma
853 839 1070 876 Cardinatibus
1085 865 1093 873 .

171 948 249 982 DE
280 941 893 986 RECONCILIATIONE
931 939 1070 976 CAN-

246 994 640 1035 TUARll-:N81s
667 990 994 1031 ECCLESLAE.
1055 1003 1058 1006 ’

266 1095 514 1133 ANDAMUS
557 1094 654 1130 vobis
681 1119 693 1135 ,
720 1104 882 1138 quatenus
919 1091 1095 1127 Ecclefiam

290 1147 481 1186 Can-uariae
500 1147 628 1184 faciatis
649 1144 854 1179 reconciliari
878 1167 891 1183 ‚
916 1144 961 1178 ita
984 1152 1092 1176 tamen

144 1208 181 1233 ut
207 1198 453 1233 Sacramentum
478 1196 619 1239 pristitiae
640 1194 860 1230 dedicationis
886 1204 954 1229 non
976 1190 1094 1226 debeat

150 1249 283 1288 iterari,
310 1248 364 1284 sed
384 1248 463 1282 sicut
476 1246 554 1280 solet
569 1245 637 1281 neri
650 1246 682 1279 in
697 1244 836 1279 Ecclelia
848 1242 941 1277 Beati
966 1241 1055 1275 Petri
1083 1264 1095 1282 a

145 1298 276 1335 tantum
290 1308 372 1342 aqua
384 1297 774 1338 benedicta,aspergatur¹
799 1291 891 1328 Bene:
917 1290 1044 1327 valete,

291 1389 702 1432 EPISTQLA
792 1387 976 1428 .XCV1.

195 1494 333 1530 Allienus
356 1495 392 1531 (ἓν
415 1491 628 1529 Theodebmus
658 1491 845 1524 Cardinaeles
873 1492 1046 1527 conventui,

522 1546 699 1578 cantuaria
713 1565 721 1576 .

231 1644 478 1681 AETAMUR
510 1656 592 1686 nos,
621 1643 790 1680 laetatur&
813 1653 882 1688 quae
905 1640 996 1675 audit
1016 1649 1093 1675 con·
1113 1657 1115 1659 ν

255 1697 409 1741 gregario
434 1696 579 1730 universa
606 1696 764 1739 justorum
788 1717 799 1733 ‚
823 1692 912 1738 quod
952 1702 1093 1730 mortem

142 1750 256 1782 sanstae
268 1746 433 1782 memtiriae
444 1746 590 1781 Tbomae
605 1771 615 1786 ‚
643 1745 812 1788 quondam
824 1742 927 1778 Archi
939 1760 950 1769 -
967 1742 1091 1784 Episco

140 1800 175 1842 pi
188 1799 281 1831 vestri
294 1820 304 1835 ,
323 1798 372 1830 ita
386 1798 421 1830 in'
435 1798 612 1839 conspeetu
629 1796 688 1829 suo
700 1794 790 1826 Deus
804 1792 978 1836 pretiosam
991 1791 1093 1825 osten-

141 1848 188 1882 dit
203 1871 213 1885 ,
240 1847 272 1881 δι
288 1845 507 1880 venerandam
519 1845 587 1887 ejus
608 1843 803 1878 memoriam
812 1852 862 1876 tot
878 1840 1043 1875 miraculis
1057 1840 1089 1874 il-

140 1897 289 1931 lustravit
304 1921 314 1934 ,
341 1905 375 1931 ut
388 1895 471 1930 odor
484 1904 731 1939 unguentorum
755 1891 850 1935 ipfius
864 1892 929 1934 jam
950 1891 1016 1925 fere
1038 1901 1093 1933 per

144 1947 401 1990 totumCorpus
418 1946 564 1979 Ecclesiae
589 1946 620 1978 se
640 1943 827 1982 diffundat,
852 1942 885 1976 &
907 1941 1006 1974 virtus
1026 1939 1094 1983 ejus

140 1999 175 2032 in
199 1998 338 2032 Oriente
356 1997 390 2030 &
413 1996 598 2029 Occidente
620 1992 842 2028 communiter
870 1989 1056 2033 praedicetur
1084 2014 1092 2022 .

141 2047 191 2081 lta
205 2057 239 2080 ut
252 2046 308 2090 qui
323 2046 476 2081 felicibus
490 2045 579 2079 'illius
596 2043 717 2078 navbus
730 2066 741 2082 ,
766 2042 847 2077 dum
869 2042 989 2074 viveret
1003 2063 1015 2079 ,
1039 2042 1087 2077 in-

141 2097 297 2132 videbant
310 2120 322 2136 ‚
348 2096 381 2130 δε
395 2106 483 2129 nunc
494 2095 617 2128 casibus
634 2092 792 2128 humanis
802 2103 845 2125 eo
854 2101 1031 2134 exempto,
1058 2091 1091 2126 ἀ

142 2148 184 2182 ad
208 2147 424 2188 supernorum
450 2146 638 2179 societatem
663 2168 674 2182 ‚
701 2150 736 2176 ut
757 2142 944 2180 credimus,
970 2139 1034 2173 fide
1055 2150 1092 2173 ac

150 2196 223 2232 zelo
248 2194 450 2230 sacerdotali
468 2204 676 2237 promerente
698 2193 872 2231 translato,
902 2200 1091 2224 venerentur

147 2244 431 2287 virtutemipiius‚
458 2247 487 2278 ἀ
509 2243 539 2278 ei
554 2243 610 2288 qui
634 2244 711 2277 facit
733 2242 893 2278 mirabilia
914 2251 1032 2285 magna
1045 2241 1089 2273 so·

148 2297 199 2331 lus
211 2322 222 2336 ,
249 2295 426 2340 gratiarum
439 2295 577 2328 referant
588 2295 762 2328 actiones..
777 2293 867 2338 Quia
880 2290 981 2335 igitur
1000 2290 1091 2324 vide·-

145 2357 197 2382 tur
224 2346 407 2386 idoneum,
432 2354 466 2377 ut
492 2345 570 2379 curn
609 2342 791 2389 magnalia,
822 2352 893 2384 quae
915 2342 996 2376 facta
1018 2341 1091 2373 sunt

148 2396 235 2439 apud
250 2407 307 2430 vos
319 2421 328 2435 ‚
358 2397 553 2437 populorum
565 2393 655 2428 turba
666 2393 818 2428 decantet
828 2415 838 2430 ‚
864 2391 897 2424 δε
914 2389 1091 2435 gratiarum

147 2447 273 2481 asto&
298 2456 361 2478 vox
387 2443 491 2478 laudis
517 2445 642 2478 resonet
667 2444 700 2476 in
719 2450 923 2481 commune,
953 2440 1090 2473 Ecclefia

145 2496 245 2530 vestra
260 2519 270 2533 ,
298 2505 397 2537 quam
408 2504 502 2527 tanto
515 2504 649 2527 munere
661 2493 765 2538 gratia
779 2492 901 2525 Divina
912 2488 1052 2523 donavit
1079 2512 1090 2529 ,

142 2545 202 2579 sub
215 2543 393 2577 atrocitatis
405 2541 543 2576 obtentu
555 2542 678 2576 diutius
691 2553 759 2576 non
769 2540 884 2574 debeat
895 2542 913 2573 a
935 2539 1086 2574 condito·

147 2593 188 2630 ris
202 2592 296 2628 laude
307 2592 444 2630 ceffare,
475 2590 645 2624 reddentes
670 2591 765 2624 nobis
788 2601 907 2624 mutuae
929 2590 1085 2623 salutatio-

146 2656 197 2679 nis
210 2643 395 2685 alloquium
408 2665 420 2680 ,
430 2642 462 2675 δε
477 2641 630 2683 petitioni
643 2640 748 2672 vestrae
760 2640 885 2672 devoto
897 2650 1087 2673 concurren-

144 2707 193 2729 tes
206 2692 326 2727 aisensu
346 2715 356 2731 ,
384 2692 591 2725 Fraternitati
616 2690 719 2723 veiirae
730 2688 922 2722 maidarnus
944 2713 955 2729 ,
981 2700 1090 2732 quate-

150 2743 211 2778 nus
232 2742 427 2778 convocatis
456 2740 621 2784 Episcopis
641 2740 672 2773 &
704 2738 887 2772 Abbatibus
912 2739 1091 2774 Provinciae

149 2794 279 2833 vestrae,
305 2791 361 2835 qui
375 2790 516 2825 vobisad
542 2790 606 2825 hoc
630 2788 739 2823 idonei
763 2788 815 2821 viii
842 2789 986 2829 fuerim,
1011 2800 1087 2823 cuin

151 2842 371 2878 solemnitatis
399 2840 652 2880 Ecclesiasticae‚
680 2841 758 2872 sicut
783 2838 961 2880 maioribus
989 2841 1089 2873 visum

151 2896 234 2930 fuit,
264 2891 508 2931 moderamine,
535 2891 648 2924 denuo
664 2889 837 2923 Eccleliam
858 2889 994 2923 vestram
1015 2901 1087 2923 con·

151 2944 279 2979 secretis
299 2967 305 2974 .
333 2942 364 2975 Si
388 2942 466 2983 quid
490 2945 597 2974 minus
631 2939 837 2974 solemnitate
860 2961 870 2975 ‚
896 2940 1088 2973 divinorum

153 2993 391 3028 Miraculorum
409 2993 527 3032 poterit
542 2990 758 3024 illustratione
771 2989 927 3031 suppleri.
956 2989 1029 3023 Nos
1051 2992 1091 3024 sa·

155 3043 227 3077 neli
242 3041 367 3083 aliquid
382 3041 501 3079 fuerit,
527 3043 614 3084 quod
637 3041 676 3074 ad
699 3039 874 3082 profectum
899 3038 1033 3073 vestrum
1060 3042 1091 3074 ὃ(

155 3091 305 3127 Ecclesiae
315 3089 417 3123 vestrae
431 3091 534 3124 facere
547 3091 708 3124 valeamus
721 3115 730 3130 ,
759 3099 917 3134 quantum
929 3099 1004 3123 cum
1020 3092 1092 3124 Deo

152 3144 332 3188 poterimus
345 3164 356 3182 ,
367 3138 484 3175 lnbenti
496 3140 608 3177 animo
620 3141 793 3176 faciemus.
822 3139 876 3173 Te
889 3140 998 3174 Deum
1012 3142 1096 3177 Lau-

156 3194 289 3229 damus.
744 3199 747 3203 ·

1931 175 2022 225 371

1398 286 1430 322 E
1454 284 1483 324 Ρ
1507 285 1524 325 1
1547 286 1570 321 S
1595 286 1633 328 Τ
1657 289 1693 323 0
1717 290 1747 332 L
1771 293 1805 330 A

1435 389 1556 425 Uononi
1583 393 1666 429 term
1691 390 1809 433 Papa,

1202 488 1281 527 DE
1306 487 1809 524 TRANSLATIONE
1846 491 2043 538 ΒΕΛΤΙ

1240 537 1487 578 THoMAE
1515 539 2010 585 ARCHr-t-:l’lscopl

1398 587 1477 626 ET
1503 588 1845 634 MARTYssls.

1158 694 1301 725 Honorius
1315 687 1503 732 Epifiopus,
1526 687 1635 733 servus
1652 688 1811 734 servorum
1834 695 1909 733 Dei,
1939 693 2083 738 univer-fis

1204 739 1313 783 Christi
1320 740 1457 783 fidelibus
1477 765 1488 781 ‚
1519 740 1680 774 Nobilibus
1690 743 1725 775 Θ·
1737 743 1807 775 alm
1831 752 1887 783 per
1900 747 2041 791 angliam

1328 789 1490 830 constitutis
1504 813 1515 829 ‚
1534 788 1663 833 salutem
1674 793 1708 825 δ’
1722 791 1910 835 apostolicam

1494 841 1740 883 Benedrdh'onem
1749 867 1758 877 .

1158 938 1324 1026 REX
1348 940 1480 975 caelestis
1494 967 1503 982 ‚
1515 941 1683 978 Dominus
1697 943 1905 989 Angelorum
1917 970 1928 985 ‚
1938 945 2099 992 Regnum

1278 990 1407 1035 Angtiae
1417 991 1536 1026 caetcris
1556 993 1654 1028 altius
1673 995 1791 1029 nostris
1812 995 2015 1040 temporibus
2037 995 2097 1033 ho·

1156 1042 1284 1098 noravit
1295 1065 1309 1082 ‚h
1328 1042 1360 1079 ἀ
1369 1042 1496 1084 speciali
1509 1044 1651 1086 quadam
1663 1046 1869 1090 praerogativa
1879 1056 2014 1092 gentem
2029 1047 2101 1080 Ana

1154 1091 1279 1136 glicam
1290 1092 1459 1136 inlignivit
1473 1117 1486 1133 ‚
1509 1093 1588 1128 dum
1600 1095 1729 1131 mundo
1744 1097 1844 1140 pofito
1859 1100 1890 1129 in
1905 1097 2056 1141 maligno
2081 1119 2096 1137 ,

1154 1141 1188 1180 ἀ,
1202 1141 1327 1178 malitia
1339 1141 1516 1179 hominum
1526 1146 1731 1185 excrescente
1743 1171 1755 1188 ‚
1784 1148 1888 1181 virum
1903 1146 1959 1180 fibi
1973 1144 2097 1181 exinde

1156 1191 1222 1225 fine
1233 1191 1360 1226 macula
1374 1194 1536 1238 pra-elegit
1547 1219 1559 1235 ,
1584 1196 1641 1239 qui
1671 1207 1736 1231 non
1761 1197 1866 1233 solum
1888 1199 1923 1231 in
1946 1206 2095 1240 tempore

1157 1242 1330 1278 iracundiae
1346 1242 1574 1278 reconciliatio
1595 1246 1698 1284 sadus
1718 1246 1764 1280 est
1786 1258 1821 1282 ut
1847 1245 2016 1285 sacerdos,
2044 1256 2097 1280 ve·

1157 1291 1227 1327 rum
1239 1291 1340 1327 etiam
1358 1294 1397 1323 ad
1411 1291 1548 1328 Caeleste
1569 1295 1764 1328 convivium
1792 1297 1949 1331 invitatus
1961 1321 1973 1336 ,
2001 1297 2099 1329 illum

1158 1340 1303 1381 saporare
1324 1340 1442 1379 meruit
1454 1363 1464 1378 ,
1491 1349 1587 1382 quem
1610 1339 1736 1375 biberat
1758 1343 1927 1377 Dominus
1950 1345 2100 1379 Calicem

1156 1387 1327 1432 paffionis.
1359 1388 1400 1425 Et
1417 1390 1492 1431 quia
1516 1389 1672 1428 inventus
1695 1389 1818 1435 dignus
1839 1393 1918 1427 Deo
1928 1417 1940 1433 ,
1964 1405 2102 1429 corona-

1157 1440 1203 1471 vit
1217 1448 1292 1472 eum
1304 1436 1411 1482 gloria
1423 1438 1455 1475 ἀ
1469 1435 1597 1472 honore
1606 1462 1617 1478 ,
1645 1439 1815 1475 Coronam
1828 1442 1924 1485 ipsius
1935 1444 2041 1487 capiti
2053 1444 2101 1478 su-

1158 1498 1339 1531 perponens
1353 1488 1395 1520 de
1406 1486 1515 1530 lapide
1527 1487 1669 1531 pretioso
1684 1513 1694 1528 ‚
1720 1500 1757 1524 ut
1768 1490 1809 1524 fic
1821 1502 1905 1525 unus
1920 1503 1961 1526 ex
1978 1492 2103 1537 Anglip.

1157 1540 1204 1572 cis
1216 1539 1301 1572 inter
1313 1537 1463 1581 Angelos
1475 1537 1507 1574 su
1512 1549 1569 1581 per
1579 1549 1675 1582 opera
1691 1550 1848 1576 manuum
1861 1542 2004 1577 Domini
2015 1554 2098 1578 con-

1157 1588 1286 1622 stitutus
1297 1612 1308 1628 ,
1345 1598 1404 1631 pro
1416 1589 1554 1630 peccatis
1565 1589 1761 1631 populorum
1773 1591 1925 1630 onmium
1947 1593 2039 1633 fieret
2053 1593 2102 1628 in-

1157 1640 1323 1673 terceffor.
1357 1638 1477 1672 Cantet
1493 1639 1592 1682 igitur
1605 1650 1728 1675 novum
1750 1640 1904 1676 Domino
1916 1630 2100 1682 Canticum

1159 1690 1237 1730 felix
1262 1688 1501 1729 Cantuarienfis
1514 1687 1654 1723 Ecclelia
1665 1714 1675 1729 ,
1701 1691 1794 1732 cuius
1804 1702 1892 1725 aram
1909 1694 1967 1726 suo
1983 1679 2102 1738 purpu-

1132 1739 1135 1744 '
1157 1742 1238 1774 ravit
1251 1738 1390 1783 pretioso
1409 1738 1567 1782 sanguine
1581 1737 1708 1782 Martyr
1721 1738 1894 1775 Thomas.
1922 1742 2025 1789 (Qinr
2041 1744 2101 1786 im-

1158 1790 1214 1827 mo
1226 1790 1353 1825 Civitas
1367 1788 1432 1833 ipsa
1442 1798 1511 1823 tota
1536 1789 1640 1830 potest
1663 1789 1807 1825 &debet
1832 1792 1864 1825 in
1886 1792 2101 1827 exultationi,-

1160 1851 1239 1876 voce
1252 1851 1316 1876 non
1341 1838 1507 1876 immerito
1526 1838 1686 1886 jubilare,
1713 1851 1784 1885 qux
1805 1853 1919 1878 cruore
1942 1843 2035 1879 roseo
2050 1842 2111 1886 sni

1158 1892 1318 1935 Martyris
1330 1889 1508 1930 rubricata,
1535 1891 1668 1933 pulchra
1691 1893 1771 1928 fasta
1796 1893 1866 1934 est,
1892 1895 1925 1931 ὅ(
1949 1896 2099 1938 apparuit

1158 1941 1316 1983 speciosa.
1347 1939 1455 1976 Unde
1474 1940 1671 1976 diversarum
1698 1944 1912 1981 multitudine
1937 1944 2099 1980 Gentium

1156 2002 1198 2025 eit-
1212 1991 1502 2034 omnifere„quae
1514 1990 1572 2027 sub
1585 1992 1684 2031 CQIQ
1705 1994 1752 2029 est
1774 2017 1786 2034 ,
1813 1994 1948 2030 natione
1965 1995 2100 2030 celebri·
2140 1988 2142 1990 ’

1157 2052 1255 2077 tatem
1272 2041 1580 2084 ipliussutnmopere
1604 2053 1776 2080 venerante
1789 2070 1800 2086 ‚
1828 2046 1995 2090 quondam
2010 2046 2098 2089 quali

1156 2092 1407 2135 felicipraesaglo
1421 2092 1512 2125 suum
1526 2090 1652 2127 videtur
1674 2095 1736 2128 esse
1751 2095 1871 2132 ‘sortita
1895 2097 2097 2132 vocabulum

1155 2153 1195 2177 ex
1207 2152 1326 2179 eventu
1338 2165 1348 2183 ,
1374 2153 1412 2175 ac
1423 2142 1444 2176 li
1456 2143 1585 2177 dicatur
1594 2144 1742 2187 expresse
1755 2145 1933 2181 Cantuaria
1943 2147 2097 2181 cantusa-

1156 2203 1204 2225 re.
1235 2191 1328 2232 Vos,
1366 2192 1504 2236 inquam
1526 2217 1538 2233 ‚
1565 2193 1587 2227 fi
1610 2192 1784 2239 diligenter
1809 2197 1980 2234 attenditis
2005 2195 2097 2237 hunc

1156 2241 1315 2276 honorem
1329 2265 1340 2280 ,
1366 2243 1545 2285 gratiarum
1563 2273 1564 2276 ,
1584 2245 1730 2279 actiones
1756 2247 1894 2282 affiduas
1930 2246 2108 2291 Largitori

1155 2290 1319 2325 bonorum
1331 2291 1484 2324 omnium
1498 2293 1662 2329 exsolvere
1676 2295 1819 2336 debetis,
1846 2299 1898 2330 eui
1914 2308 1972 2333 vos
1984 2309 2026 2333 ex
2040 2298 2099 2330 im·

1155 2341 1252 2383 pensat
1276 2339 1519 2376 benedistionis
1531 2343 1637 2385 gratia
1659 2353 1747 2380 terrae
1770 2345 1877 2380 vessrae
1898 2348 2097 2390 cognoscere.

1154 2391 1286 2432 potestis
1297 2388 1461 2425 debitores
1474 2414 1484 2429 ,
1511 2402 1546 2424 ut
1560 2390 1808 2434 ingratitudinis
1819 2397 1946 2428 evitetis
1961 2397 2095 2437 vitium,

1151 2440 1319 2483 &possitis
1331 2439 1518 2475 devotifilii
1544 2441 1746 2483 nuncupari.
1777 2441 1817 2476 Et
1842 2442 1974 2485 quidem
1998 2446 2094 2481 omni

1153 2501 1297 2533 tempore
1311 2500 1391 2533 puro
1401 2488 1501 2523 corde
1514 2487 1704 2524 benedicere
1728 2502 1765 2526 ac
1792 2491 1952 2529 honorare
1974 2495 2105 2529 Domi·v

1153 2552 1231 2574 num
1245 2541 1410 2579 debeatis,
1439 2538 1622 2573 issotamen
1646 2541 1801 2583 praecipue
1827 2553 1884 2577 vos
1895 2555 2026 2587 oportet
2041 2556 2097 2581 ve-

1152 2591 1212 2625 stes
1224 2590 1356 2624 induere
1368 2588 1528 2630 nuptiales
1540 2612 1550 2628 ,
1578 2589 1612 2623 ἀ
1622 2601 1697 2624 cum
1710 2591 1911 2633 jucunditate
1923 2595 1955 2628 in
1970 2596 2086 2631 laudes

1153 2643 1255 2676 vestro
1266 2641 1425 2683 assurgere
1447 2637 1617 2679 Creatori,
1644 2643 1719 2674 cum
1745 2653 1884 2679 venturae
1908 2644 2094 2681 festivitatis

1153 2691 1339 2726 solemnitas
1361 2688 1394 2722 id
1414 2689 1569 2732 exposcat
1594 2714 1600 2721 .
1628 2691 1712 2725 Sane
1735 2690 1753 2725 ὲ
1779 2694 1957 2728 venerabili
1982 2695 2100 2734 Fratre

1154 2742 1264 2776 nostro
1298 2737 1465 2782 Stephano
1498 2738 1723 2775 Cantuarienfi
1750 2743 1875 2778 Archi·
1892 2744 2055 2789 Episcopo
2080 2770 2094 2787 ,

1152 2792 1270 2827 Saiistae
1293 2789 1451 2823 Romana
1468 2787 1614 2824 Ecclefiae
1625 2790 1821 2832 CardInali.‚
1850 2806 1948 2838 nuper
1970 2796 2095 2839 accepi-

1155 2853 1246 2880 mus,
1276 2840 1451 2874 intimante
1463 2839 1553 2883 quod
1576 2840 1666 2875 idem,
1677 2843 1790 2876 volens
1801 2844 1969 2878 ostendere
1992 2846 2025 2879 in
2045 2847 2094 2880 ef-

1154 2894 1238 2927 festu
1250 2915 1259 2928 ‚
1289 2900 1414 2931 quanto
1428 2889 1615 2925 devotionis
1632 2892 1758 2926 fervore
1770 2892 1925 2937 Mirrtyris
1941 2896 2092 2939 supradi-

1154 2945 1192 2976 ἂι
1208 2940 1397 2974 memoriam
1412 2950 1582 2974 veneretur
1593 2965 1605 2980 ‚
1629 2941 1869 2978 sacratiffimnm
1883 2945 2011 2988 Corpus
2023 2945 2101 2988 ejus,

1158 2991 1321 3026 sublevare
1334 2991 1487 3034 proponit
1514 2989 1555 3025 de
1577 3001 1676 3029 terra,
1706 2993 1874 3036 iplumque
1899 2995 2100 3034 translatum⁴

1159 3040 1383 3075 honorabilius
1404 3040 1586 3080 collocare,
1614 3040 1690 3077 cum
1704 3039 1847 3086 dignum
1857 3044 2089 3079 libidmtonde-

1155 3103 1230 3127 cens
1241 3090 1386 3129 uideatur
1397 3113 1407 3129 ,
1434 3090 1526 3124 illum
1539 3100 1696 3131 quantit-n
1714 3103 1746 3127 in
1759 3106 1799 3127 ρο
1812 3093 1855 3127 est
1866 3121 1876 3134 ‚
1903 3095 2044 3130 exaltare
2057 3095 2092 3129 in

1157 3153 1238 3176 terra
1252 3166 1261 3179 ,
1288 3153 1383 3184 quem
1397 3141 1431 3174 in
1445 3142 1541 3174 Coelo
1554 3141 1721 3178 Dominus
1742 3144 1893 3177 exaltavit
1909 3168 1915 3175 .
1944 3145 2016 3178 Nos
2031 3145 2100 3189 igi-„

1157 3204 1207 3227 tur
1221 3192 1308 3235 pium
1321 3190 1532 3226 &laudabile
1546 3190 1646 3224 Archi
1669 3192 1816 3236 Episcopi
1831 3203 1997 3227 memorati
2023 3205 2093 3237 pro-

1159 3243 1294 3287 positum
1319 3250 1546 3282 acceptanteS,
1577 3241 1839 3280 Univerfita'tem,
1860 3245 1991 3275 vellrzini
2017 3256 2091 3278 mo—

1160 3292 1301 3326 nendam
1322 3292 1474 3325 duximus
1496 3290 1528 3326 &
1554 3289 1748 3326 hortandam
1771 3317 1781 3330 ,
1823 3303 1875 3334 ptr
1902 3292 2092 3334 Apostoiiea

1160 3342 1251 3376 vobis
1264 3343 1376 3382 scripta
1389 3338 1600 3380 mandantes,
1630 3342 1787 3385 quatientis
1811 3353 1919 3385 pacem
1944 3355 2093 3380 mutuam

1160 3389 1459 3426 &concordiamin
1486 3388 1652 3424 charitatis
1677 3393 1808 3426 vinculo
1831 3395 2059 3428 conservatives
2084 3418 2097 3435 ,

1163 3443 1275 3476 vestras
1288 3452 1317 3473 cr
1333 3442 1504 3475 nscientias
1518 3441 1640 3473 cunctis
1657 3443 1907 3481 pervenit-itibus
1919 3446 2057 3485 expietis
2084 3465 2096 3482 ‚

1116 3509 1118 3512 >
1162 3492 1195 3527 ἀ
1213 3493 1254 3527 sic
1267 3501 1324 3526 vos
1349 3490 1385 3525 in
1410 3490 1504 3525 bonis
1527 3491 1676 3525 studeatis
1695 3491 1846 3536 operibus
1865 3503 2011 3528 exercere
2025 3517 2035 3532 ‚
2061 3503 2097 3530 ut

1977 3543 2052 3579 esim
