2358 3776
507 98 552 146 S.
597 92 894 144 THOMAE
954 87 1362 141 CANTUAR.
1414 91 1549 144 LIB.
1605 99 1661 142 V.

124 187 244 225 osculo
269 184 356 229 pacis
380 184 532 229 recipiat:
559 193 631 227 quai
655 181 761 215 forma
787 177 942 215 solemnis
967 176 1059 210 estin

126 237 221 271 omni
243 235 353 270 Gente
373 236 406 271 ἀ
430 236 465 269 in
485 233 579 268 omni
592 231 774 276 Religione
786 253 799 270 ,
825 227 950 263 &citra
963 237 1061 270 quam

123 286 286 329 :nusquam
298 297 360 329 pax
371 284 465 320 antea
476 283 698 320 diffidentium
722 280 935 314 confirmatur
953 300 961 307 .
989 277 1060 310 Nec

126 345 198 371 tam
224 333 361 378 Vicario
385 335 445 369 filii
472 332 574 377 Regis
599 331 714 366 osculo
740 329 900 365 videretur
940 324 1061 382 {uchi-

129 387 310 430 Episcopus
327 395 440 429 pacem
460 384 609 426 recepisse
628 383 647 416 a
671 382 765 424 Rege
786 404 797 420 ,
824 376 922 422 quam
946 387 980 409 in
1004 376 1061 409 filii

129 436 197 479 ejus
218 436 357 481 gratiam
370 435 514 470 rediisse.
538 431 642 480 Qiod
653 430 786 464 verbum
804 451 816 468 ,
842 427 865 460 fi
888 425 987 482 semel
1010 437 1063 482 au-

129 485 254 520 ditetur
275 485 311 520 in
331 484 424 519 turba
444 509 455 525 ,
482 493 595 527 patens
618 480 664 515 est
687 504 698 521 ,
724 480 823 524 quam
848 475 953 510 facilis
975 476 1066 509 malr-

127 534 257 581 gnandi
270 534 418 570 adversus
430 543 541 578 pacem
562 531 678 566 initam
700 529 827 564 daretur
849 525 994 560 occafio.
1023 525 1065 560 Et

128 584 156 618 fi
178 584 500 629 Archi-Episcopo,
527 582 617 626 quod
639 580 740 620 absit,
763 576 854 612 secus
868 575 1028 611 accideret
1054 599 1066 616 ,

128 634 211 669 Rex
223 634 281 669 sub
291 645 447 679 praetextu
459 634 568 679 negati
583 629 688 668 osculi
702 626 884 663 crederetur
895 635 1064 668 exemptus

126 685 279 721 infamia
289 709 297 717 .
324 684 450 719 Redeat
460 685 493 717 in
507 691 655 717 mentem
666 678 829 714 Robertus
840 678 878 711 de
901 675 1046 719 Sylliaco
1056 696 1068 716 ,

132 734 237 769 &alii
248 735 304 780 qui
316 746 370 779 per
380 745 512 769 manum
529 727 791 767 Christianiffimi
813 727 914 771 Regis
937 737 1014 760 cum
1026 736 1067 759 eo

131 795 251 827 pacem
278 781 591 831 fecerungbquibus
615 779 638 812 fi
664 788 725 812 nec
750 778 900 812 osculum
941 774 1070 820 publice

133 832 249 868 datum
261 857 273 874 ,
300 845 360 869 nec
371 834 454 869 tanti
467 827 654 866 mediatoris
666 827 842 863 reverentia
866 837 972 861 veram
991 835 1072 860 con-

133 882 214 917 tulit
226 894 362 926 pacem,
389 892 457 917 non
471 876 698 921 mirabimini,
723 888 781 913 cur
806 886 1001 912 memoratus
1012 874 1072 908 Ar·

138 930 394 977 chi-Episcopus
415 929 551 974 publica
570 928 760 974 Religionis
770 927 951 963 solemnem
962 926 1072 970 exigat

131 982 339 1017 cautionem.
373 981 582 1026 Cuicumque
602 978 834 1023 praemissorum
858 976 1072 1012 articulorum

132 1030 214 1066 Rex
224 1032 310 1067 nolit
322 1030 521 1074 acquiescere
533 1054 545 1070 ‚
557 1025 629 1064 2'vos
663 1052 675 1070 ,
702 1029 724 1063 fi
737 1028 835 1062 vultis
851 1051 863 1068 ,
885 1036 924 1061 ut
937 1025 1030 1060 vobis
1040 1026 1074 1059 in

137 1083 236 1116 causa
259 1081 407 1117 succedat
427 1104 440 1122 ,
463 1080 602 1124 accipite
623 1078 791 1113 licentiam
812 1075 1035 1112 incontinenti
1063 1097 1074 1115 ,

135 1130 174 1166 δι
185 1131 245 1165 nisi
259 1131 423 1167 Mandato
432 1129 573 1165 Domini
582 1128 674 1173 Papae
694 1127 903 1172 adquiescens
914 1137 973 1161 vos
986 1135 1075 1159 revo-

133 1180 282 1222 averit,
307 1181 411 1216 redire
433 1192 502 1216 non
524 1179 699 1215 differatis.
726 1178 760 1212 Si
777 1188 887 1213 autem
907 1176 1074 1220 acquieve·

138 1230 183 1265 tit
193 1253 206 1272 ,
230 1230 404 1274 exprimite
415 1231 552 1266 nomina
563 1229 794 1274 possessionum
803 1251 815 1268 ,
840 1226 919 1260 sicut
932 1223 1026 1259 vobis
1040 1225 1072 1256 in

138 1278 288 1314 chartula
299 1281 552 1324 exprimuntur,
577 1290 639 1312 nec
648 1277 829 1313 admittatis
849 1272 1030 1309 delusiones
1041 1272 1074 1306 δι

138 1327 268 1364 fabulas
278 1329 367 1372 ejus,
392 1328 510 1370 quibus
527 1325 704 1360 Ecclesiam
724 1321 900 1357 conabitur
923 1322 1074 1355 mutilare

136 1375 236 1412 bonis
257 1377 321 1411 suis
339 1389 348 1409 ε
384 1377 440 1420 qui
466 1375 547 1410 dum
569 1375 694 1418 passum
716 1371 806 1417 pedis
826 1373 948 1413 auferet
970 1394 981 1410 ,
1015 1381 1073 1414 pa-

138 1437 215 1461 cem
225 1437 302 1462 cum
314 1424 599 1467 Archi-Episcopo
612 1422 695 1457 inire
705 1433 774 1456 non
789 1421 909 1465 poterit
922 1445 928 1452 .
943 1420 1074 1454 Mavult

142 1475 237 1510 enim
249 1475 402 1519 proscribi
415 1473 571 1518 perpetuo
582 1496 594 1513 ,
619 1474 716 1516 quarn
737 1482 778 1505 eo
791 1471 1016 1505 consentiente
1029 1468 1076 1501 vel

140 1525 180 1561 in
202 1525 345 1560 minimo
358 1523 575 1570 proscribatur
596 1522 740 1557 Ecclesia
753 1545 761 1553 .
796 1519 900 1569 Qod
921 1520 943 1553 fi
964 1518 998 1552 δι
1022 1518 1077 1553 bic

139 1573 367 1610 detreaaverit
379 1598 391 1615 ,
415 1574 451 1609 &
470 1584 528 1608 vos
539 1572 685 1608 oblatam
704 1570 861 1606 redeundi
873 1570 1078 1604 occasionem

140 1624 312 1669 accipiatis
334 1649 342 1657 .
368 1623 506 1659 Tertius
527 1622 683 1657 articulus
700 1620 877 1656 earundem
899 1620 1078 1654 litterarum

143 1672 191 1709 est
202 1696 214 1713 ,
231 1684 269 1709 ut
283 1674 374 1708 mille
386 1685 509 1709 marcas
521 1684 575 1717 per
586 1671 770 1706 Vivianum
783 1670 949 1715 promissas
961 1667 1078 1703 Archi·

142 1722 313 1768 Episcopo
333 1724 557 1763 incontinenti
577 1721 722 1762 restituat
744 1745 756 1762 ,
794 1730 830 1754 ut
853 1719 971 1755 habeat
995 1716 1082 1752 unde

141 1773 241 1818 poffit
263 1774 433 1816 apparatui
453 1774 512 1807 suo
525 1773 559 1806 ὄις
580 1772 712 1805 suorum
740 1770 912 1804 necessaria
928 1766 1082 1811 provide·-

140 1832 199 1860 τε.
228 1822 321 1869 Qas
340 1822 363 1855 si
379 1822 412 1856 se
432 1821 611 1864 promisisse
635 1818 816 1858 inficiatur,
844 1816 988 1851 reducite
999 1815 1082 1849 eiad

140 1873 339 1911 memoriam
351 1895 364 1912 ,
391 1869 482 1915 quod
492 1880 545 1905 eas
556 1868 701 1903 similiter
714 1867 801 1912 apud
825 1866 981 1901 Montem
996 1865 1083 1900 Mar-

141 1929 259 1967 tyrum
271 1921 414 1966 promisit
427 1919 609 1964 Episcopus
629 1917 788 1962 Sagienfis
800 1941 811 1958 ,
837 1917 895 1960 qui
909 1916 1001 1950 nullo
1014 1926 1081 1951 mo·

144 1970 193 2008 do
203 1971 358 2007 Mandati
369 1972 449 2005 fines
459 1969 629 2004 excederet
640 1991 648 2000 .
674 1967 707 2001 Si
720 1967 915 2010 pertinacius
929 1965 1083 2000 detrestat

144 2018 236 2056 hanc
247 2020 421 2066 pecuniam
433 2019 586 2060 reddere,
611 2019 751 2052 frontem
772 2015 908 2050 vestram
929 2016 1046 2050 sentiat
1071 2036 1083 2053 ,

146 2070 206 2105 sua
219 2093 232 2110 ,
257 2070 406 2114 quamvis
427 2068 527 2103 nimis
547 2066 657 2103 attrita
678 2067 740 2108 sit,
764 2064 946 2100 duriorem.
974 2066 1018 2100 Et
1028 2075 1081 2100 an·

147 2118 282 2165 tequam
302 2120 345 2155 ab
365 2119 430 2154 boc
450 2117 607 2153 desistatis
629 2116 769 2152 articulo
789 2140 801 2157 ,
827 2116 969 2151 reditum
992 2125 1080 2150 tanta

149 2168 329 2214 procuretis
338 2168 493 2203 instantia
506 2193 518 2209 ,
542 2176 579 2202 ut
589 2178 704 2202 omnes
715 2177 772 2200 vos
783 2165 1006 2201 indubitanter
1017 2175 1081 2200 cre·

149 2219 233 2254 dant
252 2220 531 2254 transfretaturos.
558 2215 594 2252 si
616 2227 724 2252 tamen
746 2217 880 2251 demum
900 2215 1080 2260 apparuerit

150 2267 242 2313 quod
253 2269 348 2303 nullo
359 2268 463 2303 modo
476 2267 570 2312 poffit
581 2267 691 2302 evinci
702 2290 724 2307 ‚r
743 2278 800 2301 vos
813 2267 897 2310 quasi
908 2266 992 2310 Regi
1005 2277 1081 2300 con-

151 2317 404 2359 descendentes,
430 2317 491 2354 hac
504 2317 662 2362 petitione
686 2315 785 2351 dilata
797 2317 830 2351 &
843 2316 979 2360 pecunia
993 2315 1082 2349 nulla

150 2368 284 2403 rarione
304 2368 451 2407 remissa,
476 2369 617 2403 formam
639 2366 749 2410 pacis,
774 2377 844 2411 quai
864 2367 899 2400 in
925 2365 1085 2409 prioribus

151 2417 298 2453 articulis
319 2418 472 2462 praemin'a
499 2416 568 2458 est,
596 2415 759 2460 recipiatis
781 2439 791 2448 .
819 2415 915 2451 Scitis
934 2416 1023 2450 enim
1046 2427 1085 2449 ex

151 2467 293 2508 litteris,
320 2478 401 2511 quas
434 2465 529 2501 vobis
566 2466 737 2502 Dominus
762 2464 851 2511 Papa
887 2466 1086 2505 transmific,

152 2515 243 2561 quod
256 2516 381 2550 nullam
392 2515 592 2552 remittendae
604 2516 749 2560 pecuniae
759 2514 887 2550 habetis
907 2514 1084 2550 authorita-

152 2576 222 2600 tem
234 2589 246 2606 ,
256 2565 313 2607 qui
325 2565 426 2599 etiam
438 2577 515 2608 pace
526 2566 606 2600 faeta
621 2566 780 2600 tenemini
791 2566 898 2610 ipsum
908 2566 1086 2600 convenire

154 2617 248 2661 super
258 2616 385 2660 integra
394 2614 600 2650 restitutione
613 2614 796 2650 ablatorum
807 2638 819 2654 ,
845 2615 879 2648 δι
891 2614 997 2658 pravis
1008 2626 1085 2649 con·

153 2665 379 2700 suetudinibus
400 2664 588 2699 abolendis.
619 2664 708 2700 Nam
730 2674 766 2698 ut
788 2664 823 2697 in
836 2663 951 2698 litteris
964 2664 1005 2699 ad
1018 2664 1086 2698 Re-

155 2725 234 2760 gem
244 2715 343 2749 missis
353 2716 534 2759 expressum
549 2713 617 2756 est,
644 2725 702 2748 vos
721 2713 762 2747 ad
784 2713 1014 2748 executionem
1038 2725 1087 2757 pa·

156 2764 204 2800 cis
213 2765 297 2801 mifit
319 2764 486 2800 Dominus
507 2764 619 2808 Papa,
644 2765 679 2799 ἀ
704 2772 740 2798 ut
751 2774 807 2807 per
827 2775 883 2798 vos
898 2764 1085 2799 melioretur

155 2813 310 2850 conditio
321 2815 470 2850 Ecclefiae
481 2838 493 2856 ,
513 2814 547 2849 &
560 2813 857 2858 Archi-Episcopus
868 2815 901 2848 ὅ(
913 2813 959 2848 sui
971 2815 1005 2848 in
1017 2814 1085 2848 nul-

156 2864 194 2899 lo
206 2864 363 2899 laedantur
373 2890 382 2898 .
409 2864 549 2909 Nullam
564 2864 699 2899 enimin
720 2863 779 2897 hac
790 2874 878 2907 parte
894 2861 1021 2899 habetis
1033 2876 1086 2909 po-

158 2914 327 2949 testatem.
351 2915 497 2964 Qartus
516 2912 671 2951 articulus
690 2914 735 2948 est
757 2912 796 2947 de
812 2914 1018 2949 absolutione
1034 2926 1089 2949 ex·

157 2964 484 3000 communicatorum
494 2988 505 3004 ,
531 2965 567 2998 in
588 2966 656 3009 'qua
668 2964 760 2998 vobis
770 2963 888 3008 duplex
898 2965 1023 2999 cautela
1035 2977 1088 3000 ne·

103 3045 111 3057 s
158 3013 292 3049 cessaria
311 3014 375 3048 est.
403 3013 541 3055 Primo,
568 3024 604 3048 ut
625 3014 715 3049 nulla
735 3012 861 3049 ratione
881 3014 915 3049 id
926 3015 1052 3050 faciatis
1076 3040 1087 3055 ‚

124 3079 126 3085 ’
160 3063 240 3103 nisi,
264 3064 413 3107 certaspe
426 3063 840 3108 pacis&reconciliationis
858 3075 1009 3109 accepta.
1034 3066 1086 3099 Se·

100 3122 105 3132 “
158 3111 301 3154 eundo,
325 3122 362 3146 ut
384 3113 536 3154 nullum,
563 3113 622 3148 nist
645 3114 827 3157 juramento
846 3114 1035 3149 solemniter
1055 3116 1087 3150 δε

161 3161 294 3208 publice
306 3161 469 3207 praestito,
490 3163 578 3206 juxta
600 3163 798 3199 Mandatum
820 3164 1048 3208 Apostolicum
1072 3187 1084 3204 ,

165 3212 361 3248 absolvatis.
392 3213 563 3247 Necenim
574 3213 730 3249 alitereos
740 3214 869 3260 potestis
889 3214 1051 3249 absolvere
1080 3239 1087 3247 .

164 3261 230 3302 Sed
242 3261 411 3303 quomodo
433 3272 554 3297 certam
572 3263 762 3306 concipietis
783 3266 869 3309 spem
889 3264 931 3299 ab
951 3263 1089 3299 homine

164 3310 318 3352 lubrico,
345 3312 434 3356 cujus
455 3312 551 3347 verba
571 3312 604 3346 ἀ
621 3312 796 3356 juramenta
809 3314 945 3350 eandem
960 3314 1023 3349 vim
1035 3313 1088 3347 ha-

165 3361 266 3401 bent,
291 3360 325 3395 &
349 3362 416 3405 pari
435 3362 509 3397 sunt
531 3362 624 3396 lance
647 3365 825 3406 pensanda.
857 3365 1001 3399 Difficile
1020 3365 1086 3409 qui·

165 3410 239 3448 dem
249 3410 319 3451 est,
345 3412 366 3444 fi
379 3421 488 3446 tamen
501 3411 613 3447 induci
626 3415 748 3456 posset,
774 3424 809 3451 ut
830 3415 931 3461 aliqui
947 3415 1088 3461 Magna-

266 3460 371 3503 christ.
384 3465 463 3505 Lupi
474 3466 571 3505 Opera
582 3465 657 3495 Tom.
680 3466 718 3497 Χ.

1134 182 1204 209 tum
1221 173 1334 218 Regni
1353 172 1476 217 plures,
1503 186 1560 211 aut
1571 178 1682 214 saltem
1691 192 1796 225 unus,
1821 182 1990 219 Mandata
2000 185 2056 228 eju

1134 224 1278 267 jurarent
1291 249 1302 265 ‚
1329 223 1420 267 quod
1440 224 1578 259 formam
1604 229 1690 270 pacis
1702 232 1836 269 fideliter
1848 236 1881 270 &
1895 236 1963 269 fine
1974 241 2072 273 rna-10

1136 274 1273 319 ingenio
1286 274 1361 309 Rex
1383 284 1592 318 exequeretur
1605 299 1616 315 ,
1642 278 1676 310 ἅ
1706 279 1851 326 Episcopi
1868 284 2033 329 fideiussor
2042 295 2076 318 es

1137 324 1307 359 existerent
1322 349 1334 366 ‚
1360 325 1461 368 posset
1474 322 1540 359 haee
1554 326 1661 369 aliqua
1675 327 1783 370 imago
1800 336 2000 370 certitudinis
2016 338 2071 370 in.

1136 375 1229 408 terim
1248 375 1353 410 credi.
1385 373 1622 410 Verumtamen
1645 376 1666 409 fi
1687 378 1716 410 ei
1726 379 1901 421 persuaderi
1924 397 1992 420 nou
2017 396 2074 430 po-

1137 424 1197 459 test
1210 448 1221 465 ,
1251 434 1286 460 ut
1300 425 1366 468 jam
1376 424 1475 459 distas
1487 426 1624 469 praestari
1638 425 1910 463 faciatcautiones
1922 456 1933 470 ‚
1957 446 1998 468 ex
2007 436 2077 480 iga-

1137 486 1213 515 tur,
1239 485 1274 510 ut
1297 474 1484 519 patentibus
1508 475 1623 510 litteris
1643 476 1751 521 sigillo
1774 478 1832 512 suo
1852 480 1987 513 munitis
2001 482 2074 520 hoc

1138 524 1254 564 scribat
1270 524 1574 570 Archi-Episcopo,
1601 526 1727 561 &item
1745 527 1841 562 aliis:
1868 529 1903 562 in
1930 531 2073 567 eundem

1140 575 1278 610 modum
1291 575 1442 610 Domino
1454 574 1549 619 Papae
1561 600 1573 617 ,
1597 576 1632 610 δε
1648 577 1742 612 vobis
1760 578 1907 612 similiter
1931 580 2041 614 tertiis
2065 595 2075 615 :

1141 636 1183 660 ne
1206 624 1285 670 quid
1309 637 1350 660 ex
1370 625 1641 671 contingentibus
1664 628 1803 662 omififfe
1814 628 2018 672 videamini,
2034 631 2078 667 ,ἀ

1133 676 1243 709 -nimia
1254 676 1415 713 facilitate
1423 678 1503 712 certi
1516 676 1609 711 fuisse
1621 675 1662 711 de
1675 678 1884 720 promiffione
1908 677 2055 714 hominis
2064 705 2077 721 ‚

1141 725 1194 760 cui
1221 725 1275 758 vix
1298 725 1440 767 unquam
1462 726 1530 761 fine
1550 726 1697 770 periculo
1720 727 1862 762 creditur
1883 753 1892 761 .
1920 727 2077 765 Praeterea

1144 775 1349 819 possessiones
1363 775 1508 810 Ecciefiae
1525 776 1630 811 tradat
1652 776 1769 819 vobis,
1795 777 1914 814 amotis
1935 779 2079 815 satelliti·

1145 825 1205 860 bus
1226 824 1311 866 suis,
1348 826 1384 860 &
1406 838 1460 869 per
1474 838 1539 862 ,vos
1563 826 1724 862 Ministris
1747 827 1851 862 Archi
1865 829 2041 874 -Episcopi
2067 854 2078 864 .

1142 875 1224 909 Haec
1237 875 1326 909 enim
1337 899 1349 915 ,
1378 874 1455 910 licet
1468 877 1618 912 secuturae
1630 877 1717 921 pacis
1739 888 1808 912 non
1820 878 1880 912 sint
1903 879 1978 914 satis
1991 891 2078 916 certa

1148 924 1269 959 indicia
1281 947 1292 964 ‚
1315 926 1391 969 quia
1403 927 1435 960 ὅ(
1449 935 1561 961 contra
1573 927 1690 971 scripta
1704 929 1758 962 sua
1769 927 1867 963 facile
1880 929 1992 964 venire
2002 941 2083 965 con-

1144 975 1245 1010 suevit
1259 999 1272 1016 ,
1296 975 1513 1011 &Ministros
1525 974 1796 1022 Archi-Episcopi
1817 977 1930 1013 eadem
1955 990 2018 1023 qua
2032 980 2082 1014 so-

1144 1026 1220 1060 litus
1240 1025 1286 1059 est
1301 1050 1313 1067 ,
1335 1024 1454 1069 injuria
1477 1028 1579 1069 posset
1601 1027 1737 1071 ejicere,
1761 1038 1873 1063 tamen
1897 1029 1974 1072 quia
1992 1030 2081 1073 spem

1145 1075 1297 1110 firmioris
1310 1075 1526 1122 obligationis
1548 1076 1703 1112 obtinent
1724 1100 1737 1118 ,
1761 1087 1940 1124 utcumque
1961 1089 2084 1115 certam

1117 1162 1120 1165 ,
1148 1128 1236 1170 spem
1249 1126 1400 1161 videntur
1423 1126 1591 1170 polliceri:
1618 1128 1651 1162 ἀ
1673 1128 1881 1173 diligentiam
1908 1128 2045 1166 vestram
2069 1153 2084 1171 ,

1145 1177 1168 1209 fi
1188 1172 1360 1219 impetrata
1381 1176 1502 1211 fuerint
1518 1201 1530 1217 ,
1552 1176 1713 1221 quidquid
1726 1178 1847 1213 exinde
1868 1180 2044 1225 contingat
2071 1202 2085 1219 ,

1148 1226 1167 1259 a
1189 1225 1271 1259 vitio
1294 1226 1435 1260 levitatis
1459 1237 1613 1269 poterunt
1639 1229 1809 1263 excusare.
1835 1229 1940 1273 Quod
1964 1228 1987 1261 fi
2007 1228 2084 1263 Rex

1149 1274 1229 1320 ista,
1255 1274 1378 1308 scilicet
1415 1276 1659 1309 attestationem
1697 1278 1890 1319 scriptorum
1911 1302 1923 1318 ,
1953 1279 1989 1312 &
2014 1278 2090 1323 pos·

1148 1322 1324 1357 seffionum
1348 1322 1523 1357 ceffionem
1548 1324 1652 1357 facere
1674 1325 1818 1359 noluerit
1839 1349 1851 1365 ‚
1885 1325 1982 1360 restat
2004 1350 2016 1368 ,
2049 1337 2089 1362 ut

1151 1383 1209 1406 vos
1233 1382 1351 1407 certam
1375 1373 1461 1416 spem
1483 1374 1657 1416 concipere
1683 1385 1751 1408 non
1776 1374 1947 1415 debeatis,
1975 1389 2036 1411 nec
2047 1376 2088 1412 ad

1151 1422 1394 1458 absolutionem
1405 1423 1767 1458 excommunicatorum
1779 1425 1954 1467 procedere
1966 1451 1974 1458 .
1997 1427 2089 1462 Nam

1149 1471 1274 1506 etiamsi
1301 1470 1444 1504 absoluti
1480 1473 1581 1506 effent
1604 1495 1619 1511 ‚.
1652 1474 1814 1506 tenemini
1852 1486 1893 1507 ex
1924 1475 2088 1511 Mandato

1151 1519 1348 1565 Apostolico
1386 1531 1540 1564 reponere
1575 1531 1631 1554 eos
1667 1522 1702 1557 in
1741 1522 1935 1559 anteriorem
1962 1526 2088 1560 senten·

1151 1573 1252 1611 tiam,
1276 1569 1300 1604 fi
1323 1582 1411 1614 pax,
1436 1569 1527 1614 quod
1554 1570 1656 1613 absit,
1683 1573 1791 1607 secuta
1804 1584 1872 1607 non
1899 1575 2015 1609 fuerit.
2045 1576 2089 1611 Et

1152 1620 1353 1656 fihominem
1366 1620 1446 1657 recte
1460 1620 1633 1660 novimus,
1658 1621 1699 1655 ab
1719 1621 1855 1659 istorum
1879 1625 2086 1661 absolutione

1151 1671 1340 1707 exordietur
1377 1695 1388 1710 ‚
1426 1668 1578 1714 dicetque
1603 1671 1635 1704 se
1661 1673 1828 1707 neminem
1861 1676 2053 1711 auditurum
2074 1700 2086 1718 ,

1156 1719 1241 1756 nibil
1267 1719 1348 1754 boni
1377 1720 1538 1753 saetarum
1563 1742 1574 1758 ,
1609 1721 1783 1763 antequam
1809 1723 2021 1760 absolvantur
2046 1725 2093 1760 fa-

1155 1769 1297 1804 miliares
1324 1768 1372 1801 sui
1400 1792 1408 1799 .
1446 1769 1539 1802 Dum
1565 1765 1630 1803 hoc
1656 1768 1804 1805 obtineat
1828 1797 1840 1813 ‚
1864 1774 1998 1810 fortasse
2023 1787 2092 1811 mo-

1156 1818 1291 1853 destiam
1322 1815 1487 1853 simulabit
1512 1840 1523 1856 ,
1550 1818 1717 1861 promittet
1742 1822 1881 1865 grandia
1903 1848 1916 1865 ,
1940 1826 1976 1860 &
2002 1826 2092 1870 quafi

1159 1868 1217 1903 sub
1243 1868 1347 1911 specie
1374 1867 1588 1911 Religionis,
1605 1869 1673 1911 quo
1700 1869 1912 1909 innocentior
1929 1875 2092 1919 credatur,

1159 1928 1291 1963 peccata
1316 1916 1553 1958 confitebitur,
1579 1918 1701 1963 aliquas
1727 1923 2090 1961 conscientiaemaculas

1157 1969 1286 2013 deteget
1325 1989 1336 2011 -,
1361 1979 1442 2014 quas
1468 1979 1577 2004 tamen
1605 1970 1818 2009 emendicatis
1842 1985 1898 2010 aut
1923 1976 2092 2011 ementitis

1154 2019 1333 2054 virtutibus
1360 2020 1525 2055 continuo
1551 2019 1672 2055 diluere
1699 2022 1809 2065 poffit.
1839 2024 1892 2059 Ex
1917 2037 1984 2070 quo
2010 2027 2092 2061 νει-ὀ

1151 2069 1359 2110 obtinuerit,
1388 2070 1602 2106 inveteratam
1627 2070 1782 2108 duritiam
1809 2074 1944 2117 induet,
1980 2077 2014 2111 &
2033 2077 2091 2121 qus

1152 2117 1320 2154 humiliter
1331 2120 1462 2160 orabat,
1488 2120 1607 2156 exinde
1630 2122 1721 2159 nulla
1743 2123 1951 2162 humanitate
1968 2128 2087 2171 poterit

1151 2170 1301 2204 exorari.
1329 2170 1412 2204 Haec
1425 2172 1468 2205 ita
1488 2172 1551 2206 esse
1561 2173 1773 2217 persuadeant
1785 2175 1962 2212 Gratianus
1981 2178 2014 2212 δε
2030 2177 2090 2212 Vi-

1154 2219 1290 2260 vianus,
1317 2220 1436 2262 quibus
1449 2222 1480 2255 se
1490 2220 1554 2255 fide
1579 2224 1792 2268 corporaliter
1815 2228 1952 2270 praestita
1964 2225 2091 2272 obliga-

1153 2270 1223 2306 vit,
1248 2267 1337 2312 quod
1361 2269 1493 2303 illorum
1513 2273 1749 2309 consiliumne
1770 2287 1849 2318 pace
1870 2288 1946 2311 cum
1975 2277 2091 2313 Archi-

1156 2319 1319 2362 Episcopo
1344 2318 1493 2353 facienda
1522 2320 1704 2362 sequeretur
1729 2347 1742 2363 ,
1777 2325 2090 2364 siceatcommunica-

1154 2379 1209 2403 tos
1231 2367 1433 2403 absolverent
1451 2394 1458 2401 .
1485 2368 1618 2415 Qibus
1643 2372 1798 2407 absolutis
1824 2376 1869 2410 ita
1893 2376 1936 2411 ab
1962 2378 2093 2413 univer-

1154 2419 1216 2459 fis,
1238 2428 1309 2461 quae
1334 2418 1500 2460 promifit,
1526 2420 1660 2458 resiliit,
1680 2432 1719 2453 ac
1744 2422 1765 2453 fi
1790 2433 1852 2457 nec
1865 2425 1998 2460 verbum
2010 2438 2089 2462 cum

1154 2468 1202 2502 eis
1225 2466 1385 2503 habuisset
1404 2493 1412 2499 .
1437 2467 1604 2514 roirca
1624 2468 1658 2502 ee
1679 2469 1737 2512 qui
1759 2469 1898 2508 absoluti
1923 2475 2050 2511 fuerant
2075 2477 2089 2518 ,’

1156 2518 1191 2552 in
1215 2519 1354 2561 priorem
1377 2517 1754 2553 excommunicationem
1776 2521 1898 2557 reducti
1919 2523 2015 2566 sunt,
2044 2525 2089 2562 eb

1155 2567 1288 2611 quidem
1312 2567 1423 2611 justius
1444 2590 1457 2607 ,
1483 2564 1551 2609 quo
1575 2568 1713 2611 nequius
1734 2580 1855 2613 pacem
1870 2598 1883 2614 ,
1920 2575 2011 2618 cujus
2030 2577 2088 2619 spe

1155 2618 1280 2652 fuerant
1294 2615 1450 2655 absoluti,
1479 2615 1669 2651 studuerunt
1686 2619 1793 2654 modis
1814 2623 1971 2658 omnibus
1992 2626 2090 2669 impe—

1155 2667 1226 2703 dire
1242 2692 1250 2701 .
1278 2665 1483 2700 praecaveatis
1493 2666 1603 2708 itaque
1615 2691 1627 2707 ,
1647 2680 1690 2701 ne
1702 2669 1876 2712 prosiliatis
1898 2673 1939 2708 ad
1956 2673 2091 2710 absolu·

1157 2718 1302 2756 tionem,
1329 2715 1389 2749 nisi
1401 2717 1477 2750 certi
1489 2716 1530 2750 de
1543 2728 1621 2760 pace
1634 2719 1779 2754 secutura
1791 2745 1802 2761 ,
1829 2723 1862 2756 δε
1875 2733 1911 2758 ut
1925 2735 2002 2758 cum
2013 2736 2088 2760 eam

1156 2766 1316 2805 feceritis,
1342 2765 1369 2798 fi>
1387 2776 1497 2800 tamen
1520 2767 1632 2801 fasturi
1654 2769 1748 2811 estis,
1774 2770 2018 2816 juramentum,
2044 2776 2088 2809 se.

1157 2817 1304 2851 cundum
1325 2816 1414 2859 quod
1434 2815 1528 2851 vobis
1549 2819 1763 2862 praescriptum
1784 2822 1849 2861 est,
1875 2824 2035 2867 recipiatis
2045 2824 2091 2860 ab

1159 2865 1363 2902 absolvendis
1374 2865 1686 2906 ,denunciantes-eis
1698 2893 1710 2909 ,
1735 2872 1823 2913 quod
1836 2872 1892 2907 nisi
1905 2871 2086 2909 exhibitam

1159 2916 1390 2952 consecutione
1402 2927 1538 2960 operum
1549 2918 1756 2961 impleverint
1780 2923 1992 2963 cautionem,
2018 2934 2088 2961 om·

1162 2967 1195 3002 ni
1214 2966 1423 3000 excusatione
1443 2968 1478 3001 δε
1498 2967 1719 3011 appellatione
1738 2971 1911 3014 postpofita
1933 2973 1970 3007 in
1986 2972 2089 3016 pristi-

1162 3027 1235 3050 nam
1246 3016 1598 3051 excommunicationis
1612 3019 1801 3054 sententiam
1816 3021 2017 3057 reducentur.
2033 3022 2087 3057 ln-

1161 3065 1253 3101 terim
1265 3076 1375 3100 autem
1395 3068 1671 3101 communionem
1681 3079 1794 3104 eorum
1810 3071 1979 3107 sollicitius
1990 3073 2088 3107 evite-

1160 3117 1226 3157 tis,
1252 3123 1293 3150 ne
1315 3116 1404 3160 quod
1419 3116 1654 3151 offendiculum
1665 3118 1920 3161 detisinfirmis,
1947 3123 1981 3156 &
2002 3122 2089 3156 vitu·

1161 3167 1260 3210 perari
1283 3167 1407 3200 faciatis
1428 3165 1642 3201 ministerium
1665 3169 1802 3205 vestrum
1817 3195 1827 3211 ,
1852 3171 2005 3214 &impiis
2017 3171 2086 3207 ani-

1160 3217 1255 3250 matis
1268 3216 1308 3251 ad
1320 3225 1544 3258 contemptum
1561 3216 1782 3254 Ecclesiasticae
1794 3220 1969 3263 disciplinae
1980 3244 1990 3260 ‚
2013 3232 2087 3255 cau-

1161 3267 1199 3300 sae
1209 3267 1274 3301 Dei
1288 3278 1354 3300 non
1370 3265 1532 3300 mediocre
1542 3266 1749 3310 dispendium
1763 3269 1925 3314 generetis
1935 3295 1944 3303 ,
1955 3270 1988 3303 Si
2000 3269 2087 3305 forte

1160 3316 1302 3361 exegerit
1315 3316 1390 3349 Rex
1404 3338 1414 3354 ,
1441 3324 1478 3349 ut
1502 3313 1800 3361 Archi-Episcopus
1820 3320 1980 3354 interram
1996 3321 2087 3355 suam

1161 3367 1286 3406 redeat,
1315 3364 1519 3407 poffeffiones
1539 3366 1572 3400 &
1585 3367 1672 3409 pacis
1683 3367 1830 3401 osculum
1852 3370 2087 3411 praesentialiter

1130 3417 1358 3459 ‘suscepturus
1383 3438 1394 3454 ‚
1432 3425 1602 3460 procurare
1625 3441 1639 3456 ,
1676 3426 1711 3449 ut
1748 3417 1835 3460 quod
1871 3418 1907 3452 in
1942 3419 2087 3455 absentia

1633 3464 1661 3499 E
1675 3476 1694 3499 e
1744 3478 1766 3504 2
1975 3470 2042 3513 ejus
