2358 3776
433 170 526 230 398

415 265 486 288 non
507 263 573 288 tam
596 249 778 296 scrupulose
802 250 969 286 intendere
987 248 1104 286 debeat
1116 250 1256 299 quilibet
1267 250 1318 291 in!

411 304 494 338 vitia
507 302 680 338 hominum
691 327 700 335 .
1203 312 1258 348 71.
1271 314 1304 340 2,

366 353 548 400 Jutaudurn
562 364 631 389 uon,
649 353 694 386 est
705 349 839 384 temerd.
1183 359 1259 398 170.
1275 362 1305 390 1,

365 406 591 450 juramentum
612 400 813 437 temerarium
836 400 934 445 esset,
961 399 1170 444 praecipitium
1188 401 1222 435 in
1233 402 1304 437 mil-

419 456 451 490 le
479 451 705 489 damnationis
728 450 883 493 laquem,
909 450 1018 493 siquis
1030 450 1232 487 infirmitatis
1244 454 1307 492 suas

414 503 474 540 fibi
494 514 563 538 non
587 500 738 534 conscius
759 524 771 540 ,
808 500 849 535 ad
870 500 1108 535 observantiam
1133 503 1305 542 Sacrorum

411 554 612 591 Canonum‚
637 551 672 585 ἀ
690 551 787 593 ipfius
809 551 982 596 Evangelii
1005 551 1190 592 custodiam
1213 577 1224 593 ‚
1253 564 1306 598 ge-

412 602 511 636 nerali
532 602 564 636 se
581 600 768 644 juramento
788 601 949 648 obligaret
973 626 981 640 ,
1022 612 1091 649 ¹70·
1113 614 1150 635 i.1
1183 614 1250 649 27¹·
1276 612 1304 639 1·

367 652 549 699 Jurameuti
574 653 678 686 forma
705 677 715 694 ,
757 663 856 696 quam
886 651 1039 696 exigebat
1067 652 1141 687 Rex
1173 652 1304 697 Angliae

416 704 528 748 saepius
561 702 748 737 mutabatur
777 727 783 734 .
816 701 927 745 1164.
962 702 1154 741 Orthodoxi
1185 704 1302 738 recusa-

414 755 495 789 bant
516 753 640 797 jurare,
685 752 838 796 proscribi
860 752 1018 792 malentes
1046 765 1145 798 quam
1167 753 1301 797 perjura·

415 816 464 844 re,
492 804 638 841 dicentes
662 804 716 839 etfi
736 802 886 842 Mundus
911 802 1039 837 suadeat
1061 828 1072 843 ‚
1109 811 1216 844 'tamen
1240 804 1300 837 dis—

414 855 546 890 suadere
569 853 737 888 Christum
766 878 773 885 .
800 853 873 886 ibid.
902 852 1017 887 Primo=
1036 854 1177 896 jurandae
1209 865 1300 887 erant

416 905 684 940 consuetudines.
714 904 786 938 Rex
800 904 919 947 patitur
943 904 1051 948 postea
1073 916 1108 938 ut
1130 904 1235 949 jurent
1247 905 1299 943 so-

414 956 480 990 lam
505 955 696 990 fidelitatem
720 978 730 993 ,
768 951 810 988 sic
831 964 943 988 tamen
978 979 988 996 ,
1017 965 1052 988 ut
1072 954 1210 998 adjicere
1230 966 1298 989 non

411 1007 523 1041 liceret
541 1004 597 1039 has
620 1004 791 1051 particulas
807 1017 821 1050 ,-
848 1007 957 1044 Fidem
977 1004 1133 1047 Ecclefiae‚
1161 1006 1195 1039 ό*
1210 1013 1298 1047 ρης-

412 1057 538 1090 latorum
571 1056 769 1089 obedientiam
798 1053 920 1102 salvam
936 1055 1005 1097 fore
1030 1081 1037 1087 .
1072 1055 1142 1088 ibid.
1179 1055 1298 1099 Ajebat

409 1107 486 1141 Rex
499 1131 510 1147 ,
540 1108 571 1141 se
591 1106 725 1150 quidem
749 1106 840 1140 nolle
860 1106 1062 1149 praejudicare
1083 1106 1161 1140 fidei
1186 1106 1219 1139 ἃ
1235 1106 1298 1138 Ec*

410 1157 513 1192 clefiae
529 1182 540 1199 ‚
570 1156 624 1191 sed
642 1167 711 1190 non
734 1156 818 1196 velle
848 1167 884 1190 ut
906 1157 940 1190 in
963 1155 1103 1191 formula
1124 1156 1297 1200 juramenti

409 1208 500 1242 fieret
527 1207 616 1242 illius
637 1206 767 1242 mentio
787 1231 794 1246 ·.
821 1205 890 1245 ibid.
920 1206 1140 1251 Reponebant
1164 1206 1296 1241 Catho-

408 1258 486 1294 lici:
514 1259 538 1293 fi
556 1269 626 1293 non
644 1256 849 1303 praejudicat,
875 1268 931 1292 cur
941 1256 1102 1301 particular.
1113 1255 1178 1291 haec
1199 1256 1297 1290 omit-

409 1319 525 1343 tuntur
551 1310 564 1348 ἒ
590 1310 611 1342 fi
633 1308 818 1351 praejudicat
853 1330 865 1346 ,
889 1317 949 1341 cur
983 1307 1047 1340 tale
1076 1307 1297 1351 juramentum

410 1358 556 1402 exigitur
574 1356 593 1390 a
614 1356 727 1391 fideli?
754 1356 827 1393 ibid,
854 1356 1079 1402 Juratnentum
1101 1354 1166 1390 hoc
1193 1357 1294 1395 inter-

407 1408 498 1440 dixit
523 1405 712 1445 Alexander
733 1405 790 1438 111.
822 1415 896 1449 114.
915 1417 947 1441 2.
976 1405 1090 1446 Aliqui
1112 1406 1256 1448 jurarunt
1283 1422 1295 1445 ,-

409 1455 495 1491 forte
519 1456 734 1491 innocentes.
762 1452 934 1499 117.1.‘&
960 1454 1084 1487 coacti.
1116 1451 1118 1453 ’
1186 1452 1295 1500 318·¹-

357 1507 549 1552 Juramento
574 1505 615 1539 ab
638 1504 758 1537 illicito
778 1502 809 1536 ὅ(
830 1504 945 1538 coatsto
968 1501 1107 1543 absolvit
1129 1503 1174 1536 D.
1200 1502 1295 1537 Tho-

407 1569 477 1592 mas
501 1556 683 1600 Episcopos
714 1551 776 1602 318.
804 1564 832 1588 1·
860 1553 1061 1600 Quanquam
1083 1553 1247 1592 existimet
1263 1553 1296 1588 ἀ

403 1607 521 1653 probet
545 1617 611 1640 non
634 1605 728 1639 fuisse
751 1614 896 1646 unquam
918 1601 1158 1639 observandum
1178 1627 1187 1636 .
1223 1604 1295 1638 ibid.

411 1669 475 1705 1¹9·
487 1670 517 1696 2.
546 1657 600 1691 Sic
625 1655 666 1689 ad
698 1653 859 1689 cautelam
891 1653 1031 1688 absolvit
1067 1655 1199 1698 Regem
1223 1653 1294 1693 An·

409 1710 486 1754 gliae
520 1707 562 1742 ab
585 1706 705 1746 illicito
736 1705 920 1749 juramento
943 1702 1130 1745 Alexander
1148 1705 1262 1739 tertius
1289 1729 1295 1742 .,

431 1768 486 1794 21·
504 1769 531 1794 1-

361 1769 542 1855 Juffamenti
555 1808 659 1841 forma
674 1829 685 1846 ,
711 1815 809 1849 quam
822 1802 1011 1839 Alexander
1022 1804 1079 1841 111,
1106 1804 1296 1853 praescripfit

407 1856 551 1895 Girardo
571 1856 708 1899 Puellae,
736 1855 794 1903 qui
807 1855 1107 1894 communicaverat
1129 1867 1205 1890 cum
1228 1855 1295 1890 vita

407 1907 695 1946 schismaticorum
706 1929 712 1937 .

357 1962 585 2006 juramentum
604 1967 704 1994 omne
722 1966 789 1990 non
803 1953 848 1991 est
868 1954 1042 1992 illicitum.

357 2012 472 2057 Jurant
485 2007 640 2053 Episcopi
654 2008 748 2051 super
769 2005 885 2044 Sancta
908 2003 1115 2050 Evangelia:
1141 2004 1298 2042 seculares

407 2059 486 2096 vero
512 2058 663 2098 manibus
683 2056 844 2102 impositis,
869 2056 962 2100 super
987 2056 1179 2092 Sanaorum
1205 2055 1296 2094 Reli-

408 2111 520 2157 quias.
1037 2115 1114 2143 102·
1126 2116 1158 2141 2-
1187 2115 1294 2154 103-1.

354 2162 410 2208 Jus
421 2170 538 2200 contra
557 2157 647 2206 quod
658 2158 702 2194 est
714 2158 831 2194 factum
844 2182 855 2199 ‚
881 2166 941 2206 pro
963 2156 1086 2193 infecto
1106 2153 1218 2195 haberi
1240 2167 1297 2200 po·

404 2212 486 2255 test,
512 2207 866 2255 dumjusostenditur.
1193 2206 1248 2253 65.
1264 2217 1293 2242 2.

353 2262 438 2308 Juris
447 2263 611 2301 auxilium
625 2261 740 2296 frustra
754 2259 931 2303 implorat,
958 2255 1014 2305 qui
1024 2255 1086 2298 juri
1097 2255 1142 2289 est
1162 2267 1293 2291 eontra—

402 2314 487 2348 rius.¹
1177 2314 1294 2352 ¹35·2·

1175 1915 1251 1951 174·
1263 1917 1295 1943 2·

1174 1964 1296 2002 ¹17·1·
1326 1984 1331 2002 ,

1141 164 1266 212 IN
1310 166 1359 212 D
1390 158 1518 214 E‘x

1804 356 1842 395 ‘L

1462 503 1719 541 ACHRIMAS
1744 505 1854 540 fundit
1877 506 1921 540 D.
1949 503 2104 541 Thomas
2117 506 2212 551 super
2228 505 2291 543 Re„

1402 592 1405 596 ,
1473 567 1513 601 ge
1534 556 1664 600 Angliae
1700 581 1711 598 ,
1736 557 1828 600 cujus
1850 556 1981 592 videbas
1998 556 2192 599 injustitiam
2220 581 2232 598 ,
2257 558 2290 593 ’δε

1416 606 1605 650 praevidebat
1628 608 1814 652 angustiam
1838 631 1846 639 .
1885 604 1940 646 86.
1963 619 1996 644 2·
2021 611 2120 641 Unum
2141 606 2179 647 est
2199 631 2211 648 ‚
2238 607 2292 640 in-

1415 657 1508 699 quit,
1533 660 1612 699 quod
1625 657 1686 700 fine
1707 659 1803 691 multa
1825 662 1923 691 animi
1942 663 2000 695 mel
2022 659 2226 693 amaritudine
2244 655 2294 699 su-

1407 705 1513 746 stlnere
1532 718 1588 742 non
1606 709 1712 742 valeo.
1754 710 1826 741 Fleo
1838 706 1985 751 siquidem
2003 706 2096 753 super
2118 707 2294 747 dilez‘liffimo

1415 759 1543 796 Domino
1562 758 1652 802 mistro
1667 762 1745 802 Rege
1765 783 1772 790 .
1799 762 1897 791 Timor
1915 764 1995 792 enlm
2018 759 2052 792 (ν
2073 767 2181 793 tremor
2204 768 2291 791 vene-

1413 816 1486 841 runt
1499 805 1590 851 supet
1601 820 1647 843 me
1666 833 1677 850 ,
1714 810 1748 842 (ν
1779 817 1972 844 contexerunt
1991 820 2038 842 me
2057 806 2188 842 tenebrae
2212 819 2221 840 ι
2260 810 2293 842 eo

1412 859 1491 900 quod
1507 860 1628 903 videam
1662 861 1786 892 Domino
1807 871 1869 892 meo
1904 862 1981 904 Regi
2005 859 2226 896 tribulationem
2259 859 2296 893 &⁹

1411 909 1578 952 angustiam
1600 914 1767 946 imminere.
1798 913 1864 942 Nec
1876 915 1984 944 mirum
1997 934 2004 941 .
2030 912 2200 942 Commovit
2214 913 2296 942 enim

1413 957 1570 1000 Ecclesiam
1600 963 1659 993 Dei
1697 983 1708 999 ‚
1734 960 1768 992 6
1787 959 1979 995 conturbavit
1999 971 2066 993 eam
2091 984 2104 1001 ,
2143 958 2293 999 ostendens

1411 1010 1497 1041 Clero
1514 1007 1568 1053 suo
1582 1009 1660 1042 dura
1699 1031 1711 1053 ³.
1746 1009 1780 1043 o·
1807 1017 1917 1056 potans
1951 1019 2017 1046 eam
2045 1013 2117 1053 'pino
2148 1013 2258 1048 erroris
2287 1033 2294 1040 .

1409 1058 1480 1096 ebra.

1360 1106 1643 1148 Lectiolibrorum
1666 1108 1820 1152 piorum,
1847 1106 1938 1146 unde
1957 1107 2099 1145 nascitur
2121 1106 2257 1142 devotio
2283 1131 2295 1150 ,

1411 1159 1599 1203 praeferenda
1638 1158 1685 1195 est
1707 1158 1841 1195 lectioni
1863 1159 1991 1205 Legum
2013 1158 2049 1198 ὃς
2079 1157 2265 1198 Canonum.
2283 1181 2297 1201 2

1407 1208 1786 1254 undeoriturlitigatio.
1891 1242 1893 1245 ,
1931 1250 1933 1253 7
2195 1204 2250 1244 80.
2264 1217 2297 1243 2·

1359 1260 1499 1305 Legatio
1512 1271 1567 1304 per
1591 1269 1695 1295 totam
1718 1257 1900 1304 Angliam,
1925 1256 2156 1304 dispensatorie
2178 1256 2298 1301 {Papa

1406 1309 1625 1343 committitur
1646 1310 1843 1347 Eboraceufi
1882 1307 2186 1353 Archi-Episcopo
2211 1331 2223 1351 ,
2255 1306 2298 1342 ad

1407 1357 1596 1393 instantiam
1622 1358 1726 1402 Regis
1746 1359 1906 1403 Angliae,
1931 1358 2068 1394 excluso
2085 1358 2130 1392 D.
2157 1356 2297 1393 Thomu

1409 1407 1658 1445 Cantuarienfi.
1683 1408 1739 1452 67.
1753 1419 1784 1444 2.
1811 1408 1875 1442 Sed
1899 1407 2012 1447 littera
2030 1407 2206 1454 legationis
2228 1418 2299 1442 non

1410 1465 1559 1499 poterant
1587 1455 1619 1489 ei
1652 1454 1734 1489 tradi
1757 1456 1823 1489 fine
1851 1455 1934 1490 scitu
1970 1457 2003 1496 &.
2048 1451 2223 1496 voluntate
2253 1458 2298 1492 1),

1411 1503 1556 1541 Thomae
1582 1529 1589 1538 .
1628 1504 1700 1538 ibid.
1728 1505 1870 1551 Legatio
1890 1504 1948 1540 illa
1969 1498 2143 1550 expirat}⁶
2159 1500 2224 1543 {ine
2245 1506 2299 1551 spe

1412 1556 1681 1595 convalescendi.
1710 1553 1808 1592 68.2.
1837 1555 1935 1590 Adeo
1956 1567 1994 1590 ut
2024 1551 2302 1600 Archi-Episco-

1354 1621 1357 1624 ·
1411 1617 1471 1652 pus
1495 1606 1703 1646 Eboracenszs
1718 1630 1730 1647 ,
1771 1606 1867 1641 fuerit
1888 1606 2033 1652 Legatus
2051 1605 2150 1645 nullis
2169 1614 2296 1654 tempo-

1411 1658 1472 1691 ris.
2179 1688 2181 1690 ,
2195 1654 2198 1657 ’
2216 1656 2297 1697 jhm.

1361 1705 1504 1753 Legatus
1515 1706 1675 1743 excedens
1695 1708 1911 1755 praescriptam
1929 1702 2068 1747 formam
2089 1703 2300 1745 authoritatis

1410 1759 1488 1800 suae,
1514 1756 1599 1793 nihil
1608 1759 1686 1793 facit
1698 1758 1804 1794 valide
1816 1783 1823 1790 .
2171 1755 2254 1805 236-
2264 1767 2299 1792 2-

1360 1807 1505 1853 Legatus
1529 1808 1725 1850 Romanus,
1752 1818 1900 1851 ternpore
1920 1806 2097 1854 legationis
2116 1806 2199 1849 suae,
2227 1818 2299 1840 non

1409 1858 1489 1892 solet
1500 1857 1612 1902 subjici
1624 1858 1716 1892 alteri
1727 1858 1856 1903 Legato
1870 1882 1878 1890 .
2188 1857 2263 1903 169-
2277 1867 2297 1889 t·

1359 1904 1504 1952 Legatos
1515 1909 1612 1955 ponit
1624 1907 1798 1946 Romanus
1808 1907 1964 1943 Pontifex
1987 1918 2042 1951 per
2063 1911 2173 1942 totum
2195 1904 2296 1944 Min-

1408 1958 1507 1991 dum:
1534 1955 1611 2001 quia
1620 1965 1731 2000 praeter
1742 1956 1935 2002 potestatem
1946 1958 2146 1994 ordinariam
2159 1980 2172 2002 ,
2197 1967 2295 2004 quam

1408 2005 1531 2043 habent
1554 2007 1706 2052 Episcopi
1730 2031 1742 2050 ,
1780 2006 1836 2042 ille
1861 2005 1971 2046 «habet
2005 2005 2299 2050 extraordinariam

1408 2057 1442 2091 in
1466 2067 1582 2091 omnes
1605 2057 1763 2092 Ecclefias
1797 2082 1809 2100 ,
1848 2057 1968 2102 quibus
1989 2055 2200 2102 personaliter
2225 2067 2295 2090 non

1408 2108 1510 2152 potest
1533 2108 1761 2144 fimuladesse.
2171 2115 2251 2156 129-
2268 2115 2296 2143 Ι.

1359 2157 1559 2203 Legatorum
1580 2159 1718 2202 potestas
1730 2158 1775 2192 est
1788 2182 1799 2199 ,
1826 2156 1916 2202 quod,
1942 2156 2038 2205 poffit
2057 2155 2099 2192 ad
2123 2156 2156 2195 se
2179 2157 2299 2191 vo'care

1408 2209 1589 2253 Episcopos
1611 2208 1645 2243 ὅ(
1667 2207 1801 2243 Clerum
1824 2220 1833 2251 3
1861 2205 2055 2252 corrigenda
2078 2204 2262 2251 coorrigere
2289 2227 2300 2246 „

1408 2258 1579 2294 statuenda
1603 2257 1766 2304 statuere,¹
1792 2259 1931 2297 nomine
1951 2258 1984 2293 ὅ(
2008 2257 2077 2295 vice
2097 2254 2188 2294 Sedis
2209 2254 2302 2301 Apo-

1408 2308 1529 2343 stolicae
1545 2334 1553 2345 ,
2136 2304 2139 2311 '
2227 2304 2299 2340 ibid.

353 2363 424 2409 Juri
435 2359 595 2397 contraire
606 2370 674 2393 non
685 2357 841 2396 dehemus
854 2363 983 2398 propter
996 2353 1116 2389 Pacem
1132 2365 1140 2389 :.
1161 2354 1213 2388 sed
1227 2356 1294 2401 pos-
1358 2357 1475 2402 Legati
1499 2358 1674 2394 Pontificis
1686 2370 1754 2394 non
1767 2359 1916 2406 solebant
1940 2357 2085 2407 aliquem
2106 2357 2142 2395 in
2166 2354 2305 2394 interio-

405 2413 519 2447 sumus
531 2408 784 2447 satisfactionem
806 2407 922 2438 offerre
934 2429 945 2448 ,
970 2414 1211 2448 quamcumque
1227 2404 1295 2447 jura

410 2460 624 2508 permittunt.
654 2456 732 2494 126·
753 2466 782 2492 1.
810 2453 972 2497 Alioquin
1009 2454 1216 2489 moriendum
1252 2453 1296 2487 est

411 2513 544 2557 potius,
584 2518 684 2554 quam
721 2506 783 2552 juri
821 2503 970 2539 cedendo
995 2514 1125 2552 propter
1144 2515 1257 2548 pacem
1286 2529 1297 2545 ‚

406 2563 522 2601 Deum
544 2557 792 2595 offendendum.
1222 2555 1295 2591 ibid.

364 2613 440 2662 Jura
453 2613 560 2651 aliena
572 2609 615 2645 fic
635 2608 728 2643 decet
750 2604 890 2650 relinqui
914 2604 1033 2638 intacta
1048 2616 1060 2639 ,-
1084 2604 1295 2648 quemadmo-

405 2664 487 2699 dum
506 2661 577 2707 jura
599 2660 655 2696 sua
678 2682 690 2699 ,
716 2656 856 2703 quilibet
879 2656 994 2692 seruari
1017 2656 1107 2699 cupit
1131 2655 1259 2699 integra
1288 2680 1294 2687 .

412 2723 456 2752 ιο
483 2722 535 2750 ·2·

361 2724 569 2815 Justa7s1s1nt
599 2769 669 2804 quae
693 2755 831 2801 praecipit
858 2754 1014 2799 Princeps
1037 2779 1048 2798 ,
1075 2754 1120 2789 est
1145 2752 1294 2789 obedien-

290 2814 293 2819 ’
409 2815 526 2855 dum‚·
554 2811 575 2845 fi
603 2807 717 2852 injusta
752 2833 763 2848 ‚
789 2806 1054 2851 respondendum
1092 2818 1100 2839 τ
1139 2805 1294 2848 quoniam

407 2871 540 2908 oportet
564 2870 625 2898 nos
636 2858 741 2903 magis
751 2857 884 2894 obedire
905 2857 1004 2899 Deo,
1029 2867 1128 2903 quam
1151 2854 1295 2891 homini·

410 2913 482 2951 bus.
1183 2915 1251 2953 134.
1268 2917 1295 2944 1.

362 2964 491 3014 Justitia
502 2961 547 2998 est
558 2961 679 2999 virtus,
706 2969 776 3002 quae
789 2956 965 3000 plurimum
978 2956 1106 3001 prodest
1118 2956 1148 2993 ei
1170 2957 1227 3001 qui
1239 2956 1296 2988 mi-

412 3016 541 3050 nimum
567 3009 669 3057 potest
684 3033 691 3043 .
717 3015 838 3056 231.1-
875 3005 1127 3041 Tranfimachus
1149 3005 1296 3040 Philoso-

413 3062 648 3109 phusecontra
658 3058 788 3095 dicebat
799 3068 871 3091 eam
882 3059 944 3093 effe
961 3058 1114 3094 virtutem
1139 3068 1208 3100 quae
1230 3056 1297 3099 plu·

414 3114 533 3149 timum
546 3109 671 3158 potest.
699 3108 762 3145 Sed
795 3107 899 3144 male.
926 3106 999 3140 ibid.
1036 3107 1171 3141 Liberat
1206 3107 1295 3140 enim

415 3159 612 3210 pauperem&
625 3169 758 3204 potente
768 3181 778 3197 ,
806 3159 840 3192 ὅ(
855 3157 997 3192 decernit
1013 3156 1137 3191 meritis
1151 3156 1275 3199 praemia
1285 3181 1294 3195 ‚

417 3226 486 3249 non
516 3211 660 3256 personis
680 3235 688 3246 ,
726 3209 798 3245 ibid.
825 3208 953 3255 Jusiitia
976 3206 1233 3243 administranda
1253 3206 1295 3240 est

405 3271 491 3303 ‘cum
503 3262 589 3298 Pace
605 3284 613 3294 .
1171 3264 1251 3301 ²05-
1271 3265 1296 3290 1.

1411 2418 1478 2441 rem
1500 2409 1617 2442 domus
1637 2411 1699 2443 suae
1732 2410 1988 2459 familiaritates-313
2026 2408 2166 2453 recipere
2191 2431 2204 2449 ,
2225 2405 2302 2447 vnisi

1406 2457 1592 2501 praestitiffet
1610 2457 1831 2500 juramentum
1849 2459 2015 2496 fidelitatis
2030 2483 2042 2501 ,
2067 2459 2101 2494 δε
2124 2455 2166 2490 de
2192 2456 2302 2490 occul-

1409 2506 1516 2541 tandis
1530 2508 1675 2543 secretis.
2163 2536 2165 2538 .
2182 2502 2257 2550 184.
2268 2515 2299 2540 2-

1359 2557 1506 2602 Legatos
1529 2559 1602 2593 suos
1625 2558 1659 2591 in
1692 2555 1852 2601 Angliam
1886 2555 1991 2594 mittit
2027 2554 2214 2594 Alexander
2241 2554 2295 2591 111,

1409 2618 1523 2651 pacem
1543 2606 1783 2650 composituros
1806 2607 1891 2641 inter
1925 2606 2054 2653 Regem
2076 2606 2108 2640 δε
2132 2606 2178 2642 D,
2204 2603 2300 2638 Tho-

1409 2667 1496 2692 mam
1519 2681 1527 2690 .
1559 2654 1633 2704 178.
1673 2667 1701 2692 1.
1728 2657 1830 2691 Primi
1855 2658 1988 2697 fuerunt
2024 2657 2110 2694 Otto
2131 2653 2302 2693 Diaconus

1410 2705 1599 2742 Cardinalis
1617 2733 1628 2749 ‚
1654 2707 1688 2743 &
1710 2706 1920 2744 W'ilhelmus
1941 2706 2111 2748 Presbyter
2137 2701 2300 2742 cardina-

1410 2758 1469 2792 lis.
1496 2756 1568 2790 ibib.
1598 2755 1808 2793 vvilhelmus
1829 2756 1975 2801 pollebat
1997 2754 2167 2800 prudentia
2193 2779 2205 2795 ‚
2230 2752 2298 2787 el'o-

1410 2806 1542 2853 quentia
1557 2831 1568 2847 ,
1595 2806 1629 2844 &
1652 2804 1862 2844 Authoritate
1878 2831 1885 2839 .
1917 2816 2035 2854 195.2.
2061 2803 2188 2843 Verum
2201 2804 2303 2847 suspe-

1408 2860 1477 2893 &us
1495 2868 1560 2893 erat
1575 2857 1745 2901 plurimis:
1771 2858 1846 2901 quia
1870 2869 1944 2891 cum
1965 2855 2101 2901 Papiam
2125 2854 2235 2891 missus
2248 2854 2295 2887 es·

1411 2909 1456 2945 set
1478 2932 1488 2948 ,
1529 2917 1565 2941 ut
1584 2916 1699 2943 contra
1723 2907 1930 2945 Fredericum
1955 2907 2189 2949 Imperatorem
2227 2914 2300 2938 cau-

1411 2959 1477 2992 sam
1501 2966 1610 3003 ageret
1630 2955 1811 2992 Alexandri
1824 2956 1881 2990 111.
1912 2968 1981 2991 non
2006 2956 2068 2991 fuit
2089 2955 2215 2989 fidelis:
2243 2952 2298 2991 sed

1412 3008 1469 3042 ubi
1490 3004 1582 3051 loqui
1604 3006 1784 3047 debuisset,
1812 3007 1914 3042 filuit.
1952 3016 2026 3052 191.
2051 3017 2079 3042 1.
2108 3007 2152 3041 Et
2182 3003 2204 3038 fi
2226 3015 2296 3038 non

1410 3057 1626 3098 consenserit,
1651 3056 1763 3092 saltem
1785 3068 1854 3091 non
1878 3057 2084 3092 contradixit
2107 3079 2119 3096 ‚
2148 3053 2299 3090 Ofiavia·

1411 3119 1473 3143 nus
1495 3108 1565 3142 anti
1579 3126 1589 3132 -
1604 3107 1711 3149 Papa,
1736 3106 1816 3142 dum
1847 3117 1993 3153 receptus
2014 3107 2077 3145 fuit
2093 3105 2112 3141 a
2144 3102 2300 3145 Schisma-

1409 3159 1499 3194 ticis.
1525 3158 1597 3192 ibid.
1619 3157 1702 3195 Νοη
1714 3155 1924 3201 Γερίεδιωίῐῐ
1948 3166 2080 3193 carnem
2102 3180 2114 3202 ‚
2149 3155 2237 3189 dona
2258 3153 2293 3187 &

1408 3219 1568 3248 munera,
1593 3207 1626 3242 &
1651 3206 1754 3252 Regis
1771 3208 1912 3255 gratiam
1929 3232 1937 3240 .
1963 3216 2041 3253 209.
2072 3214 2101 3241 1.
2125 3204 2219 3240 Odio
2244 3203 2300 3237 ha-

1410 3258 1506 3293 bebat
1526 3259 1568 3292 D.
1595 3255 1782 3291 Thomam.
1813 3259 1888 3295 182·
1911 3269 1942 3294 2.
1971 3256 2085 3290 Hostis
2109 3256 2178 3299 ejus
2196 3255 2296 3288 mani,

1411 3309 1528 3344 festus.
1559 3309 1632 3352 184.
1663 3315 1690 3345 1.
1717 3307 1849 3350 Semper
1876 3308 1922 3342 D.
1954 3306 2102 3342 Thomae
2128 3304 2260 3345 infestus
2287 3326 2297 3334 -

1415 3369 1491 3406 194.
1516 3368 1547 3396 ,2.-
1575 3358 1661 3393 Otto
1686 3369 1761 3392 vero
1788 3358 1903 3393 melior
1931 3368 2024 3399 erat,
2057 3357 2167 3394 minus
2203 3362 2298 3400 appe·

1411 3419 1483 3443 tens
1518 3407 1618 3451 Regis
1649 3410 1787 3452 gratiam
1822 3434 1829 3441 .
1857 3409 1938 3446 208.
1978 3420 2010 3445 2.
2037 3407 2162 3452 Magisv
2186 3405 2296 3439 favens

1413 3459 1459 3495 D.
1481 3456 1624 3495 Thomae
1643 3482 1651 3494 .
1694 3455 1770 3497 180.
1798 3470 1829 3498 2·
1859 3456 1938 3505 183.
1965 3468 1997 3494 2.
2021 3458 2122 3495 Bonae
2148 3453 2294 3512 volunta-

1561 3526 1566 3531 ⁴
2017 3529 2019 3533 ·
2170 3515 2212 3544 tls
2238 3527 2251 3549 θ
