2358 3776
351 116 456 167 166'

399 242 805 282 ErlsToLA
905 244 1105 281 CLXVI.

308 345 499 386 Alexandro
521 346 616 393 Papae
639 343 843 381 Lombardus
864 345 1025 380 Romana
1046 346 1193 382 Ecclesiae

607 397 674 432 Sub
686 412 697 426 ν
708 395 877 429 Diaconus
887 418 895 426 .

391 499 564 535 Reverendo
592 499 682 530 Patri
706 507 741 529 ac
768 498 892 528 Domino
919 495 1108 537 Alexandro,

434 553 491 582 Dei
511 550 636 591 gratia,
667 547 783 579 Summo
802 544 959 587 Pontifici,
987 548 1074 578 Lom-

480 598 593 632 bardus
618 598 682 638 ejus
708 597 839 630 clericus
849 595 948 636 fidelis
959 593 1022 630 obe·

581 647 703 682 diemlae
718 645 924 692 famulatum.

369 749 453 786 UM
477 748 583 783 vestrae
594 748 779 784 Sanstitatis
792 745 898 787 Puer,
924 746 1143 781 &vestrarum
1154 756 1219 781 ma·

396 808 498 834 nuum
510 810 592 842 opus
605 799 638 832 in
653 797 783 834 Christo
795 797 872 838 sim,
899 808 969 841 quae
981 798 1015 831 in
1039 797 1155 832 nostrae
1175 797 1219 831 fa-

278 859 341 884 mae
365 850 632 895 sugillationem,
662 858 759 892 atque
772 847 866 881 vestri
880 848 1026 883 nominis
1036 848 1217 892 derogatio-

283 911 363 934 nem
375 900 544 934 celebriter
554 899 730 939 dicuntur,
757 898 935 942 quaequein
950 898 1050 932 totius
1072 896 1218 932 Ecclefiae

276 948 514 985 detrimentum
525 947 641 984 callide
651 949 816 983 struuntur
826 972 837 989 ,
865 947 1061 983 dissimulare
1073 956 1134 982 nee
1149 949 1218 990 pos-

281 999 376 1042 sum,
404 1013 463 1036 nee
482 999 607 1035 debeo.
635 999 778 1043 Joannes
790 998 944 1041 siquidem
966 998 1205 1034 oxeneforden

279 1049 320 1083 Es
332 1073 346 1090 ,
368 1061 446 1084 curn
456 1050 643 1084 Deeanatus
654 1048 943 1094 honore-&gratiae
953 1049 1062 1083 vestrae
1081 1048 1216 1092 plenitu-

278 1096 359 1134 dine
379 1099 488 1134 Roma
512 1100 638 1134 rediisse
659 1099 835 1134 insolenter
849 1100 880 1133 se
904 1099 1018 1142 jactat,
1044 1097 1218 1133 nihilomi-

279 1160 342 1184 nus
365 1149 522 1192 adjiciens
543 1150 574 1183 se
596 1149 769 1195 privilegio
793 1150 862 1183 sote
886 1148 1050 1183 munitum
1071 1148 1219 1183 adversus

281 1198 470 1235 Dominum
491 1199 756 1235 Cantuariensem
770 1224 781 1240 ,
808 1199 843 1233 &
853 1209 987 1233 omnem
999 1198 1197 1243 Episcopum
1210 1222 1220 1238 ,

278 1249 410 1293 &quasi
436 1249 643 1293 paulominus
661 1250 679 1282 a
699 1249 928 1284 Cardinalium
949 1249 1066 1283 ordine
1095 1247 1221 1282 consti-

278 1307 410 1339 tutum,
433 1299 530 1334 vobis
549 1299 629 1339 soli,
657 1299 690 1332 δι
705 1297 916 1341 Apostolatui
940 1297 1045 1336 vestro
1067 1299 1097 1331 se
1119 1295 1220 1339 subjess

278 1350 367 1384 llum
386 1349 513 1383 asserir.
539 1347 692 1382 Praeterea
713 1370 726 1389 ,
757 1347 848 1390 quod
872 1347 1007 1392 Regum
1029 1347 1138 1381 nullus
1162 1358 1219 1381 un-

280 1400 382 1444 quam
393 1399 542 1434 obtinere
555 1398 659 1432 valuit
673 1422 684 1439 ‚
710 1408 769 1440 pro
791 1396 884 1440 Rege
896 1396 1072 1431 obtinuisse
1081 1396 1219 1441 glorian-

279 1446 328 1484 do
342 1447 474 1492 superbe
483 1449 630 1491 loquitur
649 1459 658 1479 t
694 1446 818 1481 scilieet
838 1447 921 1480 inter
946 1447 1047 1491 Regis
1069 1446 1173 1480 filiurn
1188 1447 1221 1480 &

283 1499 389 1534 filiam
402 1497 547 1532 Comitis
563 1495 764 1535 Britanniae,
789 1495 824 1528 in
847 1494 947 1529 tertio
967 1496 1071 1540 gradu
1085 1496 1222 1530 consan-

279 1548 422 1595 guineos
443 1571 455 1587 ,
492 1543 741 1581 matrimonium
763 1545 864 1578 vestra
893 1543 1091 1580 authoritate
1119 1546 1222 1579 firma·

280 1608 370 1634 tum.
399 1596 536 1631 Addens
548 1604 699 1640 quoque,
723 1595 742 1627 a
764 1592 859 1638 Rege
880 1592 1023 1638 Legatos
1046 1593 1223 1638 specialiter

280 1648 466 1693 postulatos
488 1646 640 1687 destinari
653 1668 665 1684 ,
691 1643 748 1685 qui
769 1644 997 1687 appellationis
1013 1643 1158 1679 remedio
1174 1645 1223 1678 su-

282 1699 396 1737 blato,
421 1697 557 1731 audiant
577 1696 611 1728 ὅ(
633 1694 792 1727 definiant
804 1692 963 1735 quidquid
977 1694 1063 1739 Regi
1076 1693 1225 1728 adversus

279 1749 473 1783 Dominum
495 1743 617 1779 Archi·
632 1742 829 1785 Episcopum
853 1752 1030 1785 proponere
1050 1744 1225 1786 placuerit.

283 1798 391 1840 Haec,
419 1795 617 1830 Sanfflffime
632 1792 729 1826 Pater
749 1815 762 1833 ,
799 1791 925 1835 Joanne
946 1790 1055 1826 Roma
1074 1792 1227 1826 redeunte

282 1841 455 1892 divulgata
491 1847 590 1885 sunt,
615 1854 687 1887 quae
709 1865 720 1881 ,
755 1842 880 1884 quanto
913 1842 1018 1886 magis
1044 1842 1191 1876 inusitata
1216 1864 1228 1881 ,

282 1896 413 1942 quanto
434 1894 533 1929 rarius
551 1893 620 1927 fieri
642 1891 771 1931 solent,
797 1891 891 1926 tanto
912 1891 1139 1927 vehementius
1161 1893 1228 1925 Au-

284 1946 452 1982 dientium
461 1945 593 1979 animos
602 1941 807 1986 perculerunt
821 1967 829 1975 .
855 1940 990 1988 Qibus
998 1942 1119 1976 auditis
1133 1941 1230 1975 Fran*

285 2007 400 2033 corum
414 1994 509 2035 Rex,
538 1992 687 2028 vester&
716 1990 865 2026 Ecclefiae
886 1991 974 2025 filius
995 1991 1156 2031 devotus,
1183 1991 1227 2024 ita

282 2045 492 2083 vehementer
501 2045 649 2079 turbatus
660 2041 707 2076 est
724 2066 736 2082 ,
761 2040 982 2076 utconfestirn
995 2043 1027 2075 se
1040 2042 1124 2075 velle
1136 2039 1229 2073 Nun-

283 2098 359 2133 tios
377 2095 518 2139 dirigere
531 2118 542 2134 ,
567 2092 769 2138 quiLegatis
780 2091 888 2126 vestris
900 2090 1012 2136 Regni
1038 2092 1085 2125 sui
1106 2090 1230 2135 ingres-

286 2144 558 2182 suminhiberent
573 2168 585 2184 ,
609 2141 748 2177 diceret.
776 2143 848 2188 Qi
869 2142 942 2185 plus
966 2141 1090 2185 aliquid
1115 2140 1191 2175 fecit
1219 2163 1230 2180 ,

287 2196 379 2238 quod
389 2199 424 2229 in
437 2207 493 2230 ore
506 2194 634 2230 Latoris
647 2192 761 2236 posui.
792 2192 988 2226 Convocare
997 2191 1096 2225 etiarn
1111 2187 1227 2224 Archi-

286 2245 705 2291 Episcopos&Episcopos
727 2242 759 2275 se
770 2241 854 2276 velle
865 2241 977 2278 dixit,
1000 2240 1160 2282 quatenus
1183 2239 1231 2271 eis

288 2296 521 2341 exponeret&
532 2302 743 2338 proponeret,
769 2289 940 2332 quomodo
953 2288 1106 2322 Romana
1123 2288 1229 2329 Eccle-

288 2347 333 2381 fia
355 2345 505 2380 adversus
526 2345 579 2385 se,
603 2343 637 2376 δε
658 2351 732 2375 eam
754 2338 974 2384 malignantes
984 2339 1128 2380 exaltat,
1154 2349 1230 2372 eum

289 2405 402 2432 autem
423 2395 602 2438 deprimere
620 2389 735 2435 quaerit
755 2413 766 2430 ,
792 2389 925 2423 dicens:
952 2399 995 2423 an
1024 2399 1093 2422 non
1106 2387 1232 2422 laborat

289 2457 344 2482 me
363 2444 586 2484 inhonorare,
611 2441 669 2485 qui
690 2439 883 2484 sanguinem
902 2438 1142 2473 Cantuariensis
1167 2438 1233 2471 Ar-

291 2495 348 2531 chi
364 2493 568 2538 -Episcopi,
594 2491 654 2525 viri
671 2490 881 2530 innocentis,
906 2501 966 2533 pro
985 2488 1106 2532 justitia
1119 2489 1152 2523 &
1176 2488 1234 2522 Ec·

290 2545 389 2582 elefiae
408 2544 556 2579 libertate
567 2540 751 2579 exulantis,
778 2538 898 2573 callide
916 2540 1083 2573 effundere
1095 2539 1207 2583 quaerit
1220 2562 1231 2578 ,

292 2594 395 2639 impie
414 2593 544 2630 tradens
561 2592 664 2636 ipsum
685 2588 836 2624 manibus
858 2587 1113 2623 inimicorum&
1135 2589 1233 2632 perse·

290 2656 443 2681 eutorum
463 2643 532 2686 ejus
552 2667 564 2684 ,
590 2652 686 2686 quem
707 2650 776 2673 non
798 2639 1030 2683 obsequiorum
1059 2639 1199 2674 obtentu
1223 2663 1234 2679 ‚

293 2706 371 2731 cum
382 2693 477 2728 nobis
486 2692 589 2738 magis
600 2689 731 2733 injurias
741 2689 885 2724 intulerit
898 2710 910 2730 ,
936 2688 1143 2733 obsequendo
1153 2699 1223 2723 tum

290 2747 348 2788 ei,
373 2745 431 2788 qui
455 2755 544 2778 nunc
561 2743 667 2786 ipsum
689 2740 906 2784 persequitur,
935 2738 988 2773 sed
1001 2740 1108 2783 potius
1130 2738 1232 2783 justis-

296 2797 380 2830 fimae
406 2796 530 2834 causae,
554 2802 652 2835 quam
669 2791 783 2829 fovet,
809 2789 956 2829 intuitu,
982 2790 1047 2833 ejus
1070 2789 1236 2833 probitatis

295 2843 598 2888 contemplatione,
624 2850 735 2874 amore
754 2838 853 2872 etiam
875 2839 1016 2873 Domini
1040 2840 1155 2884 Papae,
1180 2839 1234 2883 qui

293 2895 372 2931 satis
392 2892 567 2928 instantius
587 2902 639 2925 me
651 2901 710 2934 pto
730 2900 771 2923 eo
784 2890 932 2933 rogavit,
957 2889 1112 2925 exhibere
1135 2889 1237 2925 hono·

299 2944 432 2981 tifiee&
444 2944 594 2978 decenter
605 2965 616 2981 ,
642 2938 800 2984 quamdiu
812 2940 846 2972 in
861 2938 962 2973 exilio
973 2941 1069 2974 fuerit
1079 2965 1090 2982 ,
1114 2941 1149 2974 &
1161 2950 1237 2982 qua·

301 2996 327 3029 si
349 2995 384 3029 in
398 2994 469 3028 finu
491 3003 568 3028 meo
585 2988 959 3026 confoveteconstanter
968 2989 1107 3032 disposui
1121 3014 1132 3031 ,
1158 2991 1235 3024 ficut

300 3047 336 3080 &
356 3046 421 3088 jam
442 3043 547 3087 coepi.
572 3040 789 3076 Denuncians
815 3042 915 3072 etiam
934 3039 967 3072 δε
989 3040 1155 3074 manifeste
1164 3052 1235 3084 pro-

301 3094 540 3134 testans,.non
555 3092 618 3127 esse
637 3088 693 3125 fibi
713 3089 823 3124 minus
843 3088 1040 3130 molestum,
1068 3091 1154 3131 quod
1181 3102 1239 3134 pro

991 100 1535 162 EPiSTOLAE

1283 193 1419 229 mutavit
1436 192 1644 238 Indulgentia
1658 217 1668 234 ‚
1692 194 1746 229 etsi
1768 193 1887 230 horum
1920 204 2073 236 conatum
2096 199 2213 246 reptes.

1283 243 1364 278 sisset
1390 243 1589 280 authoritas.
1618 245 1700 278 Haec
1724 255 1780 288 per
1801 244 2145 289 quemdamClericum
2159 264 2216 285 vo-

1284 293 1332 327 bis
1353 294 1482 329 fidelem
1504 295 1537 328 δε
1556 295 1710 329 devotum
1723 318 1734 335 ,
1762 296 1948 338 praeseutem
1970 295 2051 333 dum
2066 301 2129 336 haec
2139 314 2215 347 age-

1284 354 1413 385 rentur,
1438 344 1523 379 mihi
1542 356 1581 379 ea
1603 346 1752 388 privatim
1773 347 1965 381 referentem
1978 370 1990 388 ,
2025 347 2142 384 didici.
2172 352 2216 385 11-

1284 394 1452 429 ludunum
1470 419 1481 435 ‚
1494 395 1590 429 Pater
1601 395 1820 437 Sanfiiffime,
1843 395 1998 431 verissime
2012 396 2079 432 seio
2092 421 2102 438 ,
2126 400 2215 440 quod

1285 454 1392 479 tamen
1415 444 1533 490 absque
1565 445 1744 489 lachrymis
1765 457 1834 480 non
1855 445 1959 480 scribo
1979 471 1991 487 ,
2027 449 2103 490 quia
2125 449 2216 484 vestri

1286 494 1430 529 nominis
1449 496 1532 531 odor
1543 508 1585 530 ex
1603 496 1712 540 aliqua
1735 506 1826 540 parte
1836 497 2032 531 offuscatur:
2058 497 2216 545 quoniam

1286 545 1377 580 famae
1388 545 1494 580 vestrae
1517 546 1712 591 derogatio,
1737 547 1825 591 quasi
1847 547 1938 582 cibus
1948 547 2146 592 est&potus
2165 546 2221 582 de-

1287 594 1504 636 trahentium,
1530 597 1564 632 &
1585 596 1820 632 maledicorum
1833 622 1844 638 ‚
1880 598 1938 642 qui
1958 595 2046 633 velut
2064 597 2144 632 vino
2165 608 2221 641 po·

1285 645 1309 679 ti
1332 655 1427 689 atque
1451 646 1620 688 inebriati,
1649 649 1781 682 vestram
1806 649 1927 682 famam
1960 648 2158 691 decerpunt,
2183 648 2220 682 δε

1286 695 1372 737 quasi
1397 706 1454 729 vos
1475 705 1581 731 totum
1607 696 1847 732 maledictionis
1866 697 2016 732 dentibus
2027 696 2219 738 corrodunt,

1285 755 1354 779 tum
1376 746 1483 780 favore
1512 746 1652 781 Domini
1678 748 1921 782 Cantuariensis
1941 772 1953 789 ,
1988 748 2106 792 partim
2139 747 2222 782 odio

1285 806 1360 829 eum
1384 797 1600 839 persequentis
1619 824 1625 831 .
1669 796 1821 832 Maxime
1839 798 1914 832 cum
1936 797 2033 842 prope
2054 797 2131 832 esset
2149 796 2228 831 dies

1287 846 1423 879 victoriae
1440 846 1506 890 ejus
1526 847 1558 882 ἀ
1579 846 1705 888 vestrae,
1732 848 1842 883 sicuta
1867 848 1978 883 multis
1998 847 2185 883 credebatur
2210 871 2219 879 .

1287 895 1443 930 Timebat
1467 898 1556 931 enirn
1579 897 1762 939 Rexadeo,
1788 898 1843 932 die
1862 899 2090 943 appellationis
2102 897 2220 941 elapso,

1287 956 1321 979 ut
1334 945 1502 980 manifeste
1519 947 1640 982 diceret
1661 949 1691 981 se
1715 947 1884 992 Episcopis
1902 949 2063 992 appellare
2084 959 2145 982 nec
2156 958 2222 991 per-

1287 996 1430 1035 suasisse,
1455 1007 1516 1031 nec
1534 1008 1591 1032 eos
1614 997 1823 1040 compulisse,
1862 997 1999 1041 ideoque
2026 1008 2129 1042 partes
2150 999 2223 1031 suas

1286 1045 1319 1079 in
1342 1056 1381 1079 ea
1401 1055 1434 1080 re
1454 1057 1520 1080 non
1543 1049 1621 1081 esset
1635 1047 1891 1089 interpositurus.
1922 1047 2073 1091 Episcopi
2095 1046 2223 1083 veroin

1286 1104 1413 1129 tantum
1435 1095 1638 1140 angebantur
1660 1121 1671 1136 ,
1707 1097 1741 1130 δι
1763 1095 1911 1130 interdici
1934 1095 2120 1131 metuebant
2138 1118 2151 1137 ,
2184 1102 2223 1130 ue

1286 1145 1418 1190 quidam
1439 1144 1479 1188 ad
1501 1146 1686 1180 Dominum
1700 1145 1968 1180 Cantuariensem
1980 1145 2131 1180 Nuncios
2150 1144 2227 1187 mip-

1287 1204 1415 1236 terent‚
1442 1197 1576 1240 quidam
1598 1195 1637 1229 ad
1659 1196 1726 1239 ejus
1746 1196 1955 1230 vocationem
1988 1196 2089 1240 parati
2106 1195 2225 1234 essent,

1287 1256 1360 1279 cum
1384 1245 1524 1287 Joannes
1542 1246 1582 1279 de
1602 1246 1796 1280 oxeneford
1809 1271 1819 1286 ‚
1844 1246 1930 1280 velut
1952 1246 2097 1291 Legatus
2109 1244 2222 1291 vester,

1286 1296 1454 1329 universos
1486 1295 1665 1338 Episcopos
1696 1306 1883 1329 convocans
1905 1320 1916 1336 ,
1951 1297 1999 1330 eis
2027 1294 2225 1329 authoritate

1288 1344 1404 1384 vestra,
1429 1344 1509 1379 sicut
1530 1345 1613 1378 fama
1635 1344 1681 1379 est
1704 1346 1738 1378 in
1760 1346 1871 1379 Gallia
1894 1369 1904 1385 ,
1944 1357 1985 1379 ne
2006 1345 2048 1379 ad
2083 1344 2227 1379 Domini

1288 1394 1525 1429 Cantuarienfis
1538 1395 1743 1429 vocationem
1757 1397 1927 1434 venirent,
1950 1396 2116 1439 praecepit.
2146 1395 2224 1443 Qa

1288 1445 1455 1479 occasione
1475 1443 1628 1488 magister
1647 1443 1812 1479 Roberrus
1827 1444 2070 1480 Herefordensxs
2092 1444 2224 1488 Episco-

1289 1504 1366 1538 pus,
1392 1494 1541 1536 curnjam
1555 1492 1595 1527 ad
1617 1505 1703 1528 mare
1715 1495 1849 1529 venisset
1868 1496 2128 1530 transfretaturus
2141 1518 2153 1535 ,
2178 1504 2226 1528 re-

1288 1553 1424 1578 vocatus
1443 1543 1508 1578 est.
1536 1544 1589 1576 Sic
1611 1544 1677 1587 ipse
1697 1556 1808 1580 coram
1826 1545 1979 1579 Domino
2000 1544 2225 1580 Cantuarien-

1289 1593 1310 1626 si
1333 1603 1388 1636 per
1409 1592 1561 1627 Nuncios
1579 1593 1652 1627 suos
1675 1617 1687 1634 ,
1722 1595 1808 1628 viros
1828 1594 2015 1640 Religiosos
2039 1619 2051 1635 ,
2081 1594 2116 1628 δε
2139 1593 2225 1628 bene

1291 1653 1412 1684 notos,
1439 1653 1492 1676 me
1514 1643 1687 1686 praesente,
1713 1643 1745 1676 se
1763 1643 1945 1677 excusavit.
1972 1644 2144 1689 Propterea
2161 1653 2230 1678 tan-

1291 1703 1325 1727 ta
1346 1692 1390 1726 est
1414 1692 1448 1726 in
1469 1692 1651 1726 multorum
1675 1692 1795 1726 animis
1817 1692 2034 1736 perturbatio.
2064 1688 2229 1727 Verentur

1291 1743 1380 1776 enim
1404 1742 1580 1784 plurimum
1601 1741 1704 1786 Regis
1722 1743 1891 1783 versutias,
1917 1743 1952 1776 δι
1972 1754 2013 1776 ex
2036 1740 2088 1776 his
2110 1739 2229 1788 Angli

1291 1802 1379 1825 canae
1402 1801 1498 1833 atque
1517 1791 1669 1824 omnium
1690 1789 1904 1824 Ecclesiaturn
1915 1799 2007 1824 terrae
2018 1793 2080 1825 fuae
2091 1794 2232 1831 minanti

1290 1839 1493 1875 &libertatis
1512 1838 1747 1874 subversionem
1760 1865 1771 1880 ,
1796 1852 1834 1875 ac
1857 1840 2068 1883 prolixiorem
2089 1865 2102 1882 ,
2128 1839 2231 1876 vehe-

1293 1890 1555 1934 mentioremque
1584 1888 1692 1925 Archi
1711 1907 1723 1914 -
1742 1890 1897 1937 Episcopi
1937 1892 2196 1934 persecutionem·
2219 1898 2230 1924 ε

1293 1941 1429 1988 Qippe
1449 1950 1524 1974 cum
1544 1939 1562 1972 a
1585 1933 1718 1980 multis,
1741 1941 1776 1974 &
1797 1940 1872 1984 ssepe
1893 1940 2071 1976 audiverim
2093 1966 2105 1982 ,
2137 1936 2235 1985 quod'

1296 1990 1369 2024 Rex
1392 1991 1428 2024 in
1457 1989 1588 2024 adversa
1610 1990 1743 2024 fortuna
1764 1990 1798 2024 &
1833 1989 1928 2025 obitu
1961 1992 2065 2026 vestro
2085 2015 2099 2032 ,
2132 1999 2230 2036 quem

1292 2040 1385 2086 Deus
1410 2039 1466 2073 sua
1499 2038 1727 2084 benignissima
1764 2039 1935 2075 clementia
1972 2042 2006 2076 in
2028 2042 2131 2086 longa
2149 2051 2229 2075 tem·

1299 2094 1376 2134 pora
1396 2089 1546 2129 differat,
1573 2100 1708 2124 ornnem
1730 2089 1814 2133 spem
1839 2092 1927 2125 suam
1947 2091 2062 2126 locasse
2078 2092 2226 2127 dicatur.

1299 2137 1494 2173 Firmissime
1511 2139 1666 2178 asserens,
1693 2140 1772 2174 sicut
1793 2141 1812 2174 a
1833 2141 1978 2185 pluribus
2000 2143 2124 2183 fertur,
2163 2142 2231 2176 sue-

1297 2189 1453 2227 cessorem
1475 2188 1614 2223 vestrum
1632 2190 1664 2223 se
1686 2191 1890 2233 nequaquam
1913 2191 2156 2236 suscepturum,
2182 2191 2232 2224 ni·

1295 2238 1319 2271 fi
1343 2238 1432 2282 prius
1450 2250 1567 2274 omnes
1588 2239 1815 2285 dignitates&
1844 2242 2097 2277 consuetudines
2119 2241 2231 2286 Regni

1297 2289 1343 2321 sui
1364 2288 1620 2323 confirmaverit.
1650 2290 1698 2324 Ea
1721 2300 1850 2334 propter
1868 2291 2028 2327 dolose&
2049 2291 2232 2326 frauduleffl

1298 2348 1344 2372 ter
1361 2338 1502 2372 creditur
1526 2339 1671 2383 Legatos
1700 2339 1870 2382 postulasse
1893 2356 1903 2379 ,
1942 2351 2058 2384 utpote
2079 2341 2120 2377 ad
2143 2343 2232 2376 suam

1297 2387 1519 2427 voluntatem,
1548 2399 1616 2421 non
1638 2387 1742 2421 solum
1763 2388 1913 2423 adversus
1936 2392 2122 2425 Dominum
2145 2392 2232 2426 Cau-

1298 2437 1513 2477 tuariensem,
1539 2435 1650 2471 verum
1669 2436 1768 2470 etiam
1790 2438 1940 2481 adversus
1961 2450 2076 2473 omnes
2098 2439 2232 2482 Episco-

1299 2498 1358 2532 pos
1376 2495 1464 2521 terrae
1480 2487 1541 2521 suae
1561 2486 1791 2530 complendam
1803 2511 1815 2528 ,
1840 2488 1889 2522 vel
1911 2499 1948 2522 ut
1972 2489 2084 2523 saltem
2106 2488 2149 2523 fic
2164 2488 2235 2531 ejus

1291 2537 1623 2578 excommunicatio,
1649 2538 1683 2572 &
1705 2545 1793 2572 terrae
1812 2536 2021 2572 InterdiCtum
2045 2537 2229 2572 differatur:

1299 2597 1460 2632 quatenus
1485 2586 1550 2621 hoc
1572 2586 1676 2622 modo
1699 2585 1874 2623 ‘frustando
1896 2597 2065 2632 tempora,
2090 2587 2235 2623 Domini

1299 2638 1541 2673 Cantuarienfis
1561 2636 1792 2671 authoritatem
1822 2645 1974 2672 evacuare
1993 2637 2110 2681 poffit,
2147 2647 2185 2671 ut
2209 2636 2234 2670 fi

1299 2688 1384 2723 forte
1408 2688 1513 2722 vestro
1534 2697 1682 2730 tempore
1705 2697 1775 2722 non
1799 2686 1937 2732 ligetur,
1963 2687 2169 2721 asuceeffore
2180 2698 2241 2722 ve*

1299 2740 1365 2773 stro
1388 2738 1483 2783 ligari
1506 2749 1576 2772 non
1594 2747 1719 2771 metuat
1739 2759 1750 2777 ,
1785 2736 1942 2782 cumflnec
1961 2737 2058 2771 facile
2074 2761 2085 2777 ,
2111 2738 2191 2771 sicut
2211 2739 2230 2772 a

1284 2788 1413 2835 'multis
1434 2788 1580 2827 dieitur,
1605 2788 1804 2831 proposuerit
1825 2794 1899 2822 eum
1923 2788 1955 2821 s'e
1975 2787 2196 2831 suscepturum
2223 2803 2231 2820 .>

1302 2840 1437 2882 ltaque,
1464 2837 1704 2883 prudentiffime
1715 2837 1833 2876 Pater,
1859 2837 1914 2881 qui
1927 2836 2080 2881 Spiritum
2095 2838 2159 2872 Dei
2180 2835 2233 2870 ha-

1301 2889 1379 2923 bent
1392 2912 1404 2928 ,
1429 2889 1463 2922 δε
1486 2899 1596 2932 pacem
1617 2887 1761 2920 Ecclesiae
1779 2886 1978 2927 desiderant,
2006 2887 2152 2931 spiritum
2168 2887 2235 2921 Da·

1303 2939 1396 2974 nielis
1415 2938 1450 2971 in
1473 2938 1567 2972 vobis
1586 2935 1719 2970 excitari
1738 2960 1752 2977 ,
1787 2936 1827 2970 ad
1850 2936 1937 2971 Belis
1966 2936 2098 2972 astutias
2125 2937 2237 2980 depre-

1303 2987 1492 3024 hendendas
1504 3013 1515 3029 ‚
1541 2989 1573 3021 &
1592 2987 1767 3021 draconem
1787 2986 2050 3022 interficiendum
2063 3011 2075 3028 ,
2105 2987 2236 3022 summo

1303 3038 1405 3074 animi
1427 3039 1541 3072 affestu
1564 3045 1699 3080 optant,
1728 3037 1820 3080 super
1839 3048 1906 3078 quo
1927 3037 2038 3071 Deum
2059 3037 2235 3076 affiduis&

1303 3087 1477 3124 cumulatis
1489 3086 1780 3132 precibusexorant
1792 3112 1800 3120 .
1828 3086 1948 3124 Valeat
1960 3087 2118 3125 Sanctitas
2137 3086 2236 3122 vestra

303 3146 367 3180 hac
386 3143 479 3179 causa
501 3143 646 3188 Legatos
665 3139 821 3179 mittitis,
843 3138 943 3182 quam
962 3138 985 3170 st
1008 3139 1049 3172 ad
1072 3140 1237 3174 Coronam
1306 3142 1339 3175 in
1361 3147 1505 3183 tempora
1523 3135 1645 3174 multa.

307 3197 376 3239 ejus
402 3193 611 3229 auferendam
642 3202 699 3226 eos
717 3189 921 3224 destinaretis
945 3213 952 3221 .
988 3188 1068 3232 Ejus
1093 3190 1239 3223 animum

304 3244 387 3281 adeo
408 3244 610 3279 concitatum
641 3252 710 3275 non
732 3240 904 3274 defuerunt
926 3239 982 3283 qui
1008 3239 1113 3282 magis
1134 3240 1241 3272 incen-

308 3296 439 3330 derent.
466 3295 554 3329 Data
574 3292 619 3327 est
636 3291 767 3325 occasio
778 3289 928 3324 adversus
949 3299 1031 3329 nos,
1057 3289 1090 3322 &
1104 3289 1167 3322 Dei
1181 3289 1239 3323 Ec-

308 3345 433 3379 elefiam
455 3341 681 3389 malignandi,
707 3351 804 3385 atque
814 3339 951 3383 plurima
974 3338 1132 3374 moliendi
1152 3337 1203 3372 his
1231 3363 1241 3379 ,

311 3393 432 3436 quibus
452 3394 493 3428 ab
516 3394 615 3427 initio
634 3390 805 3426 animus&
821 3389 961 3424 nocendi
985 3389 1078 3423 vobis
1090 3388 1242 3434 cognitus

314 3443 398 3484 fuit.
425 3442 577 3493 Qorum
607 3441 806 3478 malevolum
825 3439 1024 3486 propositum
1043 3439 1142 3475 vestra
1173 3450 1241 3475 non

2069 3482 2207 3523 1391-
