2358 3776
545 93 585 138 s.
621 87 911 138 THOMAE
947 81 1347 156 ΩΑΝῌΙΑΒ,
1396 83 1533 138 LIB.
1584 90 1678 136 1v.

136 180 244 219 Parati
256 177 334 215 vero
345 180 474 221 sumus,
500 178 691 223 siplacuerit
713 177 786 218 illi,
813 176 905 220 juxta
925 173 1069 209 Manda-

136 243 207 267 tum
227 229 461 274 Apostolicum
480 231 619 274 recipere
631 228 810 263 Ecclesiam
830 227 865 262 δι
876 224 993 260 Sedem
1006 235 1069 257 no-

136 281 232 324 stram
246 291 322 315 cum
342 281 448 326 gratia
474 282 544 314 sua.
571 280 615 315 Et
638 279 775 313 recolite
801 276 895 321 quod.
905 274 1071 309 Dominus

133 330 244 373 Papa,
272 332 330 375 qui
341 330 432 366 vobis
443 331 477 365 in
501 332 620 365 virtute
641 327 837 364 obedientias
856 322 1008 360 Mandati
1023 325 1069 358 sui

129 381 540 425 execmioneminjunxk,
568 392 634 414 non
648 379 797 422 praecepit
821 387 881 412 nos
905 374 1070 418 aliquibus

129 431 393 474 promissionibus
404 430 560 476 obligari.
591 430 819 472 Supplicamus
836 437 915 470 ergo
926 424 1072 459 sanctita-

129 481 156 513 ti
170 481 278 515 vestrae
288 506 300 522 ,
326 491 363 516 ut
373 482 594 516 obedientiam
607 477 747 514 Domini
760 478 854 521 Papae
865 476 983 518 exequi
999 487 1068 509 non

127 532 337 574 gravemini,
359 531 412 566 sed
425 542 520 572 eam,
545 531 626 565 ficut
639 530 762 564 sanstos
773 529 858 562 viros
876 526 968 561 decet
981 549 993 566 ,
1007 524 1069 559 stu-

128 580 238 615 deatis
246 582 399 624 implere.

341 677 751 715 EPISTOLA
816 677 860 712 X.

183 782 356 814 Alexandro
382 784 477 823 Papae
502 783 602 813 simon
627 781 712 811 Prior
737 778 774 811 de
801 781 901 811 Monte
936 779 997 810 Det
1010 798 1022 815 ‚

321 831 355 864 6·
380 831 578 873 Engelbertus
605 830 692 861 Prior
717 829 755 861 de
783 830 866 862 Valle

311 883 314 886 “
518 881 549 912 S.
575 880 661 912 Petu*
674 903 681 910 .

173 978 319 1013 UXTA
349 978 547 1013 Mandatum
575 978 750 1013 sanctitatis
782 978 891 1014 vestrae
911 979 1070 1013 Commo-

195 1029 314 1064 nitoria
336 1030 455 1064 vestras
468 1029 583 1063 illustri
613 1030 701 1074 Regi
714 1030 846 1075 Angliae
858 1028 1070 1073 porreximus,

129 1090 266 1123 operam
289 1080 323 1112 ἀ
345 1079 552 1122 diligentiam
571 1090 631 1123 pro
653 1079 772 1115 viribus
794 1078 1009 1117 adhibentes,
1035 1086 1071 1110 ut

128 1128 222 1170 juxta
243 1130 539 1163 commonitionem
562 1129 695 1163 vestram
719 1131 905 1164 Dominum
929 1129 1073 1162 Camua·

132 1178 273 1212 riensem
285 1179 462 1222 ingratiam
477 1190 638 1214 revocaret
651 1204 666 1220 ‚.
687 1181 719 1213 &
742 1181 770 1212 ei
788 1179 904 1214 Sedem
926 1180 1015 1212 suam
1027 1186 1070 1209 re-

130 1228 278 1264 stitueret
291 1229 324 1262 &
341 1239 476 1271 pacem,
490 1229 523 1262 δε
536 1230 681 1263 Ecclefiae
702 1232 762 1263 suae
783 1230 916 1262 liberam
942 1225 1072 1268 disposi-

130 1278 258 1319 tionem
272 1277 389 1311 habere
409 1279 624 1319 permitteret.
651 1278 917 1319 Exspestavimus
939 1274 994 1307 diu
1008 1275 1071 1316 spe·

129 1327 442 1370 rantes&orantes,
468 1336 506 1359 ut
527 1326 619 1359 Deus
639 1325 802 1359 emolliret
825 1323 1070 1365 animumejus.

130 1374 199 1411 Sed
217 1376 295 1410 cum
316 1386 387 1408 non
408 1375 636 1418 proficeremus
654 1399 666 1416 ,
689 1375 909 1417 exspestantes
936 1382 1073 1418 urgente

125 1423 298 1471 ‚Mandato
316 1424 421 1458 vestro
443 1424 477 1458 in
502 1424 672 1466 colloquio
696 1425 829 1469 Regum
851 1424 1014 1462 secundo,
1042 1422 1071 1455 ei

118 1475 404 1518 ,comminatorias
415 1473 529 1508 vestras
541 1476 813 1518 presentavimus,
837 1485 916 1518 quas
929 1472 1004 1506 curn
1019 1471 1074 1505 ille

132 1525 270 1560 tandem
291 1524 347 1558 vix
370 1525 555 1567 recepiffet,
582 1524 622 1559 ad
646 1525 835 1559 instantiam
849 1525 1015 1561 nostram,
1041 1522 1075 1555 &

132 1585 329 1620 magnorum
342 1572 499 1608 Virorum
509 1575 566 1618 qui
589 1574 741 1615 aderant,
772 1573 836 1608 hoc
847 1574 916 1618 post
936 1572 1038 1607 multa
1066 1595 1076 1612 ,

133 1637 206 1670 quat
226 1626 341 1660 referre
365 1625 504 1668 longum
524 1624 592 1665 est,
616 1624 714 1659 nobis
736 1626 924 1668 responsum
946 1621 1038 1658 dedit
1065 1632 1073 1652 ε

133 1685 200 1720 ,ego
211 1675 399 1712 Dominum
410 1676 680 1709 Cantuariensem
694 1675 735 1709 de
745 1674 867 1719 Regno
888 1685 957 1709 non
980 1683 1077 1715 expu-

135 1726 162 1759 li
173 1749 186 1767 ,
211 1725 246 1759 &
257 1735 366 1758 tamen
379 1725 439 1768 pro
450 1726 627 1759 reverentia
640 1725 780 1759 Domini
791 1724 885 1768 Papae
896 1749 907 1764 ‚
932 1724 954 1757 fi
968 1723 1074 1757 volue-

125 1775 274 1818 Jit'mihi
285 1776 390 1808 facere
404 1773 493 1817 quod
508 1773 604 1808 debet
613 1798 625 1814 ,
650 1775 682 1808 &
694 1776 816 1809 servare
828 1772 909 1807 mihi
922 1770 1011 1815 quod
1023 1783 1076 1805 an-

123 1824 306 1867 tecessores
318 1823 365 1856 sui
376 1824 457 1857 meis
465 1822 718 1858 observaverunt
728 1847 739 1865 ,
752 1823 785 1857 δε
796 1834 833 1857 ea
847 1832 918 1865 quae
929 1822 938 1855 i
944 1822 996 1865 pse
1008 1831 1077 1865 pro·

137 1873 246 1916 misit,
272 1873 374 1908 redire
385 1873 502 1918 poterit
514 1875 548 1908 in
562 1874 720 1919 Angliam
733 1900 745 1916 ‚
762 1874 796 1909 &
819 1872 936 1909 habere
961 1872 1004 1908 ibi
1020 1882 1077 1916 pa-

134 1935 212 1961 cem
226 1949 234 1957 .
263 1925 306 1959 Et
327 1924 397 1968 post
422 1923 590 1959 varietates
610 1926 852 1968 responfionum
866 1949 878 1965 ‚
903 1924 1035 1958 tandem
1048 1925 1078 1957 se

136 1983 351 2010 evocaturum
367 1974 545 2017 Episcopos
568 1974 721 2019 Angliae,
746 1976 780 2010 &
800 1977 932 2009 usurum
943 1973 1078 2008 confilio

137 2035 257 2060 eorum
269 2050 280 2065 ,
306 2025 358 2058 sed
371 2035 430 2057 nec
442 2024 529 2059 diem
540 2024 683 2067 aliquem
696 2025 830 2067 praefixit
844 2050 854 2063 ,
878 2035 936 2057 nec
952 2023 1076 2066 aliquid

139 2075 234 2111 abeo
245 2075 500 2117 reportavimus,
525 2075 613 2108 unde
623 2075 776 2118 possimus
789 2073 828 2108 de
842 2086 918 2117 pace
939 2073 1077 2106 Domini

140 2124 406 2164 Cantuarienfis,
430 2123 627 2159 &Mandati
642 2125 735 2169 vestri
755 2125 952 2158 executione
963 2123 1077 2157 certio-

139 2176 203 2210 rari
218 2199 226 2207 .
253 2174 296 2208 Et
307 2174 383 2217 quia
394 2176 543 2216 responsa
555 2176 737 2216 frequenter
748 2174 896 2208 mutabat
910 2198 921 2214 ‚
941 2175 1078 2207 interro*

140 2226 291 2270 gavimus
310 2235 406 2264 eum,
431 2236 473 2257 an
497 2225 606 2258 liceret
619 2224 901 2268 Archi-Episcopo
921 2224 1023 2257 redire
1037 2222 1077 2258 ad

141 2274 258 2308 sedem
273 2274 363 2309 suam
375 2297 386 2312 ,
411 2274 445 2308 ἃ
456 2275 518 2307 frui
534 2286 610 2316 pace
622 2276 676 2308 sua
688 2300 697 2310 .
722 2274 781 2308 Ille
793 2275 868 2309 vero
882 2271 1046 2317 respondit
1068 2295 1079 2312 ‚

141 2325 233 2369 quod
243 2323 538 2368 ArchiEpiscopus
550 2325 727 2366 numquam
739 2325 939 2369 ingredietur
951 2332 1080 2361 terram,

139 2376 321 2418 antequam
331 2373 429 2408 faciat
439 2374 468 2408 ei
482 2374 572 2417 quod
594 2374 712 2415 deber,
739 2375 771 2408 δε
795 2375 962 2418 promittat
979 2374 1009 2406 se
1021 2373 1079 2406 ser-

143 2435 294 2458 vaturum
304 2424 394 2466 quod
405 2423 462 2457 alii
476 2425 678 2458 servaverunt
690 2447 701 2464 ,
726 2425 761 2458 δε
773 2424 862 2467 quod
875 2425 941 2466 ipse
963 2422 1081 2467 promi·

141 2475 199 2508 fit.
228 2474 359 2507 Deinde
370 2474 555 2517 rogavimus
569 2485 669 2514 eum,
696 2484 733 2508 ut
757 2474 903 2508 scriberet
926 2474 1079 2517 &signa-

139 2532 192 2559 ret
206 2523 392 2566 patentibus
403 2524 519 2557 litteris
542 2524 727 2566 responsum
749 2524 840 2557 suum
852 2548 863 2563 ,
889 2524 962 2567 quia
978 2535 1079 2565 opor-

142 2573 233 2608 tebat
247 2573 342 2606 nobis
353 2583 418 2605 rem
431 2582 551 2606 certam
564 2572 655 2607 vobis
666 2575 797 2613 referre,
822 2585 921 2618 quam
934 2573 1079 2606 nondum

144 2623 344 2658 habebamus
358 2646 371 2661 ,
395 2622 470 2665 quia
493 2632 559 2656 tam
570 2623 753 2665 frequentet
762 2625 911 2665 responsa
925 2622 1079 2656 variabat.

145 2673 206 2707 Ille
219 2673 295 2707 vero
314 2672 423 2707 noluit
443 2670 662 2713 adquiescere.
691 2670 991 2715 Archi-Episcopus
1003 2673 1082 2706 vero

146 2723 312 2767 respondit
321 2747 332 2763 ,
358 2732 432 2756 cum
445 2722 509 2756 hoc
519 2723 548 2756 ei
563 2722 776 2756 retulissemus
786 2747 797 2762 ,
818 2723 851 2755 se
863 2732 1007 2764 paratum
1020 2723 1082 2756 esse

148 2774 253 2808 facere
266 2773 352 2817 Regi
365 2773 525 2816 quidquid
535 2771 628 2806 debet
640 2797 651 2813 ,
676 2773 710 2805 &
723 2773 843 2805 servare
853 2771 941 2818 quod
954 2772 994 2805 ab
1020 2784 1080 2805 an-

146 2823 357 2858 tecefforibus
369 2822 431 2856 suis
442 2825 599 2856 servatum
622 2822 690 2861 est,
715 2831 875 2865 quatenus
897 2823 1014 2865 poterit
1021 2820 1083 2865 sal-

149 2871 382 2916 voordinesuo.
410 2872 474 2907 Sed
489 2883 590 2906 novas
613 2873 694 2907 inire
714 2872 956 2917 obligationes,
981 2873 1082 2915 quaea

150 2923 367 2959 decessoribus
391 2924 454 2957 suis
475 2923 618 2966 praessitae
638 2934 706 2956 non
719 2924 790 2955 sunt
808 2946 818 2962 ,
844 2923 877 2955 ὂ(
896 2923 1083 2965 ‘promittere

151 2969 500 3016 aliquidhujusmodi,
524 2973 583 3006 nisi
588 2972 676 3016 salvo
686 2973 787 3005 ordine
802 2970 877 3015 suo,
904 2972 962 3006 fibi
974 2974 1036 3007 esse
1050 2973 1083 3005 il·

152 3024 285 3058 licitum
299 3021 365 3055 fine
386 3022 587 3057 authoritate
606 3024 746 3057 Domini
771 3023 879 3066 Papae.
903 3022 997 3056 Tum
1010 3022 1083 3064 quia

151 3083 277 3110 novam
287 3073 426 3106 formam
446 3071 482 3106 in
500 3073 679 3107 Ecclesiam
701 3073 850 3107 inducere
867 3074 1083 3116 perniciosum

149 3124 252 3163 esset,
278 3133 349 3157 tum
370 3121 446 3165 quia
467 3121 486 3154 ὲ
507 3123 601 3156 vobis
621 3122 777 3157 inhibitus
801 3123 869 3161 est,
896 3134 937 3157 ne
958 3123 1083 3166 aliquid

152 3174 296 3217 unquam
307 3172 371 3206 tale
384 3171 550 3214 promittat
562 3198 573 3213 ,
599 3174 655 3206 nisi
671 3172 759 3215 salvo
773 3173 878 3207 honore
894 3176 951 3207 Dei
963 3175 996 3207 (9·
1008 3174 1084 3205 ordi·

151 3222 271 3265 nesuo.
299 3222 342 3255 Et
363 3222 479 3265 adjecit
504 3222 591 3264 quod
613 3233 688 3256 eum
711 3223 908 3267 increpando
921 3223 1049 3256 dixistis
1073 3247 1083 3262 ,

152 3272 244 3318 quod
259 3283 319 3306 nec
331 3283 388 3315 pro
399 3273 506 3315 capite
519 3273 577 3305 suo
594 3272 748 3306 debuisset
773 3276 804 3308 se
824 3272 862 3307 ad
883 3273 998 3306 talium
1010 3284 1085 3307 con-

153 3321 364 3359 suetudinum
376 3322 611 3357 observantiam
632 3322 808 3366 obligaffe,
835 3323 892 3356 nisi
913 3321 999 3365 salvo
1011 3324 1088 3354 ordi·

155 3385 194 3408 ne
209 3375 282 3415 suo.
310 3371 371 3405 Sed
396 3372 418 3404 si
441 3372 537 3411 Rex,
564 3383 657 3414 prout
679 3374 842 3407 mandatis
862 3398 873 3414 ,
897 3373 927 3405 ei
952 3373 1087 3416 gratiam

1911 111 1932 152 3
1943 114 1971 142 o
1983 109 2010 143 1'

1135 169 1202 206 suis
1222 167 1387 211 restituat,
1413 170 1574 214 quidquid
1596 175 1774 216 secundum
1796 181 1907 217 Deum
1930 185 1966 218 <q
1980 185 2069 227 fast„

1134 220 1235 254 ordine
1240 217 1300 262 [ιω
1305 220 1427 264 poterit
1438 245 1449 260 ,
1463 221 1604 257 libenter
1615 225 1710 259 faciet
1722 231 1763 264 ad
1774 233 1976 269 voluntatem
1989 235 2071 278 ejus,

1134 272 1168 307 ἃ,
1179 270 1210 305 ei
1223 269 1468 314 diligentlffime
1478 270 1514 305 ἀ
1523 271 1725 308 ἆΕνΟῐῙῙῙῐΓΙἹὲ
1734 281 1812 314 totis
1823 283 1943 319 viribus
1954 285 2070 320 servire

1133 319 1274 355 studebit
1288 345 1296 352 .
1324 320 1455 356 Placeat
1468 321 1578 366 itaque
1599 323 1760 359 sanctitati
1783 332 1888 367 vestrae
1899 346 1995 378 opem
2010 337 2071 370 fer-

1133 381 1167 405 re
1188 371 1336 405 Ecclesia:
1355 371 1537 414 laboranti,
1564 374 1597 408 &
1618 375 1813 416 perseverare
1833 379 1867 413 in
1887 395 1928 417 ρο
1941 409 1952 424 ,
1979 385 2071 429 quod

1132 420 1337 457 laudabiliter
1350 422 1509 466 coepistis:
1539 426 1616 467 quia.
1627 424 1706 460 ficut
1716 426 1735 460 a
1747 426 1860 460 multis
1871 433 2070 474 audivimus,

1131 472 1166 505 δι
1179 472 1338 506 credimus
1349 496 1360 512 ‚
1387 474 1409 506 si
1421 474 1716 516 perseveraveritis,
1744 476 1892 511 Ecclesia:
1906 489 1967 521 pax
1981 484 2015 516 &
2026 486 2072 517 sa.

1132 522 1183 556 lus
1205 522 1239 555 in
1261 522 1369 565 januis
1387 523 1433 557 est
1446 548 1453 555 .
1479 523 1523 559 Et
1543 525 1621 567 quia
1640 526 1776 561 fratrum
1807 527 2073 564 Grandi-montis

1132 573 1337 607 consuetudo
1347 584 1416 606 non
1428 573 1473 608 est
1484 596 1496 613 ,
1525 582 1561 608 ut
1573 574 1716 610 scribant
1729 577 1829 611 alicui
1842 603 1854 618 ‚
1866 577 1934 612 haec
1944 578 1984 612 de
1994 591 2077 613 con-

1132 623 1267 657 scientia
1278 623 1310 656 δε
1322 623 1494 659 voluntate
1503 624 1608 659 fratris
1625 625 1781 661 Bernardi
1804 628 1884 662 socii
1902 628 2003 662 nostri
2021 641 2077 664 vo-

1132 671 1181 706 bis
1195 673 1374 716 scripsimus
1385 698 1396 714 ,
1422 685 1492 718 quae
1504 675 1655 719 geffimus
1667 688 1743 711 cum
1755 677 1872 711 eodem
1892 678 1989 713 fratre
2002 679 2076 713 Ber-

1133 722 1254 761 nardo,
1280 724 1336 767 qui
1351 724 1517 759 veritatem
1529 725 1565 760 in
1575 725 1742 761 audientia
1754 728 1936 762 multorum
1960 728 2077 763 testifi-

1131 782 1222 807 catus
1242 773 1287 806 est
1301 797 1312 813 ,
1338 784 1456 817 rogans
1478 786 1536 810 eos
1559 801 1572 817 ‚
1597 777 1714 820 quibus
1736 778 1873 813 scribere
1895 778 1974 813 licet
1998 803 2011 819 ‚
2036 788 2074 813 ut

1133 822 1225 860 vobis
1238 822 1334 857 abeo
1343 824 1454 860 audita
1466 825 1642 862 scriberent
1657 852 1665 860 .

1309 922 1714 962 EPISTOLA
1825 929 1892 964 XI.

1219 1023 1336 1057 Albem
1354 1025 1519 1059 Cardtnali
1526 1029 1626 1062 simon
1642 1031 1730 1064 Prior
1753 1031 1791 1064 de
1802 1033 1903 1063 Monte
1914 1033 1987 1064 Dei.
1998 1043 2019 1052 κ

1138 1121 1454 1206 DESIDERIO
1481 1126 1725 1164 desideravimus
1744 1141 1808 1176 ego
1830 1130 1865 1164 δε
1886 1132 1998 1165 fratres
2019 1141 2077 1165 no·

1256 1174 1311 1208 ssri
1331 1176 1454 1218 aliquid
1478 1178 1646 1213 audire-de
1659 1181 1774 1221 vobis,
1801 1180 1854 1215 sed
1874 1181 2076 1216 Divinitusa

1136 1223 1242 1256 multo
1253 1234 1399 1266 tempore
1412 1226 1510 1261 nobis
1520 1229 1678 1264 subtratsta
1704 1231 1749 1264 est
1773 1230 1958 1265 consolatio
1982 1230 2040 1263 ista
2064 1255 2074 1263 .

1137 1273 1208 1306 Erit
1229 1283 1337 1306 autem
1362 1277 1500 1308 maximi
1521 1278 1620 1310 instar
1642 1281 1784 1312 muneris
1797 1301 1808 1317 ,
1832 1282 1853 1313 fi
1870 1281 2026 1322 placuerit
2038 1287 2077 1313 ut

1135 1321 1389 1355 sollicitudinem
1411 1324 1556 1358 nostram
1574 1326 1615 1358 de
1638 1326 1838 1361 statuvestro
1860 1330 2042 1363 certificetis
2068 1353 2075 1360 .

1137 1370 1332 1405 Admodum
1344 1383 1486 1417 namque
1496 1373 1745 1411 desideravimus
1771 1379 1959 1421 prosperum
1974 1389 2078 1412 even-

1135 1431 1207 1454 tum
1234 1420 1341 1454 vestrae
1365 1422 1541 1466 legationis
1567 1425 1678 1460 audire
1696 1451 1703 1458 .
1732 1426 1853 1461 Noster
1875 1437 1984 1461 autem
2003 1428 2048 1461 est
2066 1453 2078 1469 ,

1137 1471 1267 1513 qualem
1277 1470 1613 1507 consuevistimudire
1625 1499 1631 1505 .
1646 1475 1840 1510 Peccatores
1850 1478 1937 1511 enim
1952 1478 2076 1518 sumus,

1139 1522 1173 1554 &
1196 1520 1323 1554 utinam
1346 1521 1532 1566 condignos
1563 1524 1683 1559 fruetus
1705 1525 1906 1568 poenitentias
1926 1526 2002 1561 Deo
2023 1538 2079 1571 per

1137 1570 1277 1615 gratiam
1290 1571 1357 1613 ejus
1368 1572 1478 1614 potius
1493 1596 1504 1612 ,
1530 1572 1628 1615 quam
1654 1586 1709 1618 per
1731 1577 1845 1611 merita
1858 1576 1967 1612 nostra
1979 1578 2080 1612 valea·

1138 1631 1210 1654 mus
1233 1620 1365 1654 offerre.
1396 1623 1449 1656 De
1470 1632 1584 1657 caetero
1606 1624 1775 1660 dilestioni
1799 1626 1906 1660 vestrae
1924 1628 2081 1670 supplica-

1139 1681 1210 1704 mus
1230 1670 1411 1712 attentius,
1437 1673 1596 1715 quatenus
1622 1675 1777 1710 Domino
1813 1677 2040 1711 Canruariensi
2068 1703 2079 1718 ,

1140 1731 1238 1763 quem
1253 1719 1380 1755 constat
1393 1731 1453 1763 pro
1461 1721 1584 1763 justitia
1608 1722 1741 1757 exulare
1751 1747 1762 1764 ,
1789 1726 1950 1760 auxilium
1961 1727 1994 1759 ὅ(
2007 1739 2085 1760 con·

1139 1770 1245 1802 filium
1269 1770 1465 1812 impendatis
1489 1795 1497 1803 .
1533 1772 1623 1818 Qia
1653 1774 1733 1807 ficut
1756 1775 1908 1818 praesente
1931 1777 2084 1810 Domino

1140 1819 1234 1863 Rege
1256 1818 1478 1861 Francorum,
1505 1821 1539 1856 ἀ
1560 1823 1717 1858 omnibus
1735 1825 1790 1867 qui
1805 1826 1976 1869 colloquio
1989 1827 2083 1860 inter-

1141 1871 1271 1906 fuerunt
1283 1895 1294 1911 ,
1322 1870 1395 1905 Rex
1409 1871 1712 1916 Angliaeconfeffus
1736 1875 1778 1908 est
1792 1899 1803 1915 ‚
1830 1873 1920 1918 quod
1933 1874 2000 1909 haec
2012 1877 2081 1910 sola

1140 1921 1291 1955 causaest
1304 1921 1440 1955 exilii&
1465 1923 1709 1966 proscriptionis
1729 1923 1820 1966 eJus‚
1846 1924 1934 1969 quod
1947 1928 2082 1960 consue-

1141 1970 1272 2005 tudines
1298 1971 1406 2004 noluit
1427 1971 1576 2006 absolute
1597 1975 1812 2017 promittere,
1850 1986 1930 2019 quas
1950 1975 2079 2018 justitiz

1142 2021 1251 2054 Dei&
1265 2021 1415 2055 Ecclesiae
1427 2021 1570 2056 libertati
1582 2025 1711 2059 constat
1722 2025 1785 2060 effe
1795 2026 1983 2060 contrarias.
2006 2025 2081 2069 Pre-

1141 2072 1222 2104 terea
1246 2070 1407 2115 gloriatur
1427 2073 1516 2107 idem
1540 2072 1615 2108 Rex
1637 2075 1669 2107 se
1688 2074 1898 2120 privilegium
1920 2075 2037 2110 habere
2060 2077 2079 2109 a

1143 2121 1295 2155 Domino
1307 2121 1396 2166 Papa
1409 2146 1421 2163 ,
1448 2134 1516 2166 quo
1531 2125 1667 2166 potestas
1678 2125 1819 2159 Domini
1835 2125 2080 2159 Cantuariensis

1142 2172 1288 2213 suspensa
1310 2171 1355 2205 est
1370 2196 1381 2212 ,
1407 2173 1564 2216 quamdiu
1584 2174 1659 2210 Rex
1679 2176 1710 2210 ei
1737 2176 1877 2211 voluerit
1900 2174 2082 2212 subtrahere

1141 2221 1401 2265 gratiamsuam.
1428 2221 1565 2258 Valete.
1879 2229 1882 2232 ’

1315 2320 1727 2362 EPISTOLA
1830 2330 1907 2365 ΧΠ.

1144 2422 1314 2455 Alexandro
1317 2429 1411 2465 papae
1418 2423 1547 2457 Thomas
1558 2427 1781 2467 cantuariensis
1793 2429 2073 2472 Archi-Epifiopus.

1204 2522 1219 2556 1
1247 2524 1375 2557 causam
1397 2523 1521 2562 nostri,
1548 2523 1644 2558 Pater
1656 2525 1791 2567 sancte,
1818 2528 1943 2563 malitia
1958 2529 2079 2564 Adver-

1229 2574 1383 2606 sariorum
1394 2572 1480 2615 apud
1494 2584 1551 2607 vos
1566 2585 1634 2608 non
1655 2576 1851 2621 denigrasset
1873 2579 1988 2619 exilii,
2014 2591 2079 2613 cre·

1142 2624 1251 2657 dimus
1274 2622 1522 2662 indubitanter,
1549 2623 1638 2667 quod
1660 2626 1734 2659 Rex
1760 2626 1893 2672 Angliae
1917 2629 2043 2663 tamdiu
2069 2653 2080 2668 ,

1143 2674 1256 2708 &tam
1267 2672 1401 2715 impune
1414 2684 1481 2706 non
1493 2673 1680 2708 abuteretur
1691 2676 1847 2719 patientia
1868 2679 1968 2713 vestra
1981 2704 1988 2711 .
2015 2680 2077 2713 Sed

1142 2735 1238 2762 ecce,
1261 2724 1337 2756 Deo
1362 2723 1560 2765 propitiante
1580 2748 1591 2764 ,
1628 2726 1722 2768 ipfius
1743 2730 1954 2769 persecutoris
1978 2730 2078 2763 nostri

1143 2773 1335 2807 testimonio
1346 2773 1462 2806 veritas
1473 2771 1634 2808 declarata
1645 2775 1708 2809 est.
1739 2777 1853 2820 Nuper
1866 2779 1976 2817 enim,
2002 2790 2078 2813 cum

1143 2822 1182 2858 ad
1208 2820 1303 2866 pedes
1322 2821 1390 2863 eius
1411 2823 1444 2856 in
1457 2823 1747 2860 omnihumilitate
1769 2829 2015 2870 imploraremus
2027 2841 2079 2862 co-

1143 2885 1210 2907 ram
1223 2872 1315 2916 Rege
1328 2872 1601 2908 Christianiffimo
1612 2898 1622 2913 ‚
1651 2876 1935 2921 Archi-Episcopis
1949 2904 1958 2918 ,
1987 2879 2077 2923 Epis-

1142 2924 1234 2966 copis
1250 2945 1261 2961 ,
1287 2922 1477 2957 Comitibus
1498 2947 1509 2964 ,
1534 2923 1726 2960 Proceribus
1746 2951 1757 2967 ‚
1783 2929 1817 2962 ὃς
1840 2929 1994 2962 omnibus
2019 2929 2075 2971 qui

1145 2973 1301 3011 aderant,
1333 2973 1488 3015 professus
1500 2974 1544 3007 est
1559 2975 1686 3009 senihil
1700 2977 1817 3012 aliud&
1831 2991 1882 3012 me
1901 2989 2042 3021 quaerere
2066 3001 2077 3017 ‚

1146 3023 1203 3056 nisi
1218 3033 1253 3056 ut
1264 3023 1518 3057 consuetudines
1531 3024 1644 3070 Regni
1663 3026 1709 3059 sui
1722 3051 1731 3066 ,
1746 3038 1825 3070 quas
1849 3027 2075 3062 Antecessores

1146 3072 1247 3107 nostri
1285 3072 1348 3106 suis
1383 3071 1590 3117 Principibus
1623 3076 1828 3112 servaverunt
1868 3103 1879 3118 ,
1911 3080 2076 3112 conserva-

1146 3134 1211 3156 rem
1234 3147 1245 3163 ,
1271 3123 1304 3157 ὅ(
1330 3121 1395 3157 hoc
1412 3124 1566 3167 tanquam
1577 3125 1731 3159 Sacerdos
1757 3128 1791 3161 ὅς
1818 3129 1995 3171 Episcopus
2021 3126 2074 3159 ab·

1146 3171 1290 3207 solute&
1302 3175 1444 3216 praecise,
1470 3174 1547 3206 sicut
1571 3174 1697 3209 Nuncii
1720 3177 1821 3212 nostri
1835 3177 1925 3210 vobis
1938 3175 2074 3208 fideliter

1146 3234 1337 3266 exponent,
1361 3224 1616 3266 repromitterem
1641 3226 1674 3259 in
1696 3226 1794 3261 verbo
1817 3226 1972 3260 veritaris.
2004 3224 2075 3258 Pla-

1146 3283 1217 3308 ceat
1229 3274 1340 3316 itaque
1353 3271 1512 3306 sanstitati
1527 3274 1634 3308 vestrae
1646 3277 1813 3319 participes
1824 3301 1834 3316 ,
1857 3277 1910 3318 qui
1924 3274 2078 3308 omnibus

1148 3323 1363 3357 interfuerunt
1375 3346 1386 3361 ,
1411 3322 1588 3358 clementer
1601 3326 1712 3358 audire
1726 3349 1738 3365 ,
1766 3326 1799 3357 δε
1813 3325 2004 3368 Anglicanae
2017 3325 2076 3357 Ec-

1147 3374 1246 3407 clefiae.
1264 3373 1329 3414 jam
1353 3372 1388 3404 in
1409 3374 1564 3407 extremis
1588 3375 1720 3417 agenti,
1746 3374 1801 3405 nili
1814 3374 1944 3408 dextera
1962 3374 2074 3408 Dei&

151 3421 270 3463 fuam,
293 3421 327 3454 δε
352 3432 485 3464 pacem,
510 3423 543 3455 &
566 3421 739 3457 Ecclesiam
753 3447 765 3465 ‚
790 3424 824 3459 ἀ
846 3424 952 3459 ablata
977 3422 1032 3457 fibi
1055 3423 1089 3457 δι
1150 3424 1249 3460 vestra
1261 3422 1430 3458 subveniat
1444 3447 1455 3463 ‚
1474 3423 1610 3458 celerem
1622 3424 1768 3458 conferre
1782 3423 1997 3459 medicinam.
2018 3424 2079 3456 Po-

254 3471 363 3513 christ.
377 3475 457 3515 Lupi
466 3475 563 3515 Opera
574 3475 652 3506 Tom.
665 3473 706 3504 X.

1543 3472 1575 3506 C
1591 3483 1609 3505 c
1907 3475 2028 3507 suimus
