<?xml version="1.0" encoding="UTF-8"?>
<!DOCTYPE html PUBLIC "-//W3C//DTD XHTML 1.0 Transitional//EN"
    "http://www.w3.org/TR/xhtml1/DTD/xhtml1-transitional.dtd">
<html xmlns="http://www.w3.org/1999/xhtml" xml:lang="en" lang="en">
 <head>
  <title>
</title>
<meta http-equiv="Content-Type" content="text/html;charset=utf-8" />
  <meta name='ocr-system' content='tesseract 3.04.00' />
  <meta name='ocr-capabilities' content='ocr_page ocr_carea ocr_par ocr_line ocrx_word'/>
</head>
<body>
  <div class='ocr_page' id='page_1' title='image "./operaomniastudio10lupuuoft/operaomniastudio10lupuuoft_0026.png"; bbox 0 0 2358 3776; ppageno 0'>
   <div class='ocr_carea' id='block_1_1' title="bbox 1016 123 1216 178">
    <p class='ocr_par' dir='ltr' id='par_1_1' title="bbox 1016 123 1216 178">
     <span class='ocr_line' id='line_1_1' title="bbox 1016 123 1216 178; baseline -0.01 -8"><span class='ocrx_word' id='word_1_1' title='bbox 1016 123 1216 178; x_wconf 62' lang='lat' dir='ltr'>‚VI</span> 
     </span>
    </p>
   </div>
   <div class='ocr_carea' id='block_1_2' title="bbox 483 255 1033 296">
    <p class='ocr_par' dir='ltr' id='par_1_2' title="bbox 483 255 1033 296">
     <span class='ocr_line' id='line_1_2' title="bbox 483 255 1033 296; baseline -0.004 -2"><span class='ocrx_word' id='word_1_2' title='bbox 483 255 860 295; x_wconf 83' lang='lat' dir='ltr'>CAPUT</span> <span class='ocrx_word' id='word_1_3' title='bbox 959 256 1033 296; x_wconf 78' lang='lat' dir='ltr'>VI.</span> 
     </span>
    </p>
   </div>
   <div class='ocr_carea' id='block_1_3' title="bbox 381 358 1120 410">
    <p class='ocr_par' dir='ltr' id='par_1_3' title="bbox 381 358 1120 410">
     <span class='ocr_line' id='line_1_3' title="bbox 381 358 1120 410; baseline -0.004 -15"><span class='ocrx_word' id='word_1_4' title='bbox 381 360 539 410; x_wconf 65' lang='lat' dir='ltr'>..Quomodo</span> <span class='ocrx_word' id='word_1_5' title='bbox 559 366 594 394; x_wconf 70' lang='lat' dir='ltr'>in</span> <span class='ocrx_word' id='word_1_6' title='bbox 614 358 908 403; x_wconf 65' lang='lat' dir='ltr'>Arabi-Epifiopum</span> <span class='ocrx_word' id='word_1_7' title='bbox 923 359 1037 394; x_wconf 38' lang='lat' dir='ltr'>:deeius</span> <span class='ocrx_word' id='word_1_8' title='bbox 1054 360 1098 402; x_wconf 75' lang='lat' dir='ltr'>est</span> <span class='ocrx_word' id='word_1_9' title='bbox 1111 384 1120 392; x_wconf 94' lang='lat'>.</span> 
     </span>
    </p>
   </div>
   <div class='ocr_carea' id='block_1_4' title="bbox 264 459 1244 1455">
    <p class='ocr_par' dir='ltr' id='par_1_4' title="bbox 393 459 1243 504">
     <span class='ocr_line' id='line_1_4' title="bbox 393 459 1243 504; baseline -0.004 -8"><span class='ocrx_word' id='word_1_10' title='bbox 393 461 432 496; x_wconf 70' lang='lat' dir='ltr'>is</span> <span class='ocrx_word' id='word_1_11' title='bbox 459 460 569 504; x_wconf 86' lang='lat' dir='ltr'>itaque</span> <span class='ocrx_word' id='word_1_12' title='bbox 587 461 629 495; x_wconf 87' lang='lat' dir='ltr'>sic</span> <span class='ocrx_word' id='word_1_13' title='bbox 650 462 683 496; x_wconf 86' lang='lat' dir='ltr'>se</span> <span class='ocrx_word' id='word_1_14' title='bbox 702 459 920 500; x_wconf 86' lang='lat' dir='ltr'>habentibus,</span> <span class='ocrx_word' id='word_1_15' title='bbox 945 459 1024 504; x_wconf 68' lang='lat' dir='ltr'>saepe</span> <span class='ocrx_word' id='word_1_16' title='bbox 1050 461 1243 496; x_wconf 84' lang='lat' dir='ltr'>nominatus</span> 
     </span>
    </p>

    <p class='ocr_par' dir='ltr' id='par_1_5' title="bbox 266 509 1241 1007">
     <span class='ocr_line' id='line_1_5' title="bbox 408 509 1241 551; baseline -0.004 -4"><span class='ocrx_word' id='word_1_17' title='bbox 408 512 661 547; x_wconf 87' lang='lat' dir='ltr'>Cantuariorum</span> <span class='ocrx_word' id='word_1_18' title='bbox 685 511 832 546; x_wconf 88' lang='lat' dir='ltr'>Antistes</span> <span class='ocrx_word' id='word_1_19' title='bbox 858 509 958 546; x_wconf 80' lang='lat' dir='ltr'>:Pater</span> <span class='ocrx_word' id='word_1_20' title='bbox 986 509 1206 546; x_wconf 87' lang='lat' dir='ltr'>Theobaldus</span> <span class='ocrx_word' id='word_1_21' title='bbox 1232 535 1241 551; x_wconf 92' lang='lat'>,</span> 
     </span>
     <span class='ocr_line' id='line_1_6' title="bbox 274 560 1240 606; baseline -0.002 -11"><span class='ocrx_word' id='word_1_22' title='bbox 274 562 326 595; x_wconf 84' lang='lat' dir='ltr'>vir</span> <span class='ocrx_word' id='word_1_23' title='bbox 347 563 441 596; x_wconf 86' lang='lat' dir='ltr'>omni</span> <span class='ocrx_word' id='word_1_24' title='bbox 459 563 639 596; x_wconf 58' lang='lat' dir='ltr'>*Sanctitate</span> <span class='ocrx_word' id='word_1_25' title='bbox 668 561 703 596; x_wconf 88' lang='lat'>&amp;</span> <span class='ocrx_word' id='word_1_26' title='bbox 734 562 913 606; x_wconf 89' lang='lat' dir='ltr'>Religione</span> <span class='ocrx_word' id='word_1_27' title='bbox 930 561 1118 605; x_wconf 84' lang='lat' dir='ltr'>perspicuus</span> <span class='ocrx_word' id='word_1_28' title='bbox 1138 585 1149 602; x_wconf 91' lang='lat'>,</span> <span class='ocrx_word' id='word_1_29' title='bbox 1182 560 1240 604; x_wconf 59' lang='lat' dir='ltr'>&gt;qui</span> 
     </span>
     <span class='ocr_line' id='line_1_7' title="bbox 266 610 1241 657; baseline -0.002 -11"><span class='ocrx_word' id='word_1_30' title='bbox 266 610 418 646; x_wconf 81' lang='lat' dir='ltr'>Thomae</span> <span class='ocrx_word' id='word_1_31' title='bbox 439 623 550 646; x_wconf 89' lang='lat' dir='ltr'>currus</span> <span class='ocrx_word' id='word_1_32' title='bbox 570 612 735 646; x_wconf 79' lang='lat' dir='ltr'>exstiterat</span> <span class='ocrx_word' id='word_1_33' title='bbox 753 613 787 646; x_wconf 77' lang='grc' dir='ltr'>δε</span> <span class='ocrx_word' id='word_1_34' title='bbox 806 611 917 657; x_wconf 88' lang='lat' dir='ltr'>auriga</span> <span class='ocrx_word' id='word_1_35' title='bbox 941 636 952 652; x_wconf 88' lang='lat'>‚</span> <span class='ocrx_word' id='word_1_36' title='bbox 986 611 1061 646; x_wconf 74' lang='lat' dir='ltr'>cum</span> <span class='ocrx_word' id='word_1_37' title='bbox 1092 612 1241 646; x_wconf 88' lang='lat' dir='ltr'>Cantua-</span> 
     </span>
     <span class='ocr_line' id='line_1_8' title="bbox 267 660 1241 707; baseline -0.003 -10"><span class='ocrx_word' id='word_1_38' title='bbox 267 660 410 697; x_wconf 41' lang='lat' dir='ltr'>*riensem</span> <span class='ocrx_word' id='word_1_39' title='bbox 433 662 607 697; x_wconf 76' lang='lat' dir='ltr'>Ecclesiam</span> <span class='ocrx_word' id='word_1_40' title='bbox 631 673 686 707; x_wconf 89' lang='lat' dir='ltr'>per</span> <span class='ocrx_word' id='word_1_41' title='bbox 709 673 815 697; x_wconf 86' lang='lat' dir='ltr'>annos</span> <span class='ocrx_word' id='word_1_42' title='bbox 836 662 956 707; x_wconf 84' lang='lat' dir='ltr'>viginti</span> <span class='ocrx_word' id='word_1_43' title='bbox 977 662 1061 696; x_wconf 88' lang='lat' dir='ltr'>duos</span> <span class='ocrx_word' id='word_1_44' title='bbox 1071 660 1241 696; x_wconf 71' lang='lat' dir='ltr'>strenue&amp;</span> 
     </span>
     <span class='ocr_line' id='line_1_9' title="bbox 271 710 1241 756; baseline 0 -11"><span class='ocrx_word' id='word_1_45' title='bbox 271 710 447 756; x_wconf 81' lang='lat' dir='ltr'>prudenter</span> <span class='ocrx_word' id='word_1_46' title='bbox 468 714 621 754; x_wconf 82' lang='lat' dir='ltr'>rexisset,</span> <span class='ocrx_word' id='word_1_47' title='bbox 655 713 762 747; x_wconf 84' lang='lat' dir='ltr'>Senex</span> <span class='ocrx_word' id='word_1_48' title='bbox 792 712 857 755; x_wconf 83' lang='lat' dir='ltr'>jam</span> <span class='ocrx_word' id='word_1_49' title='bbox 877 712 912 745; x_wconf 70' lang='grc' dir='ltr'>ὃ(</span> <span class='ocrx_word' id='word_1_50' title='bbox 940 711 1055 755; x_wconf 88' lang='lat' dir='ltr'>plenus</span> <span class='ocrx_word' id='word_1_51' title='bbox 1075 711 1203 746; x_wconf 86' lang='lat' dir='ltr'>dierum</span> <span class='ocrx_word' id='word_1_52' title='bbox 1231 734 1241 749; x_wconf 94' lang='lat'>,</span> 
     </span>
     <span class='ocr_line' id='line_1_10' title="bbox 272 761 1240 807; baseline -0.002 -11"><span class='ocrx_word' id='word_1_53' title='bbox 272 761 436 796; x_wconf 84' lang='lat' dir='ltr'>decretam</span> <span class='ocrx_word' id='word_1_54' title='bbox 455 762 606 796; x_wconf 80' lang='lat' dir='ltr'>universae</span> <span class='ocrx_word' id='word_1_55' title='bbox 622 762 728 796; x_wconf 82' lang='lat' dir='ltr'>Carni</span> <span class='ocrx_word' id='word_1_56' title='bbox 751 762 836 796; x_wconf 89' lang='lat' dir='ltr'>viam</span> <span class='ocrx_word' id='word_1_57' title='bbox 848 761 1049 807; x_wconf 80' lang='lat' dir='ltr'>ingreditur.</span> <span class='ocrx_word' id='word_1_58' title='bbox 1077 762 1123 796; x_wconf 86' lang='lat' dir='ltr'>Et</span> <span class='ocrx_word' id='word_1_59' title='bbox 1133 762 1240 796; x_wconf 87' lang='lat' dir='ltr'>statim</span> 
     </span>
     <span class='ocr_line' id='line_1_11' title="bbox 271 813 1241 857; baseline -0.002 -11"><span class='ocrx_word' id='word_1_60' title='bbox 271 813 350 846; x_wconf 72' lang='lat' dir='ltr'>cum</span> <span class='ocrx_word' id='word_1_61' title='bbox 375 813 414 846; x_wconf 88' lang='lat' dir='ltr'>ad</span> <span class='ocrx_word' id='word_1_62' title='bbox 439 813 567 857; x_wconf 87' lang='lat' dir='ltr'>Regem</span> <span class='ocrx_word' id='word_1_63' title='bbox 590 813 623 846; x_wconf 76' lang='grc' dir='ltr'>δε</span> <span class='ocrx_word' id='word_1_64' title='bbox 643 813 781 846; x_wconf 85' lang='lat' dir='ltr'>Aulicos</span> <span class='ocrx_word' id='word_1_65' title='bbox 801 813 1014 856; x_wconf 74' lang='lat' dir='ltr'>pervenisset,</span> <span class='ocrx_word' id='word_1_66' title='bbox 1041 813 1241 856; x_wconf 86' lang='lat' dir='ltr'>suspicantur</span> 
     </span>
     <span class='ocr_line' id='line_1_12' title="bbox 271 861 1240 901; baseline -0.001 -5"><span class='ocrx_word' id='word_1_67' title='bbox 271 872 351 896; x_wconf 86' lang='lat' dir='ltr'>mox</span> <span class='ocrx_word' id='word_1_68' title='bbox 372 873 488 896; x_wconf 87' lang='lat' dir='ltr'>omnes</span> <span class='ocrx_word' id='word_1_69' title='bbox 505 863 537 897; x_wconf 75' lang='grc' dir='ltr'>δι</span> <span class='ocrx_word' id='word_1_70' title='bbox 557 863 696 897; x_wconf 78' lang='lat' dir='ltr'>asserunt</span> <span class='ocrx_word' id='word_1_71' title='bbox 716 863 958 901; x_wconf 88' lang='lat' dir='ltr'>Cancellarium</span> <span class='ocrx_word' id='word_1_72' title='bbox 979 861 1083 897; x_wconf 80' lang='lat' dir='ltr'>Archi</span> <span class='ocrx_word' id='word_1_73' title='bbox 1097 861 1240 895; x_wconf 74' lang='lat' dir='ltr'>-Praesu-</span> 
     </span>
     <span class='ocr_line' id='line_1_13' title="bbox 269 912 1241 956; baseline 0 -11"><span class='ocrx_word' id='word_1_74' title='bbox 269 912 336 946; x_wconf 91' lang='lat' dir='ltr'>lem</span> <span class='ocrx_word' id='word_1_75' title='bbox 361 912 721 947; x_wconf 73' lang='lat' dir='ltr'>defunfflsucceflorem</span> <span class='ocrx_word' id='word_1_76' title='bbox 744 914 908 947; x_wconf 68' lang='lat' dir='ltr'>futurum</span> <span class='ocrx_word' id='word_1_77' title='bbox 939 912 983 948; x_wconf 92' lang='lat' dir='ltr'>Et</span> <span class='ocrx_word' id='word_1_78' title='bbox 996 913 1030 947; x_wconf 91' lang='lat' dir='ltr'>id</span> <span class='ocrx_word' id='word_1_79' title='bbox 1055 912 1159 956; x_wconf 88' lang='lat' dir='ltr'>ipsum</span> <span class='ocrx_word' id='word_1_80' title='bbox 1172 923 1241 955; x_wconf 85' lang='lat' dir='ltr'>prae-</span> 
     </span>
     <span class='ocr_line' id='line_1_14' title="bbox 268 961 683 1007; baseline 0.003 -12"><span class='ocrx_word' id='word_1_81' title='bbox 268 961 445 997; x_wconf 85' lang='lat' dir='ltr'>conizabat</span> <span class='ocrx_word' id='word_1_82' title='bbox 466 964 499 997; x_wconf 93' lang='lat'>&amp;</span> <span class='ocrx_word' id='word_1_83' title='bbox 521 962 683 1007; x_wconf 86' lang='lat' dir='ltr'>Populus.</span> 
     </span>
    </p>

    <p class='ocr_par' dir='ltr' id='par_1_6' title="bbox 495 993 1011 1048">
     <span class='ocr_line' id='line_1_15' title="bbox 495 993 1011 1048; baseline 0.006 -5"><span class='ocrx_word' id='word_1_84' title='bbox 495 1014 541 1043; x_wconf 83' lang='lat' dir='ltr'>W</span> <span class='ocrx_word' id='word_1_85' title='bbox 567 1014 582 1047; x_wconf 92' lang='lat'>1</span> <span class='ocrx_word' id='word_1_86' title='bbox 609 1013 638 1046; x_wconf 93' lang='lat' dir='ltr'>L</span> <span class='ocrx_word' id='word_1_87' title='bbox 663 1012 701 1045; x_wconf 93' lang='lat' dir='ltr'>H</span> <span class='ocrx_word' id='word_1_88' title='bbox 727 1012 756 1046; x_wconf 90' lang='lat' dir='ltr'><strong>E</strong></span> <span class='ocrx_word' id='word_1_89' title='bbox 782 1013 812 1047; x_wconf 93' lang='lat' dir='ltr'>L</span> <span class='ocrx_word' id='word_1_90' title='bbox 838 1013 879 1046; x_wconf 95' lang='lat' dir='ltr'>M</span> <span class='ocrx_word' id='word_1_91' title='bbox 904 993 952 1048; x_wconf 98' lang='lat' dir='ltr'>U</span> <span class='ocrx_word' id='word_1_92' title='bbox 974 1012 1011 1046; x_wconf 98' lang='grc'><strong>3.</strong></span> 
     </span>
    </p>

    <p class='ocr_par' dir='ltr' id='par_1_7' title="bbox 264 1059 1244 1455">
     <span class='ocr_line' id='line_1_16' title="bbox 319 1059 1244 1105; baseline -0.003 -8"><span class='ocrx_word' id='word_1_93' title='bbox 319 1062 420 1098; x_wconf 84' lang='lat' dir='ltr'>REX</span> <span class='ocrx_word' id='word_1_94' title='bbox 446 1072 555 1097; x_wconf 89' lang='lat' dir='ltr'>autem</span> <span class='ocrx_word' id='word_1_95' title='bbox 583 1061 697 1097; x_wconf 84' lang='lat' dir='ltr'>videns</span> <span class='ocrx_word' id='word_1_96' title='bbox 716 1073 794 1097; x_wconf 88' lang='lat' dir='ltr'>eum</span> <span class='ocrx_word' id='word_1_97' title='bbox 812 1063 961 1098; x_wconf 90' lang='lat' dir='ltr'>officium</span> <span class='ocrx_word' id='word_1_98' title='bbox 983 1064 1074 1098; x_wconf 83' lang='lat' dir='ltr'>suum</span> <span class='ocrx_word' id='word_1_99' title='bbox 1101 1059 1244 1105; x_wconf 82' lang='lat' dir='ltr'>pruden-</span> 
     </span>
     <span class='ocr_line' id='line_1_17' title="bbox 265 1102 1241 1156; baseline 0 -11"><span class='ocrx_word' id='word_1_100' title='bbox 265 1118 319 1145; x_wconf 71' lang='lat' dir='ltr'>tet</span> <span class='ocrx_word' id='word_1_101' title='bbox 340 1120 494 1156; x_wconf 86' lang='lat' dir='ltr'>agentem</span> <span class='ocrx_word' id='word_1_102' title='bbox 509 1136 522 1152; x_wconf 94' lang='lat'>‚</span> <span class='ocrx_word' id='word_1_103' title='bbox 542 1113 582 1147; x_wconf 85' lang='lat'>-&amp;</span> <span class='ocrx_word' id='word_1_104' title='bbox 603 1112 822 1147; x_wconf 76' lang='lat' dir='ltr'>fidelissimum</span> <span class='ocrx_word' id='word_1_105' title='bbox 835 1137 846 1152; x_wconf 94' lang='lat'>,</span> <span class='ocrx_word' id='word_1_106' title='bbox 871 1112 929 1145; x_wconf 80' lang='lat' dir='ltr'>fibi</span> <span class='ocrx_word' id='word_1_107' title='bbox 950 1102 1058 1155; x_wconf 71' lang='lat' dir='ltr'>primae</span> <span class='ocrx_word' id='word_1_108' title='bbox 1077 1112 1151 1146; x_wconf 84' lang='lat' dir='ltr'>Sedi</span> <span class='ocrx_word' id='word_1_109' title='bbox 1176 1113 1241 1145; x_wconf 86' lang='lat' dir='ltr'>An·</span> 
     </span>
     <span class='ocr_line' id='line_1_18' title="bbox 267 1161 1242 1207; baseline 0.002 -14"><span class='ocrx_word' id='word_1_110' title='bbox 267 1161 404 1205; x_wconf 78' lang='lat' dir='ltr'>glorum</span> <span class='ocrx_word' id='word_1_111' title='bbox 427 1162 585 1205; x_wconf 88' lang='lat' dir='ltr'>praeficere</span> <span class='ocrx_word' id='word_1_112' title='bbox 595 1163 779 1207; x_wconf 83' lang='lat' dir='ltr'>cogitavit,</span> <span class='ocrx_word' id='word_1_113' title='bbox 803 1161 939 1196; x_wconf 90' lang='lat' dir='ltr'>credens</span> <span class='ocrx_word' id='word_1_114' title='bbox 951 1163 1056 1205; x_wconf 86' lang='lat' dir='ltr'>ipsum</span> <span class='ocrx_word' id='word_1_115' title='bbox 1079 1162 1162 1196; x_wconf 87' lang='lat' dir='ltr'>tanti</span> <span class='ocrx_word' id='word_1_116' title='bbox 1173 1161 1242 1204; x_wconf 83' lang='lat' dir='ltr'>qui·</span> 
     </span>
     <span class='ocr_line' id='line_1_19' title="bbox 264 1208 1244 1256; baseline 0.002 -13"><span class='ocrx_word' id='word_1_117' title='bbox 264 1210 347 1244; x_wconf 89' lang='lat' dir='ltr'>dem</span> <span class='ocrx_word' id='word_1_118' title='bbox 371 1208 505 1245; x_wconf 87' lang='lat' dir='ltr'>honoris</span> <span class='ocrx_word' id='word_1_119' title='bbox 525 1212 658 1256; x_wconf 76' lang='lat' dir='ltr'>fastigio</span> <span class='ocrx_word' id='word_1_120' title='bbox 678 1210 763 1245; x_wconf 74' lang='lat' dir='ltr'>bene</span> <span class='ocrx_word' id='word_1_121' title='bbox 775 1212 986 1247; x_wconf 82' lang='lat' dir='ltr'>sufficientem</span> <span class='ocrx_word' id='word_1_122' title='bbox 1000 1236 1011 1253; x_wconf 91' lang='lat'>,</span> <span class='ocrx_word' id='word_1_123' title='bbox 1034 1223 1135 1255; x_wconf 88' lang='lat' dir='ltr'>quem</span> <span class='ocrx_word' id='word_1_124' title='bbox 1146 1212 1244 1246; x_wconf 84' lang='lat' dir='ltr'>toties</span> 
     </span>
     <span class='ocr_line' id='line_1_20' title="bbox 269 1260 1242 1307; baseline 0.003 -14"><span class='ocrx_word' id='word_1_125' title='bbox 269 1269 433 1305; x_wconf 86' lang='lat' dir='ltr'>magnum</span> <span class='ocrx_word' id='word_1_126' title='bbox 453 1260 596 1295; x_wconf 74' lang='lat' dir='ltr'>nimium</span> <span class='ocrx_word' id='word_1_127' title='bbox 616 1261 651 1295; x_wconf 89' lang='lat' dir='ltr'>in</span> <span class='ocrx_word' id='word_1_128' title='bbox 672 1262 802 1307; x_wconf 87' lang='lat' dir='ltr'>magnis</span> <span class='ocrx_word' id='word_1_129' title='bbox 822 1261 976 1305; x_wconf 88' lang='lat' dir='ltr'>periculis</span> <span class='ocrx_word' id='word_1_130' title='bbox 995 1272 1147 1306; x_wconf 87' lang='lat' dir='ltr'>expertus</span> <span class='ocrx_word' id='word_1_131' title='bbox 1157 1272 1242 1300; x_wconf 89' lang='lat' dir='ltr'>erat,</span> 
     </span>
     <span class='ocr_line' id='line_1_21' title="bbox 265 1310 1241 1357; baseline 0.002 -14"><span class='ocrx_word' id='word_1_132' title='bbox 265 1310 462 1355; x_wconf 85' lang='lat' dir='ltr'>speransque</span> <span class='ocrx_word' id='word_1_133' title='bbox 489 1311 558 1345; x_wconf 81' lang='lat' dir='ltr'>suis</span> <span class='ocrx_word' id='word_1_134' title='bbox 597 1310 777 1346; x_wconf 87' lang='lat' dir='ltr'>haeredibus</span> <span class='ocrx_word' id='word_1_135' title='bbox 799 1313 841 1346; x_wconf 90' lang='lat' dir='ltr'>ad</span> <span class='ocrx_word' id='word_1_136' title='bbox 871 1310 1056 1346; x_wconf 88' lang='lat' dir='ltr'>adeundum</span> <span class='ocrx_word' id='word_1_137' title='bbox 1089 1313 1241 1357; x_wconf 87' lang='lat' dir='ltr'>Regnum</span> 
     </span>
     <span class='ocr_line' id='line_1_22' title="bbox 264 1361 1244 1404; baseline 0.001 -10"><span class='ocrx_word' id='word_1_138' title='bbox 264 1362 346 1394; x_wconf 56' lang='lat' dir='ltr'>feum</span> <span class='ocrx_word' id='word_1_139' title='bbox 370 1362 611 1404; x_wconf 85' lang='lat' dir='ltr'>profuturum,</span> <span class='ocrx_word' id='word_1_140' title='bbox 645 1361 671 1395; x_wconf 77' lang='lat' dir='ltr'>⁴si</span> <span class='ocrx_word' id='word_1_141' title='bbox 698 1363 730 1396; x_wconf 88' lang='lat' dir='ltr'>se</span> <span class='ocrx_word' id='word_1_142' title='bbox 756 1361 863 1396; x_wconf 86' lang='lat' dir='ltr'>fatalis</span> <span class='ocrx_word' id='word_1_143' title='bbox 884 1362 954 1396; x_wconf 85' lang='lat' dir='ltr'>dies</span> <span class='ocrx_word' id='word_1_144' title='bbox 973 1362 1067 1396; x_wconf 91' lang='lat' dir='ltr'>rebus</span> <span class='ocrx_word' id='word_1_145' title='bbox 1091 1361 1244 1396; x_wconf 88' lang='lat' dir='ltr'>humanis</span> 
     </span>
     <span class='ocr_line' id='line_1_23' title="bbox 265 1409 1242 1455; baseline 0.002 -12"><span class='ocrx_word' id='word_1_146' title='bbox 265 1409 442 1444; x_wconf 75' lang='lat' dir='ltr'>immature</span> <span class='ocrx_word' id='word_1_147' title='bbox 459 1412 638 1452; x_wconf 83' lang='lat' dir='ltr'>eximeret,</span> <span class='ocrx_word' id='word_1_148' title='bbox 666 1413 698 1446; x_wconf 85' lang='lat' dir='ltr'>se</span> <span class='ocrx_word' id='word_1_149' title='bbox 724 1412 800 1446; x_wconf 70' lang='lat' dir='ltr'>vero</span> <span class='ocrx_word' id='word_1_150' title='bbox 822 1423 876 1455; x_wconf 90' lang='lat' dir='ltr'>per</span> <span class='ocrx_word' id='word_1_151' title='bbox 895 1423 972 1446; x_wconf 89' lang='lat' dir='ltr'>eum</span> <span class='ocrx_word' id='word_1_152' title='bbox 1000 1411 1242 1450; x_wconf 80' lang='lat' dir='ltr'>Ecclefiaffica,</span> 
     </span>
    </p>
   </div>
   <div class='ocr_carea' id='block_1_5' title="bbox 260 1461 1241 1546">
    <p class='ocr_par' dir='ltr' id='par_1_8' title="bbox 260 1461 1241 1546">
     <span class='ocr_line' id='line_1_24' title="bbox 265 1461 1241 1508; baseline 0.001 -15"><span class='ocrx_word' id='word_1_153' title='bbox 265 1469 308 1494; x_wconf 79' lang='lat' dir='ltr'>ut</span> <span class='ocrx_word' id='word_1_154' title='bbox 330 1461 511 1502; x_wconf 83' lang='lat' dir='ltr'>saecularia,</span> <span class='ocrx_word' id='word_1_155' title='bbox 531 1463 670 1506; x_wconf 83' lang='lat' dir='ltr'>negotia</span> <span class='ocrx_word' id='word_1_156' title='bbox 695 1473 758 1505; x_wconf 84' lang='lat' dir='ltr'>pro</span> <span class='ocrx_word' id='word_1_157' title='bbox 778 1461 879 1497; x_wconf 87' lang='lat' dir='ltr'>libitu</span> <span class='ocrx_word' id='word_1_158' title='bbox 898 1462 1100 1508; x_wconf 77' lang='lat' dir='ltr'>gesturum,</span> <span class='ocrx_word' id='word_1_159' title='bbox 1126 1463 1149 1496; x_wconf 86' lang='lat' dir='ltr'>fi</span> <span class='ocrx_word' id='word_1_160' title='bbox 1176 1462 1241 1495; x_wconf 89' lang='lat' dir='ltr'>vita</span> 
     </span>
     <span class='ocr_line' id='line_1_25' title="bbox 260 1507 650 1546; baseline 0.005 -3"><span class='ocrx_word' id='word_1_161' title='bbox 260 1507 465 1545; x_wconf 78' lang='lat' dir='ltr'>diuturniori</span> <span class='ocrx_word' id='word_1_162' title='bbox 486 1512 650 1546; x_wconf 77' lang='lat' dir='ltr'>fueretur</span> 
     </span>
    </p>
   </div>
   <div class='ocr_carea' id='block_1_6' title="bbox 260 1558 1243 1700">
    <p class='ocr_par' dir='ltr' id='par_1_9' title="bbox 260 1558 1243 1700">
     <span class='ocr_line' id='line_1_26' title="bbox 465 1558 1033 1605; baseline 0.009 -14"><span class='ocrx_word' id='word_1_163' title='bbox 465 1558 504 1590; x_wconf 92' lang='lat' dir='ltr'>H</span> <span class='ocrx_word' id='word_1_164' title='bbox 532 1560 561 1592; x_wconf 85' lang='grc' dir='ltr'><strong>Ε</strong></span> <span class='ocrx_word' id='word_1_165' title='bbox 588 1561 619 1592; x_wconf 88' lang='lat' dir='ltr'>R</span> <span class='ocrx_word' id='word_1_166' title='bbox 646 1560 662 1592; x_wconf 89' lang='lat'>1</span> <span class='ocrx_word' id='word_1_167' title='bbox 686 1559 716 1591; x_wconf 88' lang='lat' dir='ltr'>B</span> <span class='ocrx_word' id='word_1_168' title='bbox 742 1561 773 1594; x_wconf 87' lang='lat' dir='ltr'><strong>E</strong></span> <span class='ocrx_word' id='word_1_169' title='bbox 798 1561 832 1594; x_wconf 93' lang='lat' dir='ltr'>R</span> <span class='ocrx_word' id='word_1_170' title='bbox 854 1561 895 1594; x_wconf 88' lang='lat' dir='ltr'>T</span> <span class='ocrx_word' id='word_1_171' title='bbox 920 1562 963 1596; x_wconf 87' lang='lat' dir='ltr'>U</span> <span class='ocrx_word' id='word_1_172' title='bbox 988 1562 1033 1605; x_wconf 91' lang='grc'><strong>3.</strong></span> 
     </span>
     <span class='ocr_line' id='line_1_27' title="bbox 317 1598 1242 1652; baseline 0.001 -11"><span class='ocrx_word' id='word_1_173' title='bbox 317 1606 506 1641; x_wconf 88' lang='lat' dir='ltr'>VERUM</span> <span class='ocrx_word' id='word_1_174' title='bbox 533 1607 608 1642; x_wconf 87' lang='lat' dir='ltr'>Rex</span> <span class='ocrx_word' id='word_1_175' title='bbox 628 1607 772 1641; x_wconf 77' lang='lat' dir='ltr'>omnino</span> <span class='ocrx_word' id='word_1_176' title='bbox 790 1598 967 1642; x_wconf 79' lang='lat' dir='ltr'>diffiniulat</span> <span class='ocrx_word' id='word_1_177' title='bbox 1000 1599 1058 1642; x_wconf 83' lang='lat' dir='ltr'>ad</span> <span class='ocrx_word' id='word_1_178' title='bbox 1078 1616 1242 1652; x_wconf 85' lang='lat' dir='ltr'>tempus·</span> 
     </span>
     <span class='ocr_line' id='line_1_28' title="bbox 260 1654 1243 1700; baseline 0 -9"><span class='ocrx_word' id='word_1_179' title='bbox 260 1655 339 1691; x_wconf 76' lang='lat' dir='ltr'>Nisi</span> <span class='ocrx_word' id='word_1_180' title='bbox 360 1656 437 1699; x_wconf 87' lang='lat' dir='ltr'>quia</span> <span class='ocrx_word' id='word_1_181' title='bbox 460 1654 591 1689; x_wconf 79' lang='lat' dir='ltr'>Archi·</span> <span class='ocrx_word' id='word_1_182' title='bbox 604 1656 841 1698; x_wconf 81' lang='lat' dir='ltr'>Episcopatus,</span> <span class='ocrx_word' id='word_1_183' title='bbox 869 1658 951 1689; x_wconf 87' lang='lat' dir='ltr'>sicut</span> <span class='ocrx_word' id='word_1_184' title='bbox 971 1658 1007 1690; x_wconf 74' lang='grc' dir='ltr'>δι</span> <span class='ocrx_word' id='word_1_185' title='bbox 1030 1658 1243 1700; x_wconf 84' lang='lat' dir='ltr'>Episcopatus</span> 
     </span>
    </p>
   </div>
   <div class='ocr_carea' id='block_1_7' title="bbox 193 1703 1244 1751">
    <p class='ocr_par' dir='ltr' id='par_1_10' title="bbox 193 1703 1244 1751">
     <span class='ocr_line' id='line_1_29' title="bbox 193 1703 1244 1751; baseline -0.006 -9"><span class='ocrx_word' id='word_1_186' title='bbox 193 1710 195 1713; x_wconf 85' lang='grc'><strong>’</strong></span> <span class='ocrx_word' id='word_1_187' title='bbox 261 1707 303 1741; x_wconf 83' lang='lat'>·&amp;</span> <span class='ocrx_word' id='word_1_188' title='bbox 322 1707 386 1740; x_wconf 71' lang='lat' dir='ltr'>efl‘e</span> <span class='ocrx_word' id='word_1_189' title='bbox 402 1714 558 1738; x_wconf 87' lang='lat' dir='ltr'>vacantes</span> <span class='ocrx_word' id='word_1_190' title='bbox 582 1704 733 1738; x_wconf 82' lang='lat' dir='ltr'>Abbatiae</span> <span class='ocrx_word' id='word_1_191' title='bbox 753 1705 877 1745; x_wconf 82' lang='lat' dir='ltr'>solent,</span> <span class='ocrx_word' id='word_1_192' title='bbox 901 1715 983 1751; x_wconf 57' lang='lat' dir='ltr'>cur3ae</span> <span class='ocrx_word' id='word_1_193' title='bbox 998 1703 1195 1738; x_wconf 88' lang='lat' dir='ltr'>Cancellarii</span> <span class='ocrx_word' id='word_1_194' title='bbox 1209 1704 1244 1736; x_wconf 76' lang='grc' dir='ltr'>δε</span> 
     </span>
    </p>
   </div>
   <div class='ocr_carea' id='block_1_8' title="bbox 262 1751 1263 3495">
    <p class='ocr_par' dir='ltr' id='par_1_11' title="bbox 262 1751 1263 3495">
     <span class='ocr_line' id='line_1_30' title="bbox 262 1751 1244 1798; baseline -0.004 -8"><span class='ocrx_word' id='word_1_195' title='bbox 262 1755 423 1790; x_wconf 58' lang='lat' dir='ltr'>‘custodiae</span> <span class='ocrx_word' id='word_1_196' title='bbox 439 1753 583 1788; x_wconf 77' lang='lat' dir='ltr'>traditur</span> <span class='ocrx_word' id='word_1_197' title='bbox 595 1780 603 1787; x_wconf 95' lang='lat'>.</span> <span class='ocrx_word' id='word_1_198' title='bbox 631 1753 856 1788; x_wconf 89' lang='lat' dir='ltr'>Cancellarius</span> <span class='ocrx_word' id='word_1_199' title='bbox 867 1751 967 1794; x_wconf 71' lang='lat' dir='ltr'>vero,</span> <span class='ocrx_word' id='word_1_200' title='bbox 991 1753 1051 1796; x_wconf 84' lang='lat' dir='ltr'>qui</span> <span class='ocrx_word' id='word_1_201' title='bbox 1070 1754 1158 1798; x_wconf 80' lang='lat' dir='ltr'>quasi</span> <span class='ocrx_word' id='word_1_202' title='bbox 1170 1764 1244 1797; x_wconf 75' lang='lat' dir='ltr'>prae-</span> 
     </span>
     <span class='ocr_line' id='line_1_31' title="bbox 265 1802 1244 1850; baseline -0.004 -9"><span class='ocrx_word' id='word_1_203' title='bbox 265 1808 365 1850; x_wconf 83' lang='lat' dir='ltr'>:sagus</span> <span class='ocrx_word' id='word_1_204' title='bbox 375 1803 575 1850; x_wconf 86' lang='lat' dir='ltr'>quibusdam</span> <span class='ocrx_word' id='word_1_205' title='bbox 591 1803 788 1847; x_wconf 62' lang='lat' dir='ltr'>conjesiuris</span> <span class='ocrx_word' id='word_1_206' title='bbox 812 1804 883 1850; x_wconf 12' lang='lat' dir='ltr'>jam*</span> <span class='ocrx_word' id='word_1_207' title='bbox 895 1802 940 1838; x_wconf 87' lang='lat' dir='ltr'>de</span> <span class='ocrx_word' id='word_1_208' title='bbox 956 1803 1062 1850; x_wconf 84' lang='lat' dir='ltr'>Regis</span> <span class='ocrx_word' id='word_1_209' title='bbox 1075 1803 1244 1837; x_wconf 86' lang='lat' dir='ltr'>voluntate</span> 
     </span>
     <span class='ocr_line' id='line_1_32' title="bbox 264 1853 1245 1901; baseline -0.006 -10"><span class='ocrx_word' id='word_1_210' title='bbox 264 1853 514 1901; x_wconf 66' lang='lat' dir='ltr'>praesume&#39;bat‘31</span> <span class='ocrx_word' id='word_1_211' title='bbox 534 1864 648 1888; x_wconf 61' lang='lat' dir='ltr'>&#39;tamen</span> <span class='ocrx_word' id='word_1_212' title='bbox 662 1854 746 1888; x_wconf 76' lang='lat' dir='ltr'>sicut</span> <span class='ocrx_word' id='word_1_213' title='bbox 767 1854 802 1888; x_wconf 72' lang='grc' dir='ltr'>ὅ(</span> <span class='ocrx_word' id='word_1_214' title='bbox 821 1853 898 1888; x_wconf 80' lang='lat' dir='ltr'>Rex</span> <span class='ocrx_word' id='word_1_215' title='bbox 917 1853 1143 1893; x_wconf 83' lang='lat' dir='ltr'>diffimulans,</span> <span class='ocrx_word' id='word_1_216' title='bbox 1175 1863 1245 1887; x_wconf 89' lang='lat' dir='ltr'>rem</span> 
     </span>
     <span class='ocr_line' id='line_1_33' title="bbox 263 1903 1243 1951; baseline -0.003 -10"><span class='ocrx_word' id='word_1_217' title='bbox 263 1907 390 1941; x_wconf 74' lang='lat' dir='ltr'>tacitus</span> <span class='ocrx_word' id='word_1_218' title='bbox 404 1903 632 1951; x_wconf 49' lang='lat' dir='ltr'>&#39;considerabat</span> <span class='ocrx_word' id='word_1_219' title='bbox 643 1929 650 1936; x_wconf 92' lang='lat'>.</span> <span class='ocrx_word' id='word_1_220' title='bbox 676 1903 774 1949; x_wconf 85' lang='lat' dir='ltr'>Rege</span> <span class='ocrx_word' id='word_1_221' title='bbox 792 1905 903 1948; x_wconf 86' lang='lat' dir='ltr'>itaque</span> <span class='ocrx_word' id='word_1_222' title='bbox 912 1913 996 1939; x_wconf 90' lang='lat' dir='ltr'>tunc</span> <span class='ocrx_word' id='word_1_223' title='bbox 1013 1903 1048 1937; x_wconf 88' lang='lat' dir='ltr'>in</span> <span class='ocrx_word' id='word_1_224' title='bbox 1060 1903 1243 1938; x_wconf 89' lang='lat' dir='ltr'>Transma-</span> 
     </span>
     <span class='ocr_line' id='line_1_34' title="bbox 262 1952 1245 1998; baseline -0.003 -8"><span class='ocrx_word' id='word_1_225' title='bbox 262 1957 350 1990; x_wconf 65' lang='lat' dir='ltr'>*rinis</span> <span class='ocrx_word' id='word_1_226' title='bbox 367 1952 513 1997; x_wconf 75' lang='lat' dir='ltr'>partibus</span> <span class='ocrx_word' id='word_1_227' title='bbox 531 1963 652 1998; x_wconf 79' lang='lat' dir='ltr'>agente</span> <span class='ocrx_word' id='word_1_228' title='bbox 671 1978 682 1994; x_wconf 95' lang='lat'>,</span> <span class='ocrx_word' id='word_1_229' title='bbox 698 1955 737 1988; x_wconf 73' lang='lat' dir='ltr'>v&amp;</span> <span class='ocrx_word' id='word_1_230' title='bbox 759 1953 966 1988; x_wconf 87' lang='lat' dir='ltr'>Cancellario</span> <span class='ocrx_word' id='word_1_231' title='bbox 994 1964 1074 1988; x_wconf 92' lang='lat' dir='ltr'>-cum</span> <span class='ocrx_word' id='word_1_232' title='bbox 1098 1965 1142 1988; x_wconf 89' lang='lat' dir='ltr'>eo</span> <span class='ocrx_word' id='word_1_233' title='bbox 1174 1964 1245 1996; x_wconf 86' lang='lat' dir='ltr'>pro</span> 
     </span>
     <span class='ocr_line' id='line_1_35' title="bbox 268 2002 1244 2050; baseline -0.003 -10"><span class='ocrx_word' id='word_1_234' title='bbox 268 2015 343 2050; x_wconf 75' lang='lat' dir='ltr'>pter</span> <span class='ocrx_word' id='word_1_235' title='bbox 360 2004 573 2038; x_wconf 57' lang='lat' dir='ltr'>‘Gallentium</span> <span class='ocrx_word' id='word_1_236' title='bbox 586 2003 810 2038; x_wconf 82' lang='lat' dir='ltr'>infestationes</span> <span class='ocrx_word' id='word_1_237' title='bbox 830 2027 842 2043; x_wconf 91' lang='lat'>,</span> <span class='ocrx_word' id='word_1_238' title='bbox 874 2004 913 2038; x_wconf 68' lang='grc' dir='ltr'>ἃ</span> <span class='ocrx_word' id='word_1_239' title='bbox 925 2002 988 2038; x_wconf 90' lang='lat' dir='ltr'>alia</span> <span class='ocrx_word' id='word_1_240' title='bbox 1005 2003 1156 2048; x_wconf 77' lang='lat' dir='ltr'>quaedam</span> <span class='ocrx_word' id='word_1_241' title='bbox 1183 2004 1244 2037; x_wconf 85' lang='lat' dir='ltr'>Re-</span> 
     </span>
     <span class='ocr_line' id='line_1_36' title="bbox 265 2050 1245 2100; baseline -0.002 -12"><span class='ocrx_word' id='word_1_242' title='bbox 265 2055 331 2100; x_wconf 75' lang='lat' dir='ltr'>gni</span> <span class='ocrx_word' id='word_1_243' title='bbox 353 2052 484 2097; x_wconf 88' lang='lat' dir='ltr'>negotia</span> <span class='ocrx_word' id='word_1_244' title='bbox 499 2076 510 2092; x_wconf 89' lang='lat'>,</span> <span class='ocrx_word' id='word_1_245' title='bbox 538 2051 780 2087; x_wconf 85' lang='lat' dir='ltr'>Cancellarium</span> <span class='ocrx_word' id='word_1_246' title='bbox 793 2053 867 2086; x_wconf 83' lang='lat' dir='ltr'>Rex</span> <span class='ocrx_word' id='word_1_247' title='bbox 888 2053 922 2086; x_wconf 86' lang='lat' dir='ltr'>in</span> <span class='ocrx_word' id='word_1_248' title='bbox 945 2050 1106 2097; x_wconf 84' lang='lat' dir='ltr'>Angliam</span> <span class='ocrx_word' id='word_1_249' title='bbox 1137 2053 1245 2087; x_wconf 84' lang='lat' dir='ltr'>mitte-</span> 
     </span>
     <span class='ocr_line' id='line_1_37' title="bbox 270 2101 1245 2149; baseline -0.005 -9"><span class='ocrx_word' id='word_1_250' title='bbox 270 2117 308 2141; x_wconf 81' lang='lat' dir='ltr'>re</span> <span class='ocrx_word' id='word_1_251' title='bbox 329 2101 487 2146; x_wconf 85' lang='lat' dir='ltr'>disposuit</span> <span class='ocrx_word' id='word_1_252' title='bbox 499 2126 506 2134; x_wconf 90' lang='lat'>.</span> <span class='ocrx_word' id='word_1_253' title='bbox 528 2102 603 2149; x_wconf 61' lang='lat' dir='ltr'>&gt;Qui</span> <span class='ocrx_word' id='word_1_254' title='bbox 618 2113 698 2136; x_wconf 78' lang='lat' dir='ltr'>cum</span> <span class='ocrx_word' id='word_1_255' title='bbox 717 2102 783 2145; x_wconf 82' lang='lat' dir='ltr'>jam</span> <span class='ocrx_word' id='word_1_256' title='bbox 802 2103 950 2145; x_wconf 85' lang='lat' dir='ltr'>suscepta</span> <span class='ocrx_word' id='word_1_257' title='bbox 979 2114 1036 2146; x_wconf 84' lang='lat' dir='ltr'>per</span> <span class='ocrx_word' id='word_1_258' title='bbox 1050 2103 1121 2137; x_wconf 83' lang='lat' dir='ltr'>dies</span> <span class='ocrx_word' id='word_1_259' title='bbox 1143 2102 1245 2146; x_wconf 88' lang='lat' dir='ltr'>Lega-</span> 
     </span>
     <span class='ocr_line' id='line_1_38' title="bbox 263 2151 1247 2196; baseline -0.004 -7"><span class='ocrx_word' id='word_1_260' title='bbox 263 2154 373 2190; x_wconf 59' lang='lat' dir='ltr'>&lt;tionis</span> <span class='ocrx_word' id='word_1_261' title='bbox 391 2155 520 2193; x_wconf 87' lang='lat' dir='ltr'>forma,</span> <span class='ocrx_word' id='word_1_262' title='bbox 548 2153 583 2186; x_wconf 87' lang='lat' dir='ltr'>in</span> <span class='ocrx_word' id='word_1_263' title='bbox 606 2151 677 2196; x_wconf 92' lang='lat' dir='ltr'>ipso</span> <span class='ocrx_word' id='word_1_264' title='bbox 700 2152 911 2196; x_wconf 62' lang='lat' dir='ltr'>profectionis</span> <span class='ocrx_word' id='word_1_265' title='bbox 923 2152 1064 2186; x_wconf 84' lang='lat' dir='ltr'>articulo</span> <span class='ocrx_word' id='word_1_266' title='bbox 1088 2153 1247 2196; x_wconf 75' lang='lat' dir='ltr'>ingressus</span> 
     </span>
     <span class='ocr_line' id='line_1_39' title="bbox 271 2201 1248 2245; baseline -0.003 -7"><span class='ocrx_word' id='word_1_267' title='bbox 271 2204 398 2240; x_wconf 86' lang='lat' dir='ltr'>Aulam</span> <span class='ocrx_word' id='word_1_268' title='bbox 414 2201 507 2245; x_wconf 83' lang='lat' dir='ltr'>:apud</span> <span class='ocrx_word' id='word_1_269' title='bbox 527 2201 681 2236; x_wconf 26' lang='lat' dir='ltr'>&#39;Castrum</span> <span class='ocrx_word' id='word_1_270' title='bbox 707 2226 720 2243; x_wconf 95' lang='lat'>,</span> <span class='ocrx_word' id='word_1_271' title='bbox 751 2201 848 2244; x_wconf 76' lang='lat' dir='ltr'>quod</span> <span class='ocrx_word' id='word_1_272' title='bbox 876 2201 1016 2236; x_wconf 79' lang='lat' dir='ltr'>Falleise</span> <span class='ocrx_word' id='word_1_273' title='bbox 1029 2201 1174 2241; x_wconf 84' lang='lat' dir='ltr'>dicitur,</span> <span class='ocrx_word' id='word_1_274' title='bbox 1209 2213 1248 2235; x_wconf 89' lang='lat' dir='ltr'>ut</span> 
     </span>
     <span class='ocr_line' id='line_1_40' title="bbox 273 2251 1249 2298; baseline -0.003 -10"><span class='ocrx_word' id='word_1_275' title='bbox 273 2255 371 2298; x_wconf 87' lang='lat' dir='ltr'>Rege</span> <span class='ocrx_word' id='word_1_276' title='bbox 391 2252 571 2286; x_wconf 40' lang='lat' dir='ltr'>*dumtaxat</span> <span class='ocrx_word' id='word_1_277' title='bbox 583 2252 727 2286; x_wconf 80' lang='lat' dir='ltr'>salutato</span> <span class='ocrx_word' id='word_1_278' title='bbox 744 2263 829 2286; x_wconf 51' lang='lat' dir='ltr'>*mox</span> <span class='ocrx_word' id='word_1_279' title='bbox 844 2251 1028 2286; x_wconf 83' lang='lat' dir='ltr'>conficeret</span> <span class='ocrx_word' id='word_1_280' title='bbox 1050 2252 1130 2290; x_wconf 88' lang='lat' dir='ltr'>iter,</span> <span class='ocrx_word' id='word_1_281' title='bbox 1154 2262 1249 2285; x_wconf 88' lang='lat' dir='ltr'>voca-</span> 
     </span>
     <span class='ocr_line' id='line_1_41' title="bbox 269 2301 1242 2340; baseline -0.006 0"><span class='ocrx_word' id='word_1_282' title='bbox 269 2315 314 2340; x_wconf 82' lang='lat' dir='ltr'>to</span> <span class='ocrx_word' id='word_1_283' title='bbox 334 2314 376 2338; x_wconf 87' lang='lat' dir='ltr'>eo</span> <span class='ocrx_word' id='word_1_284' title='bbox 390 2303 526 2337; x_wconf 67' lang='lat' dir='ltr'>‘seorsim</span> <span class='ocrx_word' id='word_1_285' title='bbox 547 2302 622 2336; x_wconf 90' lang='lat' dir='ltr'>Rex</span> <span class='ocrx_word' id='word_1_286' title='bbox 640 2301 780 2336; x_wconf 85' lang='lat' dir='ltr'>instillat</span> <span class='ocrx_word' id='word_1_287' title='bbox 802 2301 976 2336; x_wconf 83' lang='lat' dir='ltr'>secretius.-</span> <span class='ocrx_word' id='word_1_288' title='bbox 1001 2302 1141 2335; x_wconf 86' lang='lat' dir='ltr'>Necdum</span> <span class='ocrx_word' id='word_1_289' title='bbox 1155 2325 1164 2340; x_wconf 88' lang='lat'>,</span> <span class='ocrx_word' id='word_1_290' title='bbox 1202 2302 1242 2334; x_wconf 87' lang='lat' dir='ltr'>in·</span> 
     </span>
     <span class='ocr_line' id='line_1_42' title="bbox 267 2350 1248 2399; baseline -0.004 -11"><span class='ocrx_word' id='word_1_291' title='bbox 267 2354 367 2399; x_wconf 88' lang='lat' dir='ltr'>-quit,</span> <span class='ocrx_word' id='word_1_292' title='bbox 387 2352 476 2395; x_wconf 73' lang='lat' dir='ltr'>plene</span> <span class='ocrx_word' id='word_1_293' title='bbox 497 2351 567 2392; x_wconf 81' lang='lat' dir='ltr'>nosti</span> <span class='ocrx_word' id='word_1_294' title='bbox 584 2362 644 2385; x_wconf 81' lang='lat' dir='ltr'>tuae</span> <span class='ocrx_word' id='word_1_295' title='bbox 663 2352 794 2395; x_wconf 74' lang='lat' dir='ltr'>-caussam</span> <span class='ocrx_word' id='word_1_296' title='bbox 810 2355 985 2395; x_wconf 67' lang='lat' dir='ltr'>Legationes</span> <span class='ocrx_word' id='word_1_297' title='bbox 1010 2376 1020 2383; x_wconf 89' lang='lat'>..</span> <span class='ocrx_word' id='word_1_298' title='bbox 1048 2352 1092 2385; x_wconf 83' lang='lat' dir='ltr'>Et</span> <span class='ocrx_word' id='word_1_299' title='bbox 1112 2350 1248 2393; x_wconf 80' lang='lat' dir='ltr'>adjecit:</span> 
     </span>
     <span class='ocr_line' id='line_1_43' title="bbox 273 2399 1247 2445; baseline -0.005 -7"><span class='ocrx_word' id='word_1_300' title='bbox 273 2408 353 2438; x_wconf 83' lang='lat' dir='ltr'>Meae</span> <span class='ocrx_word' id='word_1_301' title='bbox 374 2403 538 2436; x_wconf 73' lang='lat' dir='ltr'>voluntatis</span> <span class='ocrx_word' id='word_1_302' title='bbox 563 2400 606 2443; x_wconf 67' lang='lat' dir='ltr'>est</span> <span class='ocrx_word' id='word_1_303' title='bbox 637 2411 665 2435; x_wconf 88' lang='lat' dir='ltr'>te</span> <span class='ocrx_word' id='word_1_304' title='bbox 691 2400 936 2445; x_wconf 72' lang='lat' dir='ltr'>cantuariensem</span> <span class='ocrx_word' id='word_1_305' title='bbox 960 2399 1122 2444; x_wconf 83' lang='lat' dir='ltr'>Praesulem</span> <span class='ocrx_word' id='word_1_306' title='bbox 1142 2401 1215 2443; x_wconf 82' lang='lat' dir='ltr'>fore</span> <span class='ocrx_word' id='word_1_307' title='bbox 1236 2426 1247 2433; x_wconf 73' lang='grc'><strong>.</strong></span> 
     </span>
     <span class='ocr_line' id='line_1_44' title="bbox 275 2450 1249 2496; baseline -0.002 -8"><span class='ocrx_word' id='word_1_308' title='bbox 275 2454 342 2488; x_wconf 88' lang='lat' dir='ltr'>Cui</span> <span class='ocrx_word' id='word_1_309' title='bbox 368 2452 590 2487; x_wconf 86' lang='lat' dir='ltr'>Cancellarius</span> <span class='ocrx_word' id='word_1_310' title='bbox 607 2451 781 2487; x_wconf 83' lang='lat' dir='ltr'>stemmata</span> <span class='ocrx_word' id='word_1_311' title='bbox 804 2451 951 2496; x_wconf 85' lang='lat' dir='ltr'>quaedam</span> <span class='ocrx_word' id='word_1_312' title='bbox 970 2462 1052 2486; x_wconf 89' lang='lat' dir='ltr'>tunc</span> <span class='ocrx_word' id='word_1_313' title='bbox 1086 2450 1212 2486; x_wconf 80' lang='lat' dir='ltr'>usualia</span> <span class='ocrx_word' id='word_1_314' title='bbox 1237 2475 1249 2493; x_wconf 87' lang='lat'>‚</span> 
     </span>
     <span class='ocr_line' id='line_1_45' title="bbox 275 2500 1248 2548; baseline -0.004 -10"><span class='ocrx_word' id='word_1_315' title='bbox 275 2502 395 2548; x_wconf 81' lang='lat' dir='ltr'>quibus</span> <span class='ocrx_word' id='word_1_316' title='bbox 410 2513 495 2536; x_wconf 58' lang='lat' dir='ltr'>‘tunc</span> <span class='ocrx_word' id='word_1_317' title='bbox 511 2502 650 2536; x_wconf 80' lang='lat' dir='ltr'>&#39;indutus</span> <span class='ocrx_word' id='word_1_318' title='bbox 662 2512 737 2538; x_wconf 78' lang='lat' dir='ltr'>erat</span> <span class='ocrx_word' id='word_1_319' title='bbox 760 2528 771 2544; x_wconf 94' lang='lat'>,</span> <span class='ocrx_word' id='word_1_320' title='bbox 807 2501 1009 2536; x_wconf 85' lang='lat' dir='ltr'>subridendo</span> <span class='ocrx_word' id='word_1_321' title='bbox 1037 2500 1212 2535; x_wconf 85' lang='lat' dir='ltr'>ostendens</span> <span class='ocrx_word' id='word_1_322' title='bbox 1236 2526 1248 2542; x_wconf 90' lang='lat'>‚</span> 
     </span>
     <span class='ocr_line' id='line_1_46' title="bbox 271 2549 1249 2597; baseline -0.004 -8"><span class='ocrx_word' id='word_1_323' title='bbox 271 2555 313 2589; x_wconf 67' lang='grc' dir='ltr'>ὃς</span> <span class='ocrx_word' id='word_1_324' title='bbox 331 2552 418 2597; x_wconf 81' lang='lat' dir='ltr'>quasi</span> <span class='ocrx_word' id='word_1_325' title='bbox 438 2553 545 2587; x_wconf 85' lang='lat' dir='ltr'>oculis</span> <span class='ocrx_word' id='word_1_326' title='bbox 578 2552 752 2597; x_wconf 87' lang='lat' dir='ltr'>ingerens,</span> <span class='ocrx_word' id='word_1_327' title='bbox 773 2554 884 2596; x_wconf 54' lang='lat' dir='ltr'>,Quam</span> <span class='ocrx_word' id='word_1_328' title='bbox 904 2549 1103 2596; x_wconf 76' lang='lat' dir='ltr'>Religiosum,</span> <span class='ocrx_word' id='word_1_329' title='bbox 1130 2552 1249 2594; x_wconf 84' lang='lat' dir='ltr'>inquit,</span> 
     </span>
     <span class='ocr_line' id='line_1_47' title="bbox 280 2600 1251 2644; baseline -0.002 -8"><span class='ocrx_word' id='word_1_330' title='bbox 280 2608 387 2639; x_wconf 73' lang='lat' dir='ltr'>Vtrum</span> <span class='ocrx_word' id='word_1_331' title='bbox 402 2627 413 2642; x_wconf 94' lang='lat'>,</span> <span class='ocrx_word' id='word_1_332' title='bbox 433 2605 530 2644; x_wconf 64' lang='lat' dir='ltr'>›quam</span> <span class='ocrx_word' id='word_1_333' title='bbox 546 2602 691 2635; x_wconf 59' lang='lat' dir='ltr'>scandum</span> <span class='ocrx_word' id='word_1_334' title='bbox 710 2608 741 2635; x_wconf 79' lang='lat' dir='ltr'>in</span> <span class='ocrx_word' id='word_1_335' title='bbox 764 2610 829 2635; x_wconf 79' lang='lat' dir='ltr'>tam</span> <span class='ocrx_word' id='word_1_336' title='bbox 852 2602 962 2637; x_wconf 67' lang='lat' dir='ltr'>Sanc‘la</span> <span class='ocrx_word' id='word_1_337' title='bbox 982 2602 1056 2635; x_wconf 72' lang='lat' dir='ltr'>sede</span> <span class='ocrx_word' id='word_1_338' title='bbox 1068 2626 1078 2642; x_wconf 95' lang='lat'>,</span> <span class='ocrx_word' id='word_1_339' title='bbox 1103 2603 1140 2636; x_wconf 60' lang='grc' dir='ltr'>’Θ</span> <span class='ocrx_word' id='word_1_340' title='bbox 1161 2600 1251 2644; x_wconf 84' lang='lat' dir='ltr'>super</span> 
     </span>
     <span class='ocr_line' id='line_1_48' title="bbox 283 2651 1250 2690; baseline -0.004 -3"><span class='ocrx_word' id='word_1_341' title='bbox 283 2663 349 2687; x_wconf 82' lang='lat' dir='ltr'>tam</span> <span class='ocrx_word' id='word_1_342' title='bbox 369 2651 507 2684; x_wconf 83' lang='lat' dir='ltr'>celebrem</span> <span class='ocrx_word' id='word_1_343' title='bbox 524 2675 535 2690; x_wconf 94' lang='lat'>‚</span> <span class='ocrx_word' id='word_1_344' title='bbox 570 2653 606 2683; x_wconf 67' lang='lat' dir='ltr'>e·</span> <span class='ocrx_word' id='word_1_345' title='bbox 634 2660 698 2682; x_wconf 84' lang='lat' dir='ltr'>tam</span> <span class='ocrx_word' id='word_1_346' title='bbox 720 2651 861 2684; x_wconf 67' lang='lat' dir='ltr'>Sanllum</span> <span class='ocrx_word' id='word_1_347' title='bbox 882 2657 1075 2685; x_wconf 76' lang='lat' dir='ltr'>conventum</span> <span class='ocrx_word' id='word_1_348' title='bbox 1098 2651 1250 2684; x_wconf 68' lang='lat' dir='ltr'>Monachu-</span> 
     </span>
     <span class='ocr_line' id='line_1_49' title="bbox 282 2698 1251 2744; baseline 0 -10"><span class='ocrx_word' id='word_1_349' title='bbox 282 2714 350 2737; x_wconf 78' lang='lat' dir='ltr'>rum</span> <span class='ocrx_word' id='word_1_350' title='bbox 371 2701 501 2741; x_wconf 69' lang='lat' dir='ltr'>constitui</span> <span class='ocrx_word' id='word_1_351' title='bbox 518 2698 666 2741; x_wconf 84' lang='lat' dir='ltr'>defideras</span> <span class='ocrx_word' id='word_1_352' title='bbox 708 2700 723 2730; x_wconf 85' lang='lat'><em>?</em></span> <span class='ocrx_word' id='word_1_353' title='bbox 760 2703 821 2733; x_wconf 70' lang='lat' dir='ltr'>Scio</span> <span class='ocrx_word' id='word_1_354' title='bbox 839 2703 1010 2741; x_wconf 72' lang='lat' dir='ltr'>-certiffime‚</span> <span class='ocrx_word' id='word_1_355' title='bbox 1035 2707 1105 2744; x_wconf 76' lang='lat' dir='ltr'>qula</span> <span class='ocrx_word' id='word_1_356' title='bbox 1117 2700 1251 2742; x_wconf 73' lang='lat' dir='ltr'>fiDomi·</span> 
     </span>
     <span class='ocr_line' id='line_1_50' title="bbox 282 2749 1250 2794; baseline -0.002 -8"><span class='ocrx_word' id='word_1_357' title='bbox 282 2764 320 2786; x_wconf 82' lang='lat' dir='ltr'>m</span> <span class='ocrx_word' id='word_1_358' title='bbox 340 2750 511 2794; x_wconf 77' lang='lat' dir='ltr'>disponente</span> <span class='ocrx_word' id='word_1_359' title='bbox 527 2752 672 2785; x_wconf 64' lang='lat' dir='ltr'>»acciderit</span> <span class='ocrx_word' id='word_1_360' title='bbox 687 2749 751 2792; x_wconf 82' lang='lat' dir='ltr'>fic,</span> <span class='ocrx_word' id='word_1_361' title='bbox 775 2752 899 2790; x_wconf 73' lang='lat' dir='ltr'>citiffime</span> <span class='ocrx_word' id='word_1_362' title='bbox 919 2753 939 2783; x_wconf 74' lang='grc' dir='ltr'><em>ἃ</em></span> <span class='ocrx_word' id='word_1_363' title='bbox 971 2763 1017 2784; x_wconf 88' lang='lat' dir='ltr'>me</span> <span class='ocrx_word' id='word_1_364' title='bbox 1035 2751 1150 2793; x_wconf 82' lang='lat' dir='ltr'>auferes</span> <span class='ocrx_word' id='word_1_365' title='bbox 1187 2758 1250 2784; x_wconf 72' lang='lat' dir='ltr'>ani-</span> 
     </span>
     <span class='ocr_line' id='line_1_51' title="bbox 284 2800 1252 2844; baseline -0.001 -9"><span class='ocrx_word' id='word_1_366' title='bbox 284 2814 387 2842; x_wconf 85' lang='lat' dir='ltr'>mum,</span> <span class='ocrx_word' id='word_1_367' title='bbox 413 2802 447 2834; x_wconf 67' lang='lat'>&lt;5</span> <span class='ocrx_word' id='word_1_368' title='bbox 464 2806 589 2844; x_wconf 78' lang='lat' dir='ltr'>gratia,</span> <span class='ocrx_word' id='word_1_369' title='bbox 616 2811 682 2842; x_wconf 84' lang='lat' dir='ltr'>quae</span> <span class='ocrx_word' id='word_1_370' title='bbox 704 2810 779 2832; x_wconf 87' lang='lat' dir='ltr'>nunc</span> <span class='ocrx_word' id='word_1_371' title='bbox 795 2806 877 2833; x_wconf 70' lang='lat' dir='ltr'>inter</span> <span class='ocrx_word' id='word_1_372' title='bbox 902 2812 955 2833; x_wconf 81' lang='lat' dir='ltr'>nos</span> <span class='ocrx_word' id='word_1_373' title='bbox 974 2811 1062 2834; x_wconf 86' lang='lat' dir='ltr'>tanta</span> <span class='ocrx_word' id='word_1_374' title='bbox 1080 2800 1121 2842; x_wconf 75' lang='lat' dir='ltr'>est</span> <span class='ocrx_word' id='word_1_375' title='bbox 1134 2824 1145 2841; x_wconf 92' lang='lat'>,</span> <span class='ocrx_word' id='word_1_376' title='bbox 1170 2808 1204 2834; x_wconf 71' lang='lat' dir='ltr'>in</span> <span class='ocrx_word' id='word_1_377' title='bbox 1215 2816 1252 2834; x_wconf 85' lang='lat' dir='ltr'>a-</span> 
     </span>
     <span class='ocr_line' id='line_1_52' title="bbox 281 2850 1254 2893; baseline -0.001 -8"><span class='ocrx_word' id='word_1_378' title='bbox 281 2853 465 2900; x_wconf 63' lang='lat' dir='ltr'>*trociffimum</span> <span class='ocrx_word' id='word_1_379' title='bbox 476 2850 581 2883; x_wconf 69' lang='lat' dir='ltr'>odium</span> <span class='ocrx_word' id='word_1_380' title='bbox 615 2859 821 2883; x_wconf 80' lang='lat' dir='ltr'>convertetur</span> <span class='ocrx_word' id='word_1_381' title='bbox 849 2855 1052 2893; x_wconf 83' lang='lat' dir='ltr'>Noviquippe</span> <span class='ocrx_word' id='word_1_382' title='bbox 1071 2861 1101 2885; x_wconf 80' lang='lat' dir='ltr'>te</span> <span class='ocrx_word' id='word_1_383' title='bbox 1111 2854 1254 2885; x_wconf 80' lang='lat' dir='ltr'>nonnulla</span> 
     </span>
     <span class='ocr_line' id='line_1_53' title="bbox 288 2899 1256 2944; baseline -0.002 -9"><span class='ocrx_word' id='word_1_384' title='bbox 288 2903 484 2941; x_wconf 57' lang='lat' dir='ltr'>exafflurum,</span> <span class='ocrx_word' id='word_1_385' title='bbox 506 2902 546 2934; x_wconf 66' lang='grc' dir='ltr'>(τ</span> <span class='ocrx_word' id='word_1_386' title='bbox 565 2906 598 2932; x_wconf 80' lang='lat' dir='ltr'>in</span> <span class='ocrx_word' id='word_1_387' title='bbox 619 2899 819 2941; x_wconf 75' lang='lat' dir='ltr'>Ecclefiaflicis</span> <span class='ocrx_word' id='word_1_388' title='bbox 842 2903 949 2942; x_wconf 84' lang='lat' dir='ltr'>tejam</span> <span class='ocrx_word' id='word_1_389' title='bbox 971 2901 1256 2944; x_wconf 83' lang='lat' dir='ltr'>multapraesumere,</span> 
     </span>
     <span class='ocr_line' id='line_1_54' title="bbox 287 2947 1254 2996; baseline 0.001 -12"><span class='ocrx_word' id='word_1_390' title='bbox 287 2964 356 2996; x_wconf 78' lang='lat' dir='ltr'>quae</span> <span class='ocrx_word' id='word_1_391' title='bbox 377 2963 426 2994; x_wconf 87' lang='lat' dir='ltr'>ego</span> <span class='ocrx_word' id='word_1_392' title='bbox 450 2955 549 2982; x_wconf 84' lang='lat' dir='ltr'>animo</span> <span class='ocrx_word' id='word_1_393' title='bbox 562 2947 708 2992; x_wconf 83' lang='lat' dir='ltr'>sustinere</span> <span class='ocrx_word' id='word_1_394' title='bbox 719 2961 776 2983; x_wconf 83' lang='lat' dir='ltr'>non</span> <span class='ocrx_word' id='word_1_395' title='bbox 793 2951 860 2991; x_wconf 78' lang='lat' dir='ltr'>poss</span> <span class='ocrx_word' id='word_1_396' title='bbox 861 2962 908 2982; x_wconf 92' lang='lat' dir='ltr'>m</span> <span class='ocrx_word' id='word_1_397' title='bbox 937 2954 982 2983; x_wconf 85' lang='lat' dir='ltr'>Et</span> <span class='ocrx_word' id='word_1_398' title='bbox 999 2956 1043 2983; x_wconf 82' lang='lat' dir='ltr'>ita</span> <span class='ocrx_word' id='word_1_399' title='bbox 1062 2951 1194 2993; x_wconf 77' lang='lat' dir='ltr'>occasione</span> <span class='ocrx_word' id='word_1_400' title='bbox 1205 2965 1254 2984; x_wconf 87' lang='lat' dir='ltr'>na-</span> 
     </span>
     <span class='ocr_line' id='line_1_55' title="bbox 290 2998 1256 3045; baseline -0.001 -9"><span class='ocrx_word' id='word_1_401' title='bbox 290 3004 339 3036; x_wconf 74' lang='grc' dir='ltr'>έῖα</span> <span class='ocrx_word' id='word_1_402' title='bbox 362 3007 547 3043; x_wconf 69' lang='lat' dir='ltr'>interponent</span> <span class='ocrx_word' id='word_1_403' title='bbox 556 3036 559 3039; x_wconf 45' lang='grc'>,</span> <span class='ocrx_word' id='word_1_404' title='bbox 561 2998 596 3042; x_wconf 83' lang='lat' dir='ltr'>se</span> <span class='ocrx_word' id='word_1_405' title='bbox 612 3001 717 3033; x_wconf 70' lang='lat' dir='ltr'>invidi</span> <span class='ocrx_word' id='word_1_406' title='bbox 734 3023 750 3038; x_wconf 70' lang='lat'>,</span> <span class='ocrx_word' id='word_1_407' title='bbox 776 3006 833 3041; x_wconf 74' lang='lat' dir='ltr'>qui</span> <span class='ocrx_word' id='word_1_408' title='bbox 854 3001 993 3033; x_wconf 73' lang='lat' dir='ltr'>extinc‘la</span> <span class='ocrx_word' id='word_1_409' title='bbox 1014 3008 1127 3044; x_wconf 61' lang='lat' dir='ltr'>,gratia</span> <span class='ocrx_word' id='word_1_410' title='bbox 1154 3010 1256 3045; x_wconf 80' lang='lat' dir='ltr'>perpe-</span> 
     </span>
     <span class='ocr_line' id='line_1_56' title="bbox 291 3048 1255 3097; baseline 0.001 -12"><span class='ocrx_word' id='word_1_411' title='bbox 291 3061 376 3085; x_wconf 77' lang='lat' dir='ltr'>tuum</span> <span class='ocrx_word' id='word_1_412' title='bbox 402 3057 476 3083; x_wconf 83' lang='lat' dir='ltr'>inter</span> <span class='ocrx_word' id='word_1_413' title='bbox 498 3062 547 3082; x_wconf 81' lang='lat' dir='ltr'>nos</span> <span class='ocrx_word' id='word_1_414' title='bbox 557 3051 657 3082; x_wconf 78' lang='lat' dir='ltr'>odmm</span> <span class='ocrx_word' id='word_1_415' title='bbox 672 3048 876 3092; x_wconf 79' lang='lat' dir='ltr'>suscitabunt.</span> <span class='ocrx_word' id='word_1_416' title='bbox 905 3052 938 3084; x_wconf 92' lang='lat' dir='ltr'>O</span> <span class='ocrx_word' id='word_1_417' title='bbox 952 3049 1031 3083; x_wconf 82' lang='lat' dir='ltr'>mira</span> <span class='ocrx_word' id='word_1_418' title='bbox 1052 3051 1110 3084; x_wconf 87' lang='lat' dir='ltr'>viri</span> <span class='ocrx_word' id='word_1_419' title='bbox 1126 3063 1255 3097; x_wconf 85' lang='lat' dir='ltr'>magna·</span> 
     </span>
     <span class='ocr_line' id='line_1_57' title="bbox 286 3100 1259 3145; baseline 0.001 -9"><span class='ocrx_word' id='word_1_420' title='bbox 286 3101 423 3136; x_wconf 79' lang='lat' dir='ltr'>nimitas</span> <span class='ocrx_word' id='word_1_421' title='bbox 446 3125 456 3139; x_wconf 97' lang='lat'>‚</span> <span class='ocrx_word' id='word_1_422' title='bbox 487 3101 644 3133; x_wconf 83' lang='lat' dir='ltr'>Domino</span> <span class='ocrx_word' id='word_1_423' title='bbox 663 3100 721 3133; x_wconf 91' lang='lat' dir='ltr'>suo</span> <span class='ocrx_word' id='word_1_424' title='bbox 742 3100 975 3134; x_wconf 86' lang='lat' dir='ltr'>comminantis</span> <span class='ocrx_word' id='word_1_425' title='bbox 994 3101 1035 3133; x_wconf 88' lang='lat' dir='ltr'>sic</span> <span class='ocrx_word' id='word_1_426' title='bbox 1054 3125 1067 3140; x_wconf 83' lang='lat'>,</span> <span class='ocrx_word' id='word_1_427' title='bbox 1105 3103 1138 3134; x_wconf 89' lang='lat' dir='ltr'>in</span> <span class='ocrx_word' id='word_1_428' title='bbox 1168 3102 1259 3145; x_wconf 85' lang='lat' dir='ltr'>cujus</span> 
     </span>
     <span class='ocr_line' id='line_1_58' title="bbox 291 3148 1259 3188; baseline 0.001 -3"><span class='ocrx_word' id='word_1_429' title='bbox 291 3162 393 3187; x_wconf 86' lang='lat' dir='ltr'>manu</span> <span class='ocrx_word' id='word_1_430' title='bbox 416 3160 484 3184; x_wconf 86' lang='lat' dir='ltr'>erat</span> <span class='ocrx_word' id='word_1_431' title='bbox 505 3149 613 3183; x_wconf 83' lang='lat' dir='ltr'>adhuc</span> <span class='ocrx_word' id='word_1_432' title='bbox 637 3148 798 3183; x_wconf 88' lang='lat' dir='ltr'>honorem</span> <span class='ocrx_word' id='word_1_433' title='bbox 833 3151 982 3184; x_wconf 89' lang='lat' dir='ltr'>conferre</span> <span class='ocrx_word' id='word_1_434' title='bbox 1005 3149 1054 3183; x_wconf 94' lang='lat' dir='ltr'>vel</span> <span class='ocrx_word' id='word_1_435' title='bbox 1086 3151 1228 3186; x_wconf 84' lang='lat' dir='ltr'>adimere</span> <span class='ocrx_word' id='word_1_436' title='bbox 1254 3157 1259 3188; x_wconf 72' lang='grc' dir='ltr'>Ε</span> 
     </span>
     <span class='ocr_line' id='line_1_59' title="bbox 293 3199 1261 3243; baseline -0.001 -7"><span class='ocrx_word' id='word_1_437' title='bbox 293 3205 326 3236; x_wconf 94' lang='grc' dir='ltr'>Ο</span> <span class='ocrx_word' id='word_1_438' title='bbox 348 3202 466 3235; x_wconf 88' lang='lat' dir='ltr'>sincera</span> <span class='ocrx_word' id='word_1_439' title='bbox 485 3201 586 3232; x_wconf 86' lang='lat' dir='ltr'>animi</span> <span class='ocrx_word' id='word_1_440' title='bbox 604 3200 726 3243; x_wconf 64' lang='lat' dir='ltr'>&gt;puritas</span> <span class='ocrx_word' id='word_1_441' title='bbox 756 3211 825 3234; x_wconf 85' lang='lat' dir='ltr'>non</span> <span class='ocrx_word' id='word_1_442' title='bbox 860 3199 1020 3234; x_wconf 85' lang='lat' dir='ltr'>honorem</span> <span class='ocrx_word' id='word_1_443' title='bbox 1052 3200 1224 3236; x_wconf 84' lang='lat' dir='ltr'>ambientis</span> <span class='ocrx_word' id='word_1_444' title='bbox 1251 3228 1261 3243; x_wconf 88' lang='lat'>,</span> 
     </span>
     <span class='ocr_line' id='line_1_60' title="bbox 288 3250 715 3295; baseline -0.007 -11"><span class='ocrx_word' id='word_1_445' title='bbox 288 3262 362 3284; x_wconf 74' lang='lat' dir='ltr'>non</span> <span class='ocrx_word' id='word_1_446' title='bbox 390 3250 566 3295; x_wconf 88' lang='lat' dir='ltr'>respuentis</span> <span class='ocrx_word' id='word_1_447' title='bbox 586 3260 715 3283; x_wconf 90' lang='lat' dir='ltr'>tamen.</span> 
     </span>
     <span class='ocr_line' id='line_1_61' title="bbox 588 3299 1059 3346; baseline 0 -13"><span class='ocrx_word' id='word_1_448' title='bbox 588 3300 609 3343; x_wconf 64' lang='lat' dir='ltr'>‚J</span> <span class='ocrx_word' id='word_1_449' title='bbox 635 3300 668 3333; x_wconf 92' lang='lat' dir='ltr'>O</span> <span class='ocrx_word' id='word_1_450' title='bbox 696 3299 728 3332; x_wconf 90' lang='lat' dir='ltr'>A</span> <span class='ocrx_word' id='word_1_451' title='bbox 754 3299 790 3332; x_wconf 93' lang='lat' dir='ltr'>N</span> <span class='ocrx_word' id='word_1_452' title='bbox 818 3300 852 3334; x_wconf 86' lang='lat' dir='ltr'>N</span> <span class='ocrx_word' id='word_1_453' title='bbox 883 3299 909 3332; x_wconf 88' lang='lat' dir='ltr'>E</span> <span class='ocrx_word' id='word_1_454' title='bbox 937 3301 978 3334; x_wconf 87' lang='lat' dir='ltr'>S.</span> <span class='ocrx_word' id='word_1_455' title='bbox 1057 3344 1059 3346; x_wconf 14' lang='lat' dir='ltr'>q</span> 
     </span>
     <span class='ocr_line' id='line_1_62' title="bbox 345 3346 1262 3394; baseline 0.002 -12"><span class='ocrx_word' id='word_1_456' title='bbox 345 3348 431 3382; x_wconf 86' lang='lat' dir='ltr'>VIR</span> <span class='ocrx_word' id='word_1_457' title='bbox 456 3350 542 3383; x_wconf 87' lang='lat' dir='ltr'>enim</span> <span class='ocrx_word' id='word_1_458' title='bbox 564 3350 868 3394; x_wconf 82' lang='lat' dir='ltr'>experientissimus,</span> <span class='ocrx_word' id='word_1_459' title='bbox 898 3351 931 3383; x_wconf 93' lang='lat'>&amp;</span> <span class='ocrx_word' id='word_1_460' title='bbox 955 3350 1036 3383; x_wconf 88' lang='lat' dir='ltr'>bene</span> <span class='ocrx_word' id='word_1_461' title='bbox 1049 3346 1159 3385; x_wconf 81' lang='lat' dir='ltr'>solitus</span> <span class='ocrx_word' id='word_1_462' title='bbox 1181 3350 1262 3384; x_wconf 90' lang='lat' dir='ltr'>futu·</span> 
     </span>
     <span class='ocr_line' id='line_1_63' title="bbox 292 3398 1262 3443; baseline 0.001 -10"><span class='ocrx_word' id='word_1_463' title='bbox 292 3411 332 3433; x_wconf 65' lang='grc' dir='ltr'>τι</span> <span class='ocrx_word' id='word_1_464' title='bbox 346 3398 459 3432; x_wconf 79' lang='lat' dir='ltr'>metiri</span> <span class='ocrx_word' id='word_1_465' title='bbox 478 3422 487 3436; x_wconf 94' lang='lat'>,</span> <span class='ocrx_word' id='word_1_466' title='bbox 512 3410 606 3432; x_wconf 81' lang='lat' dir='ltr'>tantae</span> <span class='ocrx_word' id='word_1_467' title='bbox 629 3410 708 3434; x_wconf 79' lang='lat' dir='ltr'>curae</span> <span class='ocrx_word' id='word_1_468' title='bbox 731 3400 910 3443; x_wconf 86' lang='lat' dir='ltr'>periculum</span> <span class='ocrx_word' id='word_1_469' title='bbox 935 3400 1007 3433; x_wconf 83' lang='lat' dir='ltr'>satis</span> <span class='ocrx_word' id='word_1_470' title='bbox 1026 3400 1118 3434; x_wconf 72' lang='lat' dir='ltr'>acute</span> <span class='ocrx_word' id='word_1_471' title='bbox 1144 3402 1262 3443; x_wconf 89' lang='lat' dir='ltr'>ponde-</span> 
     </span>
     <span class='ocr_line' id='line_1_64' title="bbox 290 3448 1263 3495; baseline 0.003 -12"><span class='ocrx_word' id='word_1_472' title='bbox 290 3450 403 3489; x_wconf 61' lang='lat' dir='ltr'>uavit,</span> <span class='ocrx_word' id='word_1_473' title='bbox 423 3448 542 3491; x_wconf 73' lang='lat' dir='ltr'>utpote</span> <span class='ocrx_word' id='word_1_474' title='bbox 563 3450 619 3492; x_wconf 86' lang='lat' dir='ltr'>qui</span> <span class='ocrx_word' id='word_1_475' title='bbox 641 3450 746 3494; x_wconf 88' lang='lat' dir='ltr'>longo</span> <span class='ocrx_word' id='word_1_476' title='bbox 761 3451 825 3484; x_wconf 54' lang='lat' dir='ltr'>*usu</span> <span class='ocrx_word' id='word_1_477' title='bbox 849 3449 1029 3492; x_wconf 86' lang='lat' dir='ltr'>didicerat,</span> <span class='ocrx_word' id='word_1_478' title='bbox 1067 3451 1144 3495; x_wconf 86' lang='lat' dir='ltr'>quid</span> <span class='ocrx_word' id='word_1_479' title='bbox 1167 3453 1263 3486; x_wconf 84' lang='lat' dir='ltr'>Sedes</span> 
     </span>
    </p>
   </div>
   <div class='ocr_carea' id='block_1_9' title="bbox 1287 120 1440 170">
    <p class='ocr_par' dir='ltr' id='par_1_12' title="bbox 1287 120 1440 170">
     <span class='ocr_line' id='line_1_65' title="bbox 1287 120 1440 170; baseline 0.007 -1"><span class='ocrx_word' id='word_1_480' title='bbox 1287 120 1440 170; x_wconf 88' lang='lat' dir='ltr'>TA</span> 
     </span>
    </p>
   </div>
   <div class='ocr_carea' id='block_1_10' title="bbox 1280 204 2280 1555">
    <p class='ocr_par' dir='ltr' id='par_1_13' title="bbox 1280 204 2271 695">
     <span class='ocr_line' id='line_1_66' title="bbox 1299 204 2269 251; baseline 0.003 -9.019"><span class='ocrx_word' id='word_1_481' title='bbox 1299 209 1359 244; x_wconf 88' lang='lat' dir='ltr'>illa</span> <span class='ocrx_word' id='word_1_482' title='bbox 1380 209 1517 243; x_wconf 86' lang='lat' dir='ltr'>haberet</span> <span class='ocrx_word' id='word_1_483' title='bbox 1539 207 1673 248; x_wconf 81' lang='lat' dir='ltr'>oneris,</span> <span class='ocrx_word' id='word_1_484' title='bbox 1700 204 1779 251; x_wconf 72' lang='lat' dir='ltr'>quId</span> <span class='ocrx_word' id='word_1_485' title='bbox 1799 204 1953 243; x_wconf 79' lang='lat' dir='ltr'>honoris.</span> <span class='ocrx_word' id='word_1_486' title='bbox 1981 210 2127 246; x_wconf 84' lang='lat' dir='ltr'>Noverat</span> <span class='ocrx_word' id='word_1_487' title='bbox 2145 212 2181 247; x_wconf 89' lang='lat'>&amp;</span> <span class='ocrx_word' id='word_1_488' title='bbox 2201 222 2269 247; x_wconf 87' lang='lat' dir='ltr'>mo·</span> 
     </span>
     <span class='ocr_line' id='line_1_67' title="bbox 1280 257 2272 306; baseline 0.001 -12"><span class='ocrx_word' id='word_1_489' title='bbox 1280 273 1282 275; x_wconf 66' lang='grc'>’</span> <span class='ocrx_word' id='word_1_490' title='bbox 1306 271 1353 294; x_wconf 88' lang='lat' dir='ltr'>res</span> <span class='ocrx_word' id='word_1_491' title='bbox 1375 260 1498 304; x_wconf 89' lang='lat' dir='ltr'>Regis,</span> <span class='ocrx_word' id='word_1_492' title='bbox 1522 258 1558 298; x_wconf 67' lang='lat' dir='ltr'>&lt;Sc</span> <span class='ocrx_word' id='word_1_493' title='bbox 1579 258 1784 294; x_wconf 83' lang='lat' dir='ltr'>officialium</span> <span class='ocrx_word' id='word_1_494' title='bbox 1804 257 1873 299; x_wconf 82' lang='lat' dir='ltr'>ejus</span> <span class='ocrx_word' id='word_1_495' title='bbox 1894 259 2180 302; x_wconf 66' lang='lat' dir='ltr'>improbitatem&amp;</span> <span class='ocrx_word' id='word_1_496' title='bbox 2203 273 2272 306; x_wconf 88' lang='lat' dir='ltr'>per·</span> 
     </span>
     <span class='ocr_line' id='line_1_68' title="bbox 1305 307 2271 350; baseline 0.003 -7"><span class='ocrx_word' id='word_1_497' title='bbox 1305 310 1482 350; x_wconf 86' lang='lat' dir='ltr'>tinaciam‚</span> <span class='ocrx_word' id='word_1_498' title='bbox 1509 310 1545 344; x_wconf 77' lang='grc' dir='ltr'>δε</span> <span class='ocrx_word' id='word_1_499' title='bbox 1568 308 1604 342; x_wconf 90' lang='lat' dir='ltr'>in</span> <span class='ocrx_word' id='word_1_500' title='bbox 1626 309 1728 343; x_wconf 87' lang='lat' dir='ltr'>Curia</span> <span class='ocrx_word' id='word_1_501' title='bbox 1747 307 1801 340; x_wconf 89' lang='lat' dir='ltr'>illa</span> <span class='ocrx_word' id='word_1_502' title='bbox 1822 318 1918 349; x_wconf 86' lang='lat' dir='ltr'>quam</span> <span class='ocrx_word' id='word_1_503' title='bbox 1938 310 2052 344; x_wconf 82' lang='lat' dir='ltr'>efficax</span> <span class='ocrx_word' id='word_1_504' title='bbox 2074 312 2150 347; x_wconf 79' lang='lat' dir='ltr'>esset</span> <span class='ocrx_word' id='word_1_505' title='bbox 2172 312 2271 346; x_wconf 87' lang='lat' dir='ltr'>Dela-</span> 
     </span>
     <span class='ocr_line' id='line_1_69' title="bbox 1304 357 2268 407; baseline 0.003 -14"><span class='ocrx_word' id='word_1_506' title='bbox 1304 370 1411 395; x_wconf 90' lang='lat' dir='ltr'>torum</span> <span class='ocrx_word' id='word_1_507' title='bbox 1431 360 1561 394; x_wconf 86' lang='lat' dir='ltr'>malitia</span> <span class='ocrx_word' id='word_1_508' title='bbox 1581 384 1591 392; x_wconf 84' lang='grc'><strong>.</strong></span> <span class='ocrx_word' id='word_1_509' title='bbox 1624 359 1676 392; x_wconf 88' lang='lat' dir='ltr'>Ex</span> <span class='ocrx_word' id='word_1_510' title='bbox 1698 357 1817 402; x_wconf 90' lang='lat' dir='ltr'>quibus</span> <span class='ocrx_word' id='word_1_511' title='bbox 1835 357 2027 394; x_wconf 79' lang='lat' dir='ltr'>vivaciffime</span> <span class='ocrx_word' id='word_1_512' title='bbox 2052 359 2230 407; x_wconf 83' lang='lat' dir='ltr'>colligebat</span> <span class='ocrx_word' id='word_1_513' title='bbox 2257 386 2268 402; x_wconf 94' lang='lat'>,</span> 
     </span>
     <span class='ocr_line' id='line_1_70' title="bbox 1303 408 2270 456; baseline 0 -12"><span class='ocrx_word' id='word_1_514' title='bbox 1303 412 1377 454; x_wconf 87' lang='lat' dir='ltr'>quia</span> <span class='ocrx_word' id='word_1_515' title='bbox 1396 411 1420 444; x_wconf 81' lang='lat' dir='ltr'>fi</span> <span class='ocrx_word' id='word_1_516' title='bbox 1436 410 1583 444; x_wconf 88' lang='lat' dir='ltr'>oblatum</span> <span class='ocrx_word' id='word_1_517' title='bbox 1596 408 1716 443; x_wconf 84' lang='lat' dir='ltr'>subiret</span> <span class='ocrx_word' id='word_1_518' title='bbox 1737 408 1885 441; x_wconf 79' lang='lat' dir='ltr'>officium</span> <span class='ocrx_word' id='word_1_519' title='bbox 1898 432 1908 448; x_wconf 96' lang='lat'>‚</span> <span class='ocrx_word' id='word_1_520' title='bbox 1934 409 1999 443; x_wconf 90' lang='lat' dir='ltr'>Dei</span> <span class='ocrx_word' id='word_1_521' title='bbox 2025 411 2164 456; x_wconf 85' lang='lat' dir='ltr'>gratiam</span> <span class='ocrx_word' id='word_1_522' title='bbox 2175 412 2270 446; x_wconf 89' lang='lat' dir='ltr'>amis-</span> 
     </span>
     <span class='ocr_line' id='line_1_71' title="bbox 1306 457 2266 503; baseline 0.001 -9"><span class='ocrx_word' id='word_1_523' title='bbox 1306 462 1393 494; x_wconf 88' lang='lat' dir='ltr'>surus</span> <span class='ocrx_word' id='word_1_524' title='bbox 1412 462 1513 500; x_wconf 77' lang='lat' dir='ltr'>esset,</span> <span class='ocrx_word' id='word_1_525' title='bbox 1535 469 1593 494; x_wconf 87' lang='lat' dir='ltr'>aut</span> <span class='ocrx_word' id='word_1_526' title='bbox 1615 458 1718 503; x_wconf 87' lang='lat' dir='ltr'>Regis</span> <span class='ocrx_word' id='word_1_527' title='bbox 1740 483 1747 490; x_wconf 94' lang='lat'>.</span> <span class='ocrx_word' id='word_1_528' title='bbox 1785 457 1867 492; x_wconf 91' lang='lat' dir='ltr'>Non</span> <span class='ocrx_word' id='word_1_529' title='bbox 1889 458 1978 493; x_wconf 85' lang='lat' dir='ltr'>enim</span> <span class='ocrx_word' id='word_1_530' title='bbox 2000 460 2075 495; x_wconf 76' lang='lat' dir='ltr'>Deo</span> <span class='ocrx_word' id='word_1_531' title='bbox 2106 459 2266 496; x_wconf 81' lang='lat' dir='ltr'>adhaerere</span> 
     </span>
     <span class='ocr_line' id='line_1_72' title="bbox 1303 507 2270 556; baseline 0.002 -12"><span class='ocrx_word' id='word_1_532' title='bbox 1303 519 1426 553; x_wconf 84' lang='lat' dir='ltr'>poterat</span> <span class='ocrx_word' id='word_1_533' title='bbox 1445 509 1563 555; x_wconf 68' lang='lat' dir='ltr'>Regiis</span> <span class='ocrx_word' id='word_1_534' title='bbox 1580 509 1727 544; x_wconf 79' lang='lat' dir='ltr'>motibus</span> <span class='ocrx_word' id='word_1_535' title='bbox 1746 507 1950 551; x_wconf 86' lang='lat' dir='ltr'>obsequens,</span> <span class='ocrx_word' id='word_1_536' title='bbox 1973 519 2032 543; x_wconf 81' lang='lat' dir='ltr'>aut</span> <span class='ocrx_word' id='word_1_537' title='bbox 2050 510 2178 556; x_wconf 83' lang='lat' dir='ltr'>Regem</span> <span class='ocrx_word' id='word_1_538' title='bbox 2201 521 2270 545; x_wconf 84' lang='lat' dir='ltr'>uon</span> 
     </span>
     <span class='ocr_line' id='line_1_73' title="bbox 1303 559 2269 606; baseline -0.002 -12"><span class='ocrx_word' id='word_1_539' title='bbox 1303 560 1427 595; x_wconf 60' lang='lat' dir='ltr'>habere&lt;</span> <span class='ocrx_word' id='word_1_540' title='bbox 1443 559 1635 599; x_wconf 86' lang='lat' dir='ltr'>inimicum,</span> <span class='ocrx_word' id='word_1_541' title='bbox 1665 561 1695 593; x_wconf 87' lang='lat' dir='ltr'>ei</span> <span class='ocrx_word' id='word_1_542' title='bbox 1713 560 1904 594; x_wconf 65' lang='lat' dir='ltr'>Sanctorum</span> <span class='ocrx_word' id='word_1_543' title='bbox 1930 560 2093 602; x_wconf 78' lang='lat' dir='ltr'>praeserens</span> <span class='ocrx_word' id='word_1_544' title='bbox 2126 560 2234 606; x_wconf 80' lang='lat' dir='ltr'>Leges</span> <span class='ocrx_word' id='word_1_545' title='bbox 2260 576 2269 592; x_wconf 84' lang='lat'>.-</span> 
     </span>
     <span class='ocr_line' id='line_1_74' title="bbox 1302 609 2160 654; baseline -0.002 -8"><span class='ocrx_word' id='word_1_546' title='bbox 1302 609 1360 646; x_wconf 90' lang='lat' dir='ltr'>Ob</span> <span class='ocrx_word' id='word_1_547' title='bbox 1378 609 1444 646; x_wconf 86' lang='lat' dir='ltr'>hoc</span> <span class='ocrx_word' id='word_1_548' title='bbox 1462 610 1546 654; x_wconf 81' lang='lat' dir='ltr'>quid</span> <span class='ocrx_word' id='word_1_549' title='bbox 1567 609 1674 653; x_wconf 87' lang='lat' dir='ltr'>potius</span> <span class='ocrx_word' id='word_1_550' title='bbox 1696 610 1901 651; x_wconf 87' lang='lat' dir='ltr'>sequeretur,</span> <span class='ocrx_word' id='word_1_551' title='bbox 1928 620 1995 643; x_wconf 89' lang='lat' dir='ltr'>non</span> <span class='ocrx_word' id='word_1_552' title='bbox 2017 610 2160 644; x_wconf 88' lang='lat' dir='ltr'>invenit.</span> 
     </span>
     <span class='ocr_line' id='line_1_75' title="bbox 1499 659 2062 695; baseline -0.002 -1"><span class='ocrx_word' id='word_1_553' title='bbox 1499 661 1537 694; x_wconf 91' lang='lat' dir='ltr'>H</span> <span class='ocrx_word' id='word_1_554' title='bbox 1566 660 1593 693; x_wconf 90' lang='lat' dir='ltr'>E</span> <span class='ocrx_word' id='word_1_555' title='bbox 1623 660 1653 694; x_wconf 88' lang='lat' dir='ltr'>R</span> <span class='ocrx_word' id='word_1_556' title='bbox 1680 660 1696 693; x_wconf 91' lang='lat'>1</span> <span class='ocrx_word' id='word_1_557' title='bbox 1722 659 1750 692; x_wconf 88' lang='grc' dir='ltr'><strong>Β</strong></span> <span class='ocrx_word' id='word_1_558' title='bbox 1779 659 1807 692; x_wconf 90' lang='lat' dir='ltr'><strong>E</strong></span> <span class='ocrx_word' id='word_1_559' title='bbox 1833 660 1865 694; x_wconf 90' lang='lat' dir='ltr'>R</span> <span class='ocrx_word' id='word_1_560' title='bbox 1891 659 1929 692; x_wconf 92' lang='lat' dir='ltr'><strong>T</strong></span> <span class='ocrx_word' id='word_1_561' title='bbox 1956 660 1996 695; x_wconf 92' lang='lat' dir='ltr'>U</span> <span class='ocrx_word' id='word_1_562' title='bbox 2022 661 2062 694; x_wconf 90' lang='grc'><strong>3.</strong></span> 
     </span>
    </p>

    <p class='ocr_par' dir='ltr' id='par_1_14' title="bbox 1299 709 2280 1555">
     <span class='ocr_line' id='line_1_76' title="bbox 1350 709 2274 754; baseline 0.001 -10"><span class='ocrx_word' id='word_1_563' title='bbox 1350 710 1624 750; x_wconf 74' lang='lat' dir='ltr'>CAETERUM</span> <span class='ocrx_word' id='word_1_564' title='bbox 1651 709 1725 743; x_wconf 85' lang='lat' dir='ltr'>Rex</span> <span class='ocrx_word' id='word_1_565' title='bbox 1746 709 1781 742; x_wconf 88' lang='lat' dir='ltr'>in</span> <span class='ocrx_word' id='word_1_566' title='bbox 1803 709 1976 753; x_wconf 86' lang='lat' dir='ltr'>Proposito</span> <span class='ocrx_word' id='word_1_567' title='bbox 1991 711 2049 744; x_wconf 91' lang='lat' dir='ltr'>suo</span> <span class='ocrx_word' id='word_1_568' title='bbox 2070 721 2274 754; x_wconf 75' lang='lat' dir='ltr'>permanenS,</span> 
     </span>
     <span class='ocr_line' id='line_1_77' title="bbox 1304 760 2273 803; baseline -0.001 -8"><span class='ocrx_word' id='word_1_569' title='bbox 1304 773 1382 796; x_wconf 87' lang='lat' dir='ltr'>mox</span> <span class='ocrx_word' id='word_1_570' title='bbox 1409 762 1441 795; x_wconf 91' lang='lat' dir='ltr'>in</span> <span class='ocrx_word' id='word_1_571' title='bbox 1466 761 1529 803; x_wconf 86' lang='lat' dir='ltr'>ipsa</span> <span class='ocrx_word' id='word_1_572' title='bbox 1546 760 1745 795; x_wconf 88' lang='lat' dir='ltr'>Cancellarii</span> <span class='ocrx_word' id='word_1_573' title='bbox 1764 760 1930 802; x_wconf 83' lang='lat' dir='ltr'>ptaesentia</span> <span class='ocrx_word' id='word_1_574' title='bbox 1944 783 1956 800; x_wconf 90' lang='lat'>‚</span> <span class='ocrx_word' id='word_1_575' title='bbox 1981 761 2079 794; x_wconf 89' lang='lat' dir='ltr'>Sacro</span> <span class='ocrx_word' id='word_1_576' title='bbox 2101 760 2273 803; x_wconf 72' lang='lat' dir='ltr'>Metropo·</span> 
     </span>
     <span class='ocr_line' id='line_1_78' title="bbox 1305 810 2274 855; baseline 0 -11"><span class='ocrx_word' id='word_1_577' title='bbox 1305 812 1411 846; x_wconf 82' lang='lat' dir='ltr'>litanae</span> <span class='ocrx_word' id='word_1_578' title='bbox 1434 811 1585 845; x_wconf 83' lang='lat' dir='ltr'>Ecclesiae</span> <span class='ocrx_word' id='word_1_579' title='bbox 1608 811 1821 849; x_wconf 86' lang='lat' dir='ltr'>Conventui,</span> <span class='ocrx_word' id='word_1_580' title='bbox 1846 810 1882 844; x_wconf 79' lang='lat' dir='ltr'>dc</span> <span class='ocrx_word' id='word_1_581' title='bbox 1902 810 2014 855; x_wconf 90' lang='lat' dir='ltr'>Regni</span> <span class='ocrx_word' id='word_1_582' title='bbox 2034 811 2081 844; x_wconf 89' lang='lat' dir='ltr'>sui</span> <span class='ocrx_word' id='word_1_583' title='bbox 2103 810 2204 844; x_wconf 87' lang='lat' dir='ltr'>Clero</span> <span class='ocrx_word' id='word_1_584' title='bbox 2226 811 2274 844; x_wconf 76' lang='lat' dir='ltr'>in-</span> 
     </span>
     <span class='ocr_line' id='line_1_79' title="bbox 1304 860 2274 904; baseline -0.002 -8"><span class='ocrx_word' id='word_1_585' title='bbox 1304 861 1489 896; x_wconf 88' lang='lat' dir='ltr'>timandum</span> <span class='ocrx_word' id='word_1_586' title='bbox 1511 860 1618 895; x_wconf 77' lang='lat' dir='ltr'>sedule</span> <span class='ocrx_word' id='word_1_587' title='bbox 1641 860 1802 903; x_wconf 80' lang='lat' dir='ltr'>injunxit.</span> <span class='ocrx_word' id='word_1_588' title='bbox 1834 860 1875 894; x_wconf 87' lang='lat' dir='ltr'>Et</span> <span class='ocrx_word' id='word_1_589' title='bbox 1897 860 1937 894; x_wconf 85' lang='lat' dir='ltr'>ad</span> <span class='ocrx_word' id='word_1_590' title='bbox 1951 861 2150 895; x_wconf 86' lang='lat' dir='ltr'>unuminter</span> <span class='ocrx_word' id='word_1_591' title='bbox 2169 860 2274 904; x_wconf 85' lang='lat' dir='ltr'>Lega-</span> 
     </span>
     <span class='ocr_line' id='line_1_80' title="bbox 1304 909 2274 956; baseline -0.002 -9"><span class='ocrx_word' id='word_1_592' title='bbox 1304 923 1354 947; x_wconf 88' lang='lat' dir='ltr'>tos</span> <span class='ocrx_word' id='word_1_593' title='bbox 1389 913 1581 955; x_wconf 86' lang='lat' dir='ltr'>praecipuum</span> <span class='ocrx_word' id='word_1_594' title='bbox 1604 910 1781 954; x_wconf 85' lang='lat' dir='ltr'>specialiter</span> <span class='ocrx_word' id='word_1_595' title='bbox 1801 909 1983 945; x_wconf 81' lang='lat' dir='ltr'>sermonem</span> <span class='ocrx_word' id='word_1_596' title='bbox 2012 911 2181 956; x_wconf 82' lang='lat' dir='ltr'>dirigens,</span> <span class='ocrx_word' id='word_1_597' title='bbox 2207 909 2274 945; x_wconf 90' lang='lat' dir='ltr'>Ri-</span> 
     </span>
     <span class='ocr_line' id='line_1_81' title="bbox 1304 959 2275 1003; baseline -0.003 -6"><span class='ocrx_word' id='word_1_598' title='bbox 1304 961 1459 997; x_wconf 88' lang='lat' dir='ltr'>chardum</span> <span class='ocrx_word' id='word_1_599' title='bbox 1479 962 1604 996; x_wconf 83' lang='lat' dir='ltr'>scilicet</span> <span class='ocrx_word' id='word_1_600' title='bbox 1626 962 1667 995; x_wconf 89' lang='lat' dir='ltr'>de</span> <span class='ocrx_word' id='word_1_601' title='bbox 1687 960 1764 994; x_wconf 88' lang='lat' dir='ltr'>Luti</span> <span class='ocrx_word' id='word_1_602' title='bbox 1778 984 1789 999; x_wconf 95' lang='lat'>,</span> <span class='ocrx_word' id='word_1_603' title='bbox 1814 959 1985 1000; x_wconf 76' lang='lat' dir='ltr'>Richarde,</span> <span class='ocrx_word' id='word_1_604' title='bbox 2013 961 2144 1003; x_wconf 88' lang='lat' dir='ltr'>inquit,</span> <span class='ocrx_word' id='word_1_605' title='bbox 2181 971 2275 995; x_wconf 80' lang='lat' dir='ltr'>nonne</span> 
     </span>
     <span class='ocr_line' id='line_1_82' title="bbox 1299 1009 2276 1053; baseline 0.001 -9"><span class='ocrx_word' id='word_1_606' title='bbox 1299 1011 1326 1053; x_wconf 82' lang='grc' dir='ltr'>[ἱ</span> <span class='ocrx_word' id='word_1_607' title='bbox 1342 1021 1472 1045; x_wconf 86' lang='lat' dir='ltr'>mortuus</span> <span class='ocrx_word' id='word_1_608' title='bbox 1487 1014 1620 1053; x_wconf 80' lang='lat' dir='ltr'>jacerem</span> <span class='ocrx_word' id='word_1_609' title='bbox 1642 1017 1678 1043; x_wconf 71' lang='lat' dir='ltr'>in</span> <span class='ocrx_word' id='word_1_610' title='bbox 1698 1011 1865 1051; x_wconf 76' lang='lat' dir='ltr'>sandapila</span> <span class='ocrx_word' id='word_1_611' title='bbox 1885 1012 1937 1044; x_wconf 83' lang='lat' dir='ltr'>vel</span> <span class='ocrx_word' id='word_1_612' title='bbox 1958 1009 2105 1053; x_wconf 81' lang='lat' dir='ltr'>sudario,</span> <span class='ocrx_word' id='word_1_613' title='bbox 2132 1012 2276 1046; x_wconf 74' lang='lat' dir='ltr'>intende·-</span> 
     </span>
     <span class='ocr_line' id='line_1_83' title="bbox 1303 1059 2277 1105; baseline -0.001 -10"><span class='ocrx_word' id='word_1_614' title='bbox 1303 1074 1351 1096; x_wconf 81' lang='lat' dir='ltr'>res</span> <span class='ocrx_word' id='word_1_615' title='bbox 1375 1070 1408 1095; x_wconf 85' lang='lat' dir='ltr'>ut</span> <span class='ocrx_word' id='word_1_616' title='bbox 1424 1067 1638 1105; x_wconf 71' lang='lat' dir='ltr'>primogenitus</span> <span class='ocrx_word' id='word_1_617' title='bbox 1663 1072 1742 1093; x_wconf 85' lang='lat' dir='ltr'>meus</span> <span class='ocrx_word' id='word_1_618' title='bbox 1766 1065 1908 1094; x_wconf 76' lang='lat' dir='ltr'>Hem-icus</span> <span class='ocrx_word' id='word_1_619' title='bbox 1924 1065 1959 1093; x_wconf 74' lang='lat' dir='ltr'>in</span> <span class='ocrx_word' id='word_1_620' title='bbox 1977 1064 2108 1103; x_wconf 84' lang='lat' dir='ltr'>Regnum</span> <span class='ocrx_word' id='word_1_621' title='bbox 2128 1059 2277 1104; x_wconf 77' lang='lat' dir='ltr'>sublima·</span> 
     </span>
     <span class='ocr_line' id='line_1_84' title="bbox 1303 1108 2275 1152; baseline -0.001 -7"><span class='ocrx_word' id='word_1_622' title='bbox 1303 1112 1410 1146; x_wconf 81' lang='lat' dir='ltr'>retur?</span> <span class='ocrx_word' id='word_1_623' title='bbox 1440 1111 1481 1146; x_wconf 89' lang='lat' dir='ltr'>Et</span> <span class='ocrx_word' id='word_1_624' title='bbox 1501 1112 1580 1144; x_wconf 84' lang='lat' dir='ltr'>ille.-</span> <span class='ocrx_word' id='word_1_625' title='bbox 1606 1115 1695 1143; x_wconf 74' lang='lat' dir='ltr'>etiam</span> <span class='ocrx_word' id='word_1_626' title='bbox 1713 1119 1768 1151; x_wconf 85' lang='lat' dir='ltr'>pro</span> <span class='ocrx_word' id='word_1_627' title='bbox 1785 1109 1860 1152; x_wconf 83' lang='lat' dir='ltr'>poffe</span> <span class='ocrx_word' id='word_1_628' title='bbox 1880 1135 1887 1142; x_wconf 91' lang='lat'>.</span> <span class='ocrx_word' id='word_1_629' title='bbox 1931 1108 1973 1143; x_wconf 88' lang='lat' dir='ltr'>Et</span> <span class='ocrx_word' id='word_1_630' title='bbox 1996 1110 2069 1144; x_wconf 85' lang='lat' dir='ltr'>Rex</span> <span class='ocrx_word' id='word_1_631' title='bbox 2094 1110 2141 1144; x_wconf 87' lang='lat' dir='ltr'>illi</span> <span class='ocrx_word' id='word_1_632' title='bbox 2156 1124 2168 1144; x_wconf 92' lang='lat'>.·</span> <span class='ocrx_word' id='word_1_633' title='bbox 2195 1111 2275 1144; x_wconf 63' lang='lat' dir='ltr'>Adeo</span> 
     </span>
     <span class='ocr_line' id='line_1_85' title="bbox 1305 1157 2278 1201; baseline -0.003 -5"><span class='ocrx_word' id='word_1_634' title='bbox 1305 1163 1370 1196; x_wconf 81' lang='lat' dir='ltr'>volo</span> <span class='ocrx_word' id='word_1_635' title='bbox 1389 1171 1423 1196; x_wconf 79' lang='lat' dir='ltr'>ut</span> <span class='ocrx_word' id='word_1_636' title='bbox 1445 1162 1588 1196; x_wconf 72' lang='lat' dir='ltr'>intendas</span> <span class='ocrx_word' id='word_1_637' title='bbox 1608 1161 1650 1192; x_wconf 82' lang='lat' dir='ltr'>ad</span> <span class='ocrx_word' id='word_1_638' title='bbox 1659 1160 1838 1193; x_wconf 62' lang='lat' dir='ltr'>Cancellarii</span> <span class='ocrx_word' id='word_1_639' title='bbox 1847 1164 1880 1191; x_wconf 85' lang='lat' dir='ltr'>in</span> <span class='ocrx_word' id='word_1_640' title='bbox 1900 1161 1973 1193; x_wconf 78' lang='lat' dir='ltr'>Sede</span> <span class='ocrx_word' id='word_1_641' title='bbox 1985 1157 2197 1200; x_wconf 62' lang='lat' dir='ltr'>cantuariensi*</span> <span class='ocrx_word' id='word_1_642' title='bbox 2209 1169 2278 1201; x_wconf 79' lang='lat' dir='ltr'>pro-</span> 
     </span>
     <span class='ocr_line' id='line_1_86' title="bbox 1305 1208 2276 1254; baseline -0.004 -8"><span class='ocrx_word' id='word_1_643' title='bbox 1305 1218 1479 1247; x_wconf 78' lang='lat' dir='ltr'>motionem.</span> <span class='ocrx_word' id='word_1_644' title='bbox 1507 1213 1544 1246; x_wconf 89' lang='lat' dir='ltr'>ln</span> <span class='ocrx_word' id='word_1_645' title='bbox 1568 1222 1635 1254; x_wconf 92' lang='lat' dir='ltr'>quo</span> <span class='ocrx_word' id='word_1_646' title='bbox 1657 1210 1763 1249; x_wconf 73' lang='lat' dir='ltr'>certe,</span> <span class='ocrx_word' id='word_1_647' title='bbox 1791 1210 1870 1243; x_wconf 87' lang='lat' dir='ltr'>ficut</span> <span class='ocrx_word' id='word_1_648' title='bbox 1892 1211 1926 1243; x_wconf 86' lang='lat' dir='ltr'>in</span> <span class='ocrx_word' id='word_1_649' title='bbox 1949 1210 2051 1253; x_wconf 83' lang='lat' dir='ltr'>priori</span> <span class='ocrx_word' id='word_1_650' title='bbox 2076 1208 2276 1244; x_wconf 83' lang='lat' dir='ltr'>Cancellarii</span> 
     </span>
     <span class='ocr_line' id='line_1_87' title="bbox 1304 1256 2279 1307; baseline -0.002 -12"><span class='ocrx_word' id='word_1_651' title='bbox 1304 1261 1584 1307; x_wconf 84' lang='lat' dir='ltr'>magnificentiam</span> <span class='ocrx_word' id='word_1_652' title='bbox 1620 1261 1654 1294; x_wconf 74' lang='grc' dir='ltr'>δε</span> <span class='ocrx_word' id='word_1_653' title='bbox 1674 1261 1775 1294; x_wconf 89' lang='lat' dir='ltr'>animi</span> <span class='ocrx_word' id='word_1_654' title='bbox 1799 1260 1919 1302; x_wconf 78' lang='lat' dir='ltr'>absque</span> <span class='ocrx_word' id='word_1_655' title='bbox 1951 1256 2135 1296; x_wconf 85' lang='lat' dir='ltr'>ambitione</span> <span class='ocrx_word' id='word_1_656' title='bbox 2160 1260 2279 1303; x_wconf 82' lang='lat' dir='ltr'>purita-</span> 
     </span>
     <span class='ocr_line' id='line_1_88' title="bbox 1304 1309 2274 1353; baseline -0.003 -7"><span class='ocrx_word' id='word_1_657' title='bbox 1304 1324 1394 1352; x_wconf 89' lang='lat' dir='ltr'>tem,</span> <span class='ocrx_word' id='word_1_658' title='bbox 1420 1313 1465 1346; x_wconf 89' lang='lat' dir='ltr'>ita</span> <span class='ocrx_word' id='word_1_659' title='bbox 1484 1312 1518 1344; x_wconf 76' lang='grc' dir='ltr'>ὅ(</span> <span class='ocrx_word' id='word_1_660' title='bbox 1541 1311 1573 1344; x_wconf 88' lang='lat' dir='ltr'>in</span> <span class='ocrx_word' id='word_1_661' title='bbox 1596 1309 1660 1344; x_wconf 85' lang='lat' dir='ltr'>hoc</span> <span class='ocrx_word' id='word_1_662' title='bbox 1692 1311 1856 1353; x_wconf 77' lang='lat' dir='ltr'>perspicue</span> <span class='ocrx_word' id='word_1_663' title='bbox 1879 1309 1988 1344; x_wconf 77' lang='lat' dir='ltr'>videre</span> <span class='ocrx_word' id='word_1_664' title='bbox 2020 1309 2175 1353; x_wconf 82' lang='lat' dir='ltr'>poffimus</span> <span class='ocrx_word' id='word_1_665' title='bbox 2197 1321 2274 1344; x_wconf 84' lang='lat' dir='ltr'>con·</span> 
     </span>
     <span class='ocr_line' id='line_1_89' title="bbox 1304 1359 2278 1406; baseline -0.003 -10"><span class='ocrx_word' id='word_1_666' title='bbox 1304 1362 1440 1396; x_wconf 85' lang='lat' dir='ltr'>stantem</span> <span class='ocrx_word' id='word_1_667' title='bbox 1455 1361 1556 1406; x_wconf 87' lang='lat' dir='ltr'>Regis</span> <span class='ocrx_word' id='word_1_668' title='bbox 1566 1361 1727 1406; x_wconf 85' lang='lat' dir='ltr'>gratiam,</span> <span class='ocrx_word' id='word_1_669' title='bbox 1753 1361 1788 1394; x_wconf 76' lang='grc' dir='ltr'>δε</span> <span class='ocrx_word' id='word_1_670' title='bbox 1811 1360 1923 1404; x_wconf 73' lang='lat' dir='ltr'>Regiae</span> <span class='ocrx_word' id='word_1_671' title='bbox 1934 1359 2196 1405; x_wconf 79' lang='lat' dir='ltr'>Magnificentiae</span> <span class='ocrx_word' id='word_1_672' title='bbox 2206 1359 2278 1404; x_wconf 83' lang='lat' dir='ltr'>glo·</span> 
     </span>
     <span class='ocr_line' id='line_1_90' title="bbox 1305 1408 2279 1456; baseline -0.002 -10"><span class='ocrx_word' id='word_1_673' title='bbox 1305 1413 1402 1446; x_wconf 86' lang='lat' dir='ltr'>riam.</span> <span class='ocrx_word' id='word_1_674' title='bbox 1431 1411 1482 1445; x_wconf 84' lang='lat' dir='ltr'>Eo</span> <span class='ocrx_word' id='word_1_675' title='bbox 1503 1411 1597 1456; x_wconf 81' lang='lat' dir='ltr'>ipso,</span> <span class='ocrx_word' id='word_1_676' title='bbox 1624 1411 1657 1444; x_wconf 88' lang='lat' dir='ltr'>ni</span> <span class='ocrx_word' id='word_1_677' title='bbox 1681 1411 1797 1451; x_wconf 88' lang='lat' dir='ltr'>fallor,</span> <span class='ocrx_word' id='word_1_678' title='bbox 1824 1411 2063 1445; x_wconf 70' lang='lat' dir='ltr'>sicut&amp;rerum</span> <span class='ocrx_word' id='word_1_679' title='bbox 2087 1408 2157 1443; x_wconf 65' lang='lat' dir='ltr'>cito</span> <span class='ocrx_word' id='word_1_680' title='bbox 2167 1409 2279 1452; x_wconf 85' lang='lat' dir='ltr'>proba-</span> 
     </span>
     <span class='ocr_line' id='line_1_91' title="bbox 1305 1460 2279 1512; baseline -0.002 -16"><span class='ocrx_word' id='word_1_681' title='bbox 1305 1463 1353 1496; x_wconf 91' lang='lat' dir='ltr'>vit</span> <span class='ocrx_word' id='word_1_682' title='bbox 1376 1461 1503 1502; x_wconf 77' lang='lat' dir='ltr'>exitus,</span> <span class='ocrx_word' id='word_1_683' title='bbox 1530 1461 1570 1495; x_wconf 83' lang='lat' dir='ltr'>ad</span> <span class='ocrx_word' id='word_1_684' title='bbox 1591 1460 1789 1495; x_wconf 86' lang='lat' dir='ltr'>Cancellarii</span> <span class='ocrx_word' id='word_1_685' title='bbox 1805 1460 1851 1494; x_wconf 89' lang='lat' dir='ltr'>sui</span> <span class='ocrx_word' id='word_1_686' title='bbox 1876 1461 2123 1503; x_wconf 83' lang='lat' dir='ltr'>promotionem</span> <span class='ocrx_word' id='word_1_687' title='bbox 2146 1460 2279 1512; x_wconf 61' lang='lat' dir='ltr'>ferveo-7</span> 
     </span>
     <span class='ocr_line' id='line_1_92' title="bbox 1304 1493 2280 1555; baseline -0.002 -9"><span class='ocrx_word' id='word_1_688' title='bbox 1304 1513 1391 1553; x_wconf 90' lang='lat' dir='ltr'>tior,</span> <span class='ocrx_word' id='word_1_689' title='bbox 1417 1511 1485 1554; x_wconf 78' lang='lat' dir='ltr'>qud</span> <span class='ocrx_word' id='word_1_690' title='bbox 1507 1511 1611 1554; x_wconf 89' lang='lat' dir='ltr'>ipsum</span> <span class='ocrx_word' id='word_1_691' title='bbox 1636 1509 1812 1555; x_wconf 86' lang='lat' dir='ltr'>magnifice</span> <span class='ocrx_word' id='word_1_692' title='bbox 1843 1510 1994 1544; x_wconf 90' lang='lat' dir='ltr'>locutum</span> <span class='ocrx_word' id='word_1_693' title='bbox 2017 1510 2061 1545; x_wconf 87' lang='lat' dir='ltr'>fic</span> <span class='ocrx_word' id='word_1_694' title='bbox 2091 1510 2240 1545; x_wconf 82' lang='lat' dir='ltr'>audierat</span> <span class='ocrx_word' id='word_1_695' title='bbox 2260 1493 2280 1552; x_wconf 66' lang='lat'>&#39;5</span> 
     </span>
    </p>
   </div>
   <div class='ocr_carea' id='block_1_11' title="bbox 1276 214 1308 2865">
    <p class='ocr_par' dir='ltr' id='par_1_15' title="bbox 1276 214 1308 2865">
     <span class='ocr_line' id='line_1_93' title="bbox 1279 214 1298 286; baseline 0 0"><span class='ocrx_word' id='word_1_696' title='bbox 1279 214 1298 286; x_wconf 95' lang='lat' dir='ltr'>  </span> 
     </span>
     <span class='ocr_line' id='line_1_94' title="bbox 1278 286 1297 480; baseline 0 -48"><span class='ocrx_word' id='word_1_697' title='bbox 1278 286 1297 480; x_wconf 95' lang='lat' dir='ltr'>   </span> 
     </span>
     <span class='ocr_line' id='line_1_95' title="bbox 1276 483 1297 739; baseline 0 0"><span class='ocrx_word' id='word_1_698' title='bbox 1276 483 1297 739; x_wconf 95' lang='lat' dir='ltr'>    </span> 
     </span>
     <span class='ocr_line' id='line_1_96' title="bbox 1276 824 1296 1025; baseline 0 -99"><span class='ocrx_word' id='word_1_699' title='bbox 1276 824 1296 1025; x_wconf 95' lang='lat' dir='ltr'>    </span> 
     </span>
     <span class='ocr_line' id='line_1_97' title="bbox 1277 1025 1296 1088; baseline 0 0"><span class='ocrx_word' id='word_1_700' title='bbox 1277 1025 1296 1088; x_wconf 95' lang='lat' dir='ltr'>  </span> 
     </span>
     <span class='ocr_line' id='line_1_98' title="bbox 1277 1088 1296 1332; baseline 0 -109"><span class='ocrx_word' id='word_1_701' title='bbox 1277 1088 1296 1332; x_wconf 95' lang='lat' dir='ltr'>    </span> 
     </span>
     <span class='ocr_line' id='line_1_99' title="bbox 1280 1332 1296 1524; baseline 0 -45"><span class='ocrx_word' id='word_1_702' title='bbox 1280 1332 1296 1524; x_wconf 95' lang='lat' dir='ltr'>    </span> 
     </span>
     <span class='ocr_line' id='line_1_100' title="bbox 1280 1524 1297 1626; baseline 0 0"><span class='ocrx_word' id='word_1_703' title='bbox 1280 1524 1297 1626; x_wconf 95' lang='lat' dir='ltr'>  </span> 
     </span>
     <span class='ocr_line' id='line_1_101' title="bbox 1280 1626 1297 1686; baseline 0 2090"><span class='ocrx_word' id='word_1_704' title='bbox 1280 1626 1297 1686; x_wconf 95' lang='lat' dir='ltr'> </span> 
     </span>
     <span class='ocr_line' id='line_1_102' title="bbox 1281 1686 1298 1762; baseline 0 2014"><span class='ocrx_word' id='word_1_705' title='bbox 1281 1686 1298 1762; x_wconf 95' lang='lat' dir='ltr'> </span> 
     </span>
     <span class='ocr_line' id='line_1_103' title="bbox 1283 1762 1298 1817; baseline 0 1959"><span class='ocrx_word' id='word_1_706' title='bbox 1283 1762 1298 1817; x_wconf 95' lang='lat' dir='ltr'> </span> 
     </span>
     <span class='ocr_line' id='line_1_104' title="bbox 1283 1817 1298 1871; baseline 0 1905"><span class='ocrx_word' id='word_1_707' title='bbox 1283 1817 1298 1871; x_wconf 95' lang='lat' dir='ltr'> </span> 
     </span>
     <span class='ocr_line' id='line_1_105' title="bbox 1283 1871 1300 1969; baseline 0 0"><span class='ocrx_word' id='word_1_708' title='bbox 1283 1871 1300 1969; x_wconf 95' lang='lat' dir='ltr'>  </span> 
     </span>
     <span class='ocr_line' id='line_1_106' title="bbox 1283 1969 1300 2022; baseline 0 1754"><span class='ocrx_word' id='word_1_709' title='bbox 1283 1969 1300 2022; x_wconf 95' lang='lat' dir='ltr'> </span> 
     </span>
     <span class='ocr_line' id='line_1_107' title="bbox 1283 2022 1301 2160; baseline 0 -42"><span class='ocrx_word' id='word_1_710' title='bbox 1283 2022 1301 2160; x_wconf 95' lang='lat' dir='ltr'>   </span> 
     </span>
     <span class='ocr_line' id='line_1_108' title="bbox 1280 2160 1301 2224; baseline 0 1552"><span class='ocrx_word' id='word_1_711' title='bbox 1280 2160 1301 2224; x_wconf 95' lang='lat' dir='ltr'> </span> 
     </span>
     <span class='ocr_line' id='line_1_109' title="bbox 1280 2224 1302 2307; baseline 0 -33"><span class='ocrx_word' id='word_1_712' title='bbox 1280 2224 1302 2307; x_wconf 95' lang='lat' dir='ltr'>  </span> 
     </span>
     <span class='ocr_line' id='line_1_110' title="bbox 1282 2307 1304 2528; baseline 0 -114"><span class='ocrx_word' id='word_1_713' title='bbox 1282 2307 1304 2528; x_wconf 95' lang='lat' dir='ltr'>   </span> 
     </span>
     <span class='ocr_line' id='line_1_111' title="bbox 1283 2616 1308 2865; baseline 0 -199"><span class='ocrx_word' id='word_1_714' title='bbox 1283 2616 1308 2865; x_wconf 95' lang='lat' dir='ltr'>     </span> 
     </span>
    </p>
   </div>
   <div class='ocr_carea' id='block_1_12' title="bbox 1251 1560 1955 1604">
    <p class='ocr_par' dir='ltr' id='par_1_16' title="bbox 1251 1560 1955 1604">
     <span class='ocr_line' id='line_1_112' title="bbox 1251 1560 1955 1604; baseline -0.004 -6"><span class='ocrx_word' id='word_1_715' title='bbox 1251 1575 1253 1577; x_wconf 76' lang='grc'><strong>’</strong></span> <span class='ocrx_word' id='word_1_716' title='bbox 1298 1564 1336 1598; x_wconf 87' lang='lat'>&amp;</span> <span class='ocrx_word' id='word_1_717' title='bbox 1351 1561 1420 1604; x_wconf 75' lang='lat' dir='ltr'>quo</span> <span class='ocrx_word' id='word_1_718' title='bbox 1436 1562 1544 1596; x_wconf 88' lang='lat' dir='ltr'>minus</span> <span class='ocrx_word' id='word_1_719' title='bbox 1563 1560 1775 1596; x_wconf 84' lang='lat' dir='ltr'>ambitiosum</span> <span class='ocrx_word' id='word_1_720' title='bbox 1790 1560 1955 1602; x_wconf 86' lang='lat' dir='ltr'>pensabat.</span> 
     </span>
    </p>
   </div>
   <div class='ocr_carea' id='block_1_13' title="bbox 1286 1610 2295 3539">
    <p class='ocr_par' dir='ltr' id='par_1_17' title="bbox 1286 1610 2295 3539">
     <span class='ocr_line' id='line_1_113' title="bbox 1604 1610 1991 1652; baseline -0.003 -8"><span class='ocrx_word' id='word_1_721' title='bbox 1604 1611 1622 1652; x_wconf 83' lang='lat' dir='ltr'>J</span> <span class='ocrx_word' id='word_1_722' title='bbox 1649 1612 1683 1644; x_wconf 89' lang='grc' dir='ltr'>Ο</span> <span class='ocrx_word' id='word_1_723' title='bbox 1714 1611 1743 1643; x_wconf 88' lang='lat' dir='ltr'>A</span> <span class='ocrx_word' id='word_1_724' title='bbox 1772 1610 1806 1643; x_wconf 92' lang='lat' dir='ltr'>N</span> <span class='ocrx_word' id='word_1_725' title='bbox 1834 1610 1869 1643; x_wconf 91' lang='lat' dir='ltr'>N</span> <span class='ocrx_word' id='word_1_726' title='bbox 1898 1610 1926 1643; x_wconf 88' lang='lat' dir='ltr'><strong>E</strong></span> <span class='ocrx_word' id='word_1_727' title='bbox 1951 1612 1991 1645; x_wconf 88' lang='lat' dir='ltr'>S.</span> 
     </span>
     <span class='ocr_line' id='line_1_114' title="bbox 1355 1657 2280 1703; baseline 0.004 -12"><span class='ocrx_word' id='word_1_728' title='bbox 1355 1657 1688 1703; x_wconf 78' lang='lat' dir='ltr'>ALIQUAMDIU</span> <span class='ocrx_word' id='word_1_729' title='bbox 1718 1667 1858 1698; x_wconf 82' lang='lat' dir='ltr'>namque</span> <span class='ocrx_word' id='word_1_730' title='bbox 1871 1658 2002 1701; x_wconf 84' lang='lat' dir='ltr'>Regi&amp;</span> <span class='ocrx_word' id='word_1_731' title='bbox 2023 1658 2094 1692; x_wconf 76' lang='lat' dir='ltr'>aliis</span> <span class='ocrx_word' id='word_1_732' title='bbox 2115 1670 2193 1694; x_wconf 83' lang='lat' dir='ltr'>eum</span> <span class='ocrx_word' id='word_1_733' title='bbox 2208 1669 2280 1702; x_wconf 76' lang='lat' dir='ltr'>pro-</span> 
     </span>
     <span class='ocr_line' id='line_1_115' title="bbox 1305 1705 2279 1743; baseline 0.004 -5"><span class='ocrx_word' id='word_1_734' title='bbox 1305 1716 1434 1738; x_wconf 89' lang='lat' dir='ltr'>movere</span> <span class='ocrx_word' id='word_1_735' title='bbox 1453 1706 1638 1743; x_wconf 63' lang='lat' dir='ltr'>volentibus</span> <span class='ocrx_word' id='word_1_736' title='bbox 1658 1705 1829 1737; x_wconf 68' lang='lat' dir='ltr'>reluctatus</span> <span class='ocrx_word' id='word_1_737' title='bbox 1841 1705 1885 1737; x_wconf 84' lang='lat' dir='ltr'>est</span> <span class='ocrx_word' id='word_1_738' title='bbox 1902 1728 1908 1735; x_wconf 96' lang='lat'>.</span> <span class='ocrx_word' id='word_1_739' title='bbox 1936 1706 1997 1740; x_wconf 87' lang='lat' dir='ltr'>Sed</span> <span class='ocrx_word' id='word_1_740' title='bbox 2015 1707 2130 1742; x_wconf 68' lang='lat' dir='ltr'>elestio</span> <span class='ocrx_word' id='word_1_741' title='bbox 2151 1709 2279 1743; x_wconf 75' lang='lat' dir='ltr'>Divina</span> 
     </span>
     <span class='ocr_line' id='line_1_116' title="bbox 1305 1752 2281 1797; baseline 0.005 -10"><span class='ocrx_word' id='word_1_742' title='bbox 1305 1754 1435 1788; x_wconf 80' lang='lat' dir='ltr'>tantum</span> <span class='ocrx_word' id='word_1_743' title='bbox 1463 1753 1625 1796; x_wconf 73' lang='lat' dir='ltr'>praevaluit</span> <span class='ocrx_word' id='word_1_744' title='bbox 1653 1777 1665 1792; x_wconf 95' lang='lat'>,</span> <span class='ocrx_word' id='word_1_745' title='bbox 1703 1762 1738 1786; x_wconf 89' lang='lat' dir='ltr'>ut</span> <span class='ocrx_word' id='word_1_746' title='bbox 1761 1752 1915 1788; x_wconf 85' lang='lat' dir='ltr'>suadente</span> <span class='ocrx_word' id='word_1_747' title='bbox 1931 1778 1942 1794; x_wconf 91' lang='lat'>,</span> <span class='ocrx_word' id='word_1_748' title='bbox 1968 1754 2002 1788; x_wconf 74' lang='lat' dir='ltr'>dc</span> <span class='ocrx_word' id='word_1_749' title='bbox 2026 1754 2219 1797; x_wconf 70' lang='lat' dir='ltr'>inducente,</span> <span class='ocrx_word' id='word_1_750' title='bbox 2247 1758 2281 1792; x_wconf 75' lang='grc' dir='ltr'>δε</span> 
     </span>
     <span class='ocr_line' id='line_1_117' title="bbox 1306 1801 2281 1848; baseline 0.003 -11"><span class='ocrx_word' id='word_1_751' title='bbox 1306 1803 1462 1837; x_wconf 87' lang='lat' dir='ltr'>instanter</span> <span class='ocrx_word' id='word_1_752' title='bbox 1493 1813 1629 1847; x_wconf 88' lang='lat' dir='ltr'>urgente</span> <span class='ocrx_word' id='word_1_753' title='bbox 1664 1801 1838 1835; x_wconf 86' lang='lat' dir='ltr'>venerabili</span> <span class='ocrx_word' id='word_1_754' title='bbox 1857 1803 1928 1837; x_wconf 87' lang='lat' dir='ltr'>viro</span> <span class='ocrx_word' id='word_1_755' title='bbox 1949 1803 2100 1838; x_wconf 86' lang='lat' dir='ltr'>Henrico</span> <span class='ocrx_word' id='word_1_756' title='bbox 2121 1805 2243 1840; x_wconf 81' lang='lat' dir='ltr'>Pisano</span> <span class='ocrx_word' id='word_1_757' title='bbox 2268 1831 2281 1848; x_wconf 90' lang='lat'>,</span> 
     </span>
     <span class='ocr_line' id='line_1_118' title="bbox 1306 1849 2280 1900; baseline 0.004 -14"><span class='ocrx_word' id='word_1_758' title='bbox 1306 1852 1496 1895; x_wconf 85' lang='lat' dir='ltr'>Presbytero</span> <span class='ocrx_word' id='word_1_759' title='bbox 1516 1851 1709 1892; x_wconf 87' lang='lat' dir='ltr'>Cardinali,</span> <span class='ocrx_word' id='word_1_760' title='bbox 1734 1852 1767 1886; x_wconf 73' lang='grc' dir='ltr'>ἀ</span> <span class='ocrx_word' id='word_1_761' title='bbox 1784 1849 1874 1886; x_wconf 87' lang='lat' dir='ltr'>Sedis</span> <span class='ocrx_word' id='word_1_762' title='bbox 1907 1851 2107 1897; x_wconf 82' lang='lat' dir='ltr'>Apostolicae</span> <span class='ocrx_word' id='word_1_763' title='bbox 2128 1853 2280 1900; x_wconf 83' lang='lat' dir='ltr'>Legato,</span> 
     </span>
     <span class='ocr_line' id='line_1_119' title="bbox 1306 1902 2277 1960; baseline 0.003 -23"><span class='ocrx_word' id='word_1_764' title='bbox 1306 1903 1466 1937; x_wconf 88' lang='lat' dir='ltr'>desiderio</span> <span class='ocrx_word' id='word_1_765' title='bbox 1486 1902 1586 1960; x_wconf 79' lang='lat' dir='ltr'>Regis</span> <span class='ocrx_word' id='word_1_766' title='bbox 1606 1903 1843 1946; x_wconf 82' lang='lat' dir='ltr'>acquiesceret,</span> <span class='ocrx_word' id='word_1_767' title='bbox 1869 1903 2056 1938; x_wconf 88' lang='lat' dir='ltr'>&amp;consiliis</span> <span class='ocrx_word' id='word_1_768' title='bbox 2070 1903 2277 1940; x_wconf 85' lang='lat' dir='ltr'>Amicorum.</span> 
     </span>
     <span class='ocr_line' id='line_1_120' title="bbox 1306 1951 2281 2001; baseline 0.004 -15"><span class='ocrx_word' id='word_1_769' title='bbox 1306 1953 1428 1987; x_wconf 88' lang='lat' dir='ltr'>Maluit</span> <span class='ocrx_word' id='word_1_770' title='bbox 1448 1953 1536 1986; x_wconf 87' lang='lat' dir='ltr'>enim</span> <span class='ocrx_word' id='word_1_771' title='bbox 1559 1951 1731 1995; x_wconf 84' lang='lat' dir='ltr'>periclitari</span> <span class='ocrx_word' id='word_1_772' title='bbox 1754 1953 1840 2001; x_wconf 78' lang='lat' dir='ltr'>apud</span> <span class='ocrx_word' id='word_1_773' title='bbox 1864 1952 2018 1998; x_wconf 87' lang='lat' dir='ltr'>Regem,</span> <span class='ocrx_word' id='word_1_774' title='bbox 2044 1965 2144 1999; x_wconf 86' lang='lat' dir='ltr'>quam</span> <span class='ocrx_word' id='word_1_775' title='bbox 2157 1955 2281 1990; x_wconf 86' lang='lat' dir='ltr'>desola-</span> 
     </span>
     <span class='ocr_line' id='line_1_121' title="bbox 1307 1997 2277 2048; baseline 0.003 -12"><span class='ocrx_word' id='word_1_776' title='bbox 1307 2004 1430 2036; x_wconf 84' lang='lat' dir='ltr'>tionem</span> <span class='ocrx_word' id='word_1_777' title='bbox 1454 2002 1619 2042; x_wconf 84' lang='lat' dir='ltr'>Ecclesiae,</span> <span class='ocrx_word' id='word_1_778' title='bbox 1655 2013 1726 2044; x_wconf 81' lang='lat' dir='ltr'>quae</span> <span class='ocrx_word' id='word_1_779' title='bbox 1748 1997 1859 2036; x_wconf 88' lang='lat' dir='ltr'>multis</span> <span class='ocrx_word' id='word_1_780' title='bbox 1881 2002 2065 2046; x_wconf 88' lang='lat' dir='ltr'>subjacebat</span> <span class='ocrx_word' id='word_1_781' title='bbox 2089 2004 2240 2048; x_wconf 86' lang='lat' dir='ltr'>periculis</span> <span class='ocrx_word' id='word_1_782' title='bbox 2265 2029 2277 2047; x_wconf 88' lang='lat'>,</span> 
     </span>
     <span class='ocr_line' id='line_1_122' title="bbox 1308 2051 2279 2096; baseline 0.005 -11"><span class='ocrx_word' id='word_1_783' title='bbox 1308 2052 1440 2086; x_wconf 79' lang='lat' dir='ltr'>ulterius</span> <span class='ocrx_word' id='word_1_784' title='bbox 1469 2052 1657 2096; x_wconf 87' lang='lat' dir='ltr'>prorogari.-</span> <span class='ocrx_word' id='word_1_785' title='bbox 1685 2051 1854 2086; x_wconf 83' lang='lat' dir='ltr'>firmiter</span> <span class='ocrx_word' id='word_1_786' title='bbox 1843 2063 1879 2085; x_wconf 86' lang='lat' dir='ltr'>m</span> <span class='ocrx_word' id='word_1_787' title='bbox 1901 2055 2017 2089; x_wconf 83' lang='lat' dir='ltr'>animo</span> <span class='ocrx_word' id='word_1_788' title='bbox 2038 2056 2097 2089; x_wconf 85' lang='lat' dir='ltr'>suo</span> <span class='ocrx_word' id='word_1_789' title='bbox 2120 2054 2279 2095; x_wconf 80' lang='lat' dir='ltr'>statuens,</span> 
     </span>
     <span class='ocr_line' id='line_1_123' title="bbox 1307 2099 2282 2145; baseline 0.003 -9"><span class='ocrx_word' id='word_1_790' title='bbox 1307 2112 1361 2136; x_wconf 88' lang='lat' dir='ltr'>aut</span> <span class='ocrx_word' id='word_1_791' title='bbox 1380 2113 1452 2136; x_wconf 89' lang='lat' dir='ltr'>eam</span> <span class='ocrx_word' id='word_1_792' title='bbox 1476 2099 1517 2135; x_wconf 93' lang='lat' dir='ltr'>de</span> <span class='ocrx_word' id='word_1_793' title='bbox 1540 2111 1636 2136; x_wconf 73' lang='lat' dir='ltr'>tantae</span> <span class='ocrx_word' id='word_1_794' title='bbox 1657 2102 1816 2136; x_wconf 89' lang='lat' dir='ltr'>servitutis</span> <span class='ocrx_word' id='word_1_795' title='bbox 1837 2102 1965 2139; x_wconf 86' lang='lat' dir='ltr'>miseria</span> <span class='ocrx_word' id='word_1_796' title='bbox 1986 2104 2145 2145; x_wconf 85' lang='lat' dir='ltr'>liberare,</span> <span class='ocrx_word' id='word_1_797' title='bbox 2161 2115 2227 2141; x_wconf 28' lang='lat' dir='ltr'>Aaut</span> <span class='ocrx_word' id='word_1_798' title='bbox 2238 2105 2282 2139; x_wconf 86' lang='lat' dir='ltr'>ad</span> 
     </span>
     <span class='ocr_line' id='line_1_124' title="bbox 1308 2149 2283 2199; baseline 0.002 -13"><span class='ocrx_word' id='word_1_799' title='bbox 1308 2152 1527 2186; x_wconf 81' lang='lat' dir='ltr'>imitationem</span> <span class='ocrx_word' id='word_1_800' title='bbox 1548 2149 1669 2186; x_wconf 86' lang='lat' dir='ltr'>Christi</span> <span class='ocrx_word' id='word_1_801' title='bbox 1689 2153 1834 2186; x_wconf 89' lang='lat' dir='ltr'>animam</span> <span class='ocrx_word' id='word_1_802' title='bbox 1856 2164 1978 2196; x_wconf 84' lang='lat' dir='ltr'>ponere</span> <span class='ocrx_word' id='word_1_803' title='bbox 1997 2167 2059 2199; x_wconf 78' lang='lat' dir='ltr'>pro</span> <span class='ocrx_word' id='word_1_804' title='bbox 2074 2154 2196 2190; x_wconf 86' lang='lat' dir='ltr'>ovibus</span> <span class='ocrx_word' id='word_1_805' title='bbox 2207 2155 2283 2189; x_wconf 86' lang='lat' dir='ltr'>suis.</span> 
     </span>
     <span class='ocr_line' id='line_1_125' title="bbox 1309 2201 2284 2250; baseline 0.004 -15"><span class='ocrx_word' id='word_1_806' title='bbox 1309 2201 1452 2235; x_wconf 86' lang='lat' dir='ltr'>Potestas</span> <span class='ocrx_word' id='word_1_807' title='bbox 1472 2202 1561 2234; x_wconf 89' lang='lat' dir='ltr'>enim</span> <span class='ocrx_word' id='word_1_808' title='bbox 1584 2201 1736 2245; x_wconf 87' lang='lat' dir='ltr'>publica,</span> <span class='ocrx_word' id='word_1_809' title='bbox 1775 2203 1921 2238; x_wconf 84' lang='lat' dir='ltr'>Eccleliae</span> <span class='ocrx_word' id='word_1_810' title='bbox 1943 2205 2161 2250; x_wconf 75' lang='lat' dir='ltr'>privilegium</span> <span class='ocrx_word' id='word_1_811' title='bbox 2192 2205 2284 2240; x_wconf 75' lang='lat' dir='ltr'>aufe·</span> 
     </span>
     <span class='ocr_line' id='line_1_126' title="bbox 1309 2252 2283 2295; baseline 0.003 -9"><span class='ocrx_word' id='word_1_812' title='bbox 1309 2263 1381 2286; x_wconf 87' lang='lat' dir='ltr'>tens</span> <span class='ocrx_word' id='word_1_813' title='bbox 1394 2276 1404 2291; x_wconf 92' lang='lat'>,</span> <span class='ocrx_word' id='word_1_814' title='bbox 1429 2252 1550 2285; x_wconf 78' lang='lat' dir='ltr'>caussas</span> <span class='ocrx_word' id='word_1_815' title='bbox 1572 2252 1795 2286; x_wconf 82' lang='lat' dir='ltr'>indifferenter</span> <span class='ocrx_word' id='word_1_816' title='bbox 1808 2252 2064 2295; x_wconf 80' lang='lat' dir='ltr'>Ecclesiasticas,</span> <span class='ocrx_word' id='word_1_817' title='bbox 2091 2255 2174 2288; x_wconf 78' lang='lat' dir='ltr'>sicut</span> <span class='ocrx_word' id='word_1_818' title='bbox 2187 2265 2283 2289; x_wconf 81' lang='lat' dir='ltr'>mun·</span> 
     </span>
     <span class='ocr_line' id='line_1_127' title="bbox 1286 2300 2285 2340; baseline 0.006 -5"><span class='ocrx_word' id='word_1_819' title='bbox 1286 2335 1289 2337; x_wconf 86' lang='grc'><strong>,</strong></span> <span class='ocrx_word' id='word_1_820' title='bbox 1309 2302 1429 2339; x_wconf 72' lang='lat' dir='ltr'>(lanas,</span> <span class='ocrx_word' id='word_1_821' title='bbox 1455 2301 1495 2334; x_wconf 90' lang='lat' dir='ltr'>ad</span> <span class='ocrx_word' id='word_1_822' title='bbox 1519 2302 1610 2334; x_wconf 89' lang='lat' dir='ltr'>suum</span> <span class='ocrx_word' id='word_1_823' title='bbox 1626 2300 1799 2335; x_wconf 87' lang='lat' dir='ltr'>revocabat</span> <span class='ocrx_word' id='word_1_824' title='bbox 1819 2313 1978 2337; x_wconf 85' lang='lat' dir='ltr'>examen:</span> <span class='ocrx_word' id='word_1_825' title='bbox 2005 2304 2050 2338; x_wconf 87' lang='lat' dir='ltr'>Et</span> <span class='ocrx_word' id='word_1_826' title='bbox 2065 2304 2285 2340; x_wconf 73' lang='lat' dir='ltr'>conculcaba-</span> 
     </span>
     <span class='ocr_line' id='line_1_128' title="bbox 1309 2350 1932 2393; baseline -0.003 -7"><span class='ocrx_word' id='word_1_827' title='bbox 1309 2363 1361 2386; x_wconf 86' lang='lat' dir='ltr'>tur</span> <span class='ocrx_word' id='word_1_828' title='bbox 1375 2361 1416 2385; x_wconf 85' lang='lat' dir='ltr'>ut</span> <span class='ocrx_word' id='word_1_829' title='bbox 1438 2350 1604 2393; x_wconf 86' lang='lat' dir='ltr'>Populus,</span> <span class='ocrx_word' id='word_1_830' title='bbox 1632 2351 1675 2384; x_wconf 85' lang='lat' dir='ltr'>fic</span> <span class='ocrx_word' id='word_1_831' title='bbox 1698 2351 1730 2384; x_wconf 76' lang='grc' dir='ltr'>δι</span> <span class='ocrx_word' id='word_1_832' title='bbox 1756 2351 1910 2384; x_wconf 84' lang='lat' dir='ltr'>Sacerdos</span> <span class='ocrx_word' id='word_1_833' title='bbox 1925 2376 1932 2383; x_wconf 93' lang='lat'>.</span> 
     </span>
     <span class='ocr_line' id='line_1_129' title="bbox 1511 2396 2075 2438; baseline 0.002 -4"><span class='ocrx_word' id='word_1_834' title='bbox 1511 2400 1547 2434; x_wconf 92' lang='lat' dir='ltr'>H</span> <span class='ocrx_word' id='word_1_835' title='bbox 1575 2401 1602 2433; x_wconf 89' lang='lat' dir='ltr'>E</span> <span class='ocrx_word' id='word_1_836' title='bbox 1633 2400 1663 2434; x_wconf 91' lang='lat' dir='ltr'>R</span> <span class='ocrx_word' id='word_1_837' title='bbox 1691 2399 1705 2432; x_wconf 93' lang='lat'>1</span> <span class='ocrx_word' id='word_1_838' title='bbox 1734 2400 1761 2433; x_wconf 88' lang='grc' dir='ltr'>Β</span> <span class='ocrx_word' id='word_1_839' title='bbox 1789 2400 1816 2433; x_wconf 86' lang='grc' dir='ltr'><strong>Ε</strong></span> <span class='ocrx_word' id='word_1_840' title='bbox 1845 2401 1877 2434; x_wconf 92' lang='lat' dir='ltr'>R</span> <span class='ocrx_word' id='word_1_841' title='bbox 1904 2401 1941 2434; x_wconf 95' lang='lat' dir='ltr'><strong>T</strong></span> <span class='ocrx_word' id='word_1_842' title='bbox 1968 2396 2008 2437; x_wconf 84' lang='lat' dir='ltr'>U</span> <span class='ocrx_word' id='word_1_843' title='bbox 2034 2403 2075 2438; x_wconf 91' lang='grc'><strong>3.</strong></span> 
     </span>
     <span class='ocr_line' id='line_1_130' title="bbox 1361 2449 2282 2497; baseline 0.005 -13"><span class='ocrx_word' id='word_1_844' title='bbox 1361 2449 1738 2485; x_wconf 81' lang='lat' dir='ltr'>CANCELLARIUS</span> <span class='ocrx_word' id='word_1_845' title='bbox 1765 2450 1874 2493; x_wconf 86' lang='lat' dir='ltr'>itaque</span> <span class='ocrx_word' id='word_1_846' title='bbox 1894 2450 1914 2484; x_wconf 75' lang='grc' dir='ltr'>ὲ</span> <span class='ocrx_word' id='word_1_847' title='bbox 1927 2450 2042 2497; x_wconf 87' lang='lat' dir='ltr'>Rege,</span> <span class='ocrx_word' id='word_1_848' title='bbox 2069 2462 2107 2487; x_wconf 93' lang='lat' dir='ltr'>ut</span> <span class='ocrx_word' id='word_1_849' title='bbox 2124 2452 2282 2496; x_wconf 80' lang='lat' dir='ltr'>diximus,</span> 
     </span>
     <span class='ocr_line' id='line_1_131' title="bbox 1286 2499 2282 2549; baseline 0.003 -14"><span class='ocrx_word' id='word_1_850' title='bbox 1286 2505 1289 2507; x_wconf 86' lang='grc'><strong>’</strong></span> <span class='ocrx_word' id='word_1_851' title='bbox 1311 2500 1346 2535; x_wconf 87' lang='lat' dir='ltr'>in</span> <span class='ocrx_word' id='word_1_852' title='bbox 1370 2500 1527 2545; x_wconf 88' lang='lat' dir='ltr'>Angliam</span> <span class='ocrx_word' id='word_1_853' title='bbox 1551 2501 1661 2534; x_wconf 76' lang='lat' dir='ltr'>missus</span> <span class='ocrx_word' id='word_1_854' title='bbox 1685 2499 1754 2543; x_wconf 85' lang='lat' dir='ltr'>post</span> <span class='ocrx_word' id='word_1_855' title='bbox 1775 2510 1895 2542; x_wconf 88' lang='lat' dir='ltr'>paucos</span> <span class='ocrx_word' id='word_1_856' title='bbox 1917 2501 1987 2535; x_wconf 86' lang='lat' dir='ltr'>dies</span> <span class='ocrx_word' id='word_1_857' title='bbox 2010 2501 2045 2536; x_wconf 91' lang='lat' dir='ltr'>in</span> <span class='ocrx_word' id='word_1_858' title='bbox 2062 2502 2282 2549; x_wconf 81' lang='lat' dir='ltr'>Angliamap·</span> 
     </span>
     <span class='ocr_line' id='line_1_132' title="bbox 1311 2550 2282 2594; baseline 0.006 -12"><span class='ocrx_word' id='word_1_859' title='bbox 1311 2551 1444 2594; x_wconf 87' lang='lat' dir='ltr'>plicuit.</span> <span class='ocrx_word' id='word_1_860' title='bbox 1468 2550 1570 2594; x_wconf 87' lang='lat' dir='ltr'>Regis</span> <span class='ocrx_word' id='word_1_861' title='bbox 1589 2561 1697 2585; x_wconf 88' lang='lat' dir='ltr'>autem</span> <span class='ocrx_word' id='word_1_862' title='bbox 1720 2550 1891 2585; x_wconf 85' lang='lat' dir='ltr'>voluntate</span> <span class='ocrx_word' id='word_1_863' title='bbox 1913 2552 1947 2585; x_wconf 71' lang='lat' dir='ltr'>dc</span> <span class='ocrx_word' id='word_1_864' title='bbox 1968 2554 2127 2594; x_wconf 79' lang='lat' dir='ltr'>petitione</span> <span class='ocrx_word' id='word_1_865' title='bbox 2145 2553 2216 2588; x_wconf 76' lang='lat' dir='ltr'>cito</span> <span class='ocrx_word' id='word_1_866' title='bbox 2239 2553 2282 2588; x_wconf 83' lang='lat' dir='ltr'>ad</span> 
     </span>
     <span class='ocr_line' id='line_1_133' title="bbox 1313 2600 2286 2644; baseline 0.006 -11"><span class='ocrx_word' id='word_1_867' title='bbox 1313 2600 1452 2644; x_wconf 86' lang='lat' dir='ltr'>primum</span> <span class='ocrx_word' id='word_1_868' title='bbox 1476 2601 1668 2634; x_wconf 90' lang='lat' dir='ltr'>Cancellarii</span> <span class='ocrx_word' id='word_1_869' title='bbox 1690 2600 1867 2634; x_wconf 88' lang='lat' dir='ltr'>adventurn</span> <span class='ocrx_word' id='word_1_870' title='bbox 1889 2601 1924 2635; x_wconf 91' lang='lat' dir='ltr'>in</span> <span class='ocrx_word' id='word_1_871' title='bbox 1947 2602 2064 2636; x_wconf 62' lang='lat' dir='ltr'>Sancto</span> <span class='ocrx_word' id='word_1_872' title='bbox 2082 2603 2142 2638; x_wconf 83' lang='lat' dir='ltr'>illo</span> <span class='ocrx_word' id='word_1_873' title='bbox 2166 2605 2200 2638; x_wconf 76' lang='grc' dir='ltr'>δε</span> <span class='ocrx_word' id='word_1_874' title='bbox 2219 2605 2286 2639; x_wconf 81' lang='lat' dir='ltr'>Re·</span> 
     </span>
     <span class='ocr_line' id='line_1_134' title="bbox 1314 2650 2295 2695; baseline 0.005 -11"><span class='ocrx_word' id='word_1_875' title='bbox 1314 2651 1433 2695; x_wconf 89' lang='lat' dir='ltr'>ligioso</span> <span class='ocrx_word' id='word_1_876' title='bbox 1454 2651 1574 2685; x_wconf 59' lang='lat' dir='ltr'>Sancta:</span> <span class='ocrx_word' id='word_1_877' title='bbox 1598 2650 1840 2684; x_wconf 74' lang='lat' dir='ltr'>cantuariensis</span> <span class='ocrx_word' id='word_1_878' title='bbox 1863 2651 2009 2687; x_wconf 86' lang='lat' dir='ltr'>Ecclesiae</span> <span class='ocrx_word' id='word_1_879' title='bbox 2034 2653 2295 2695; x_wconf 56' lang='lat' dir='ltr'>Conventu,&amp;&gt;</span> 
     </span>
     <span class='ocr_line' id='line_1_135' title="bbox 1316 2700 2284 2747; baseline 0.003 -12"><span class='ocrx_word' id='word_1_880' title='bbox 1316 2701 1549 2745; x_wconf 87' lang='lat' dir='ltr'>Episcoporum</span> <span class='ocrx_word' id='word_1_881' title='bbox 1572 2700 1764 2744; x_wconf 87' lang='lat' dir='ltr'>quibusdam</span> <span class='ocrx_word' id='word_1_882' title='bbox 1776 2701 1885 2735; x_wconf 88' lang='lat' dir='ltr'>accitis</span> <span class='ocrx_word' id='word_1_883' title='bbox 1896 2702 1988 2745; x_wconf 88' lang='lat' dir='ltr'>super</span> <span class='ocrx_word' id='word_1_884' title='bbox 2002 2703 2199 2741; x_wconf 85' lang='lat' dir='ltr'>Cancellarii</span> <span class='ocrx_word' id='word_1_885' title='bbox 2212 2715 2284 2747; x_wconf 86' lang='lat' dir='ltr'>pro-</span> 
     </span>
     <span class='ocr_line' id='line_1_136' title="bbox 1319 2749 2285 2791; baseline 0.001 -5"><span class='ocrx_word' id='word_1_886' title='bbox 1319 2753 1469 2786; x_wconf 80' lang='lat' dir='ltr'>motione</span> <span class='ocrx_word' id='word_1_887' title='bbox 1492 2749 1675 2790; x_wconf 87' lang='lat' dir='ltr'>declarata,</span> <span class='ocrx_word' id='word_1_888' title='bbox 1701 2762 1803 2790; x_wconf 87' lang='lat' dir='ltr'>mox,</span> <span class='ocrx_word' id='word_1_889' title='bbox 1828 2761 1864 2784; x_wconf 87' lang='lat' dir='ltr'>ut</span> <span class='ocrx_word' id='word_1_890' title='bbox 1890 2752 1993 2791; x_wconf 91' lang='lat' dir='ltr'>solet,</span> <span class='ocrx_word' id='word_1_891' title='bbox 2029 2754 2115 2788; x_wconf 73' lang='lat' dir='ltr'>varia</span> <span class='ocrx_word' id='word_1_892' title='bbox 2140 2752 2285 2788; x_wconf 84' lang='lat' dir='ltr'>diverso-</span> 
     </span>
     <span class='ocr_line' id='line_1_137' title="bbox 1316 2801 2285 2844; baseline 0.004 -10"><span class='ocrx_word' id='word_1_893' title='bbox 1316 2813 1387 2838; x_wconf 90' lang='lat' dir='ltr'>rum</span> <span class='ocrx_word' id='word_1_894' title='bbox 1408 2802 1508 2834; x_wconf 85' lang='lat' dir='ltr'>fertur</span> <span class='ocrx_word' id='word_1_895' title='bbox 1518 2801 1694 2834; x_wconf 87' lang='lat' dir='ltr'>sententia.</span> <span class='ocrx_word' id='word_1_896' title='bbox 1724 2801 1945 2844; x_wconf 83' lang='lat' dir='ltr'>Etpraesertim</span> <span class='ocrx_word' id='word_1_897' title='bbox 1971 2804 2004 2836; x_wconf 91' lang='lat' dir='ltr'>in</span> <span class='ocrx_word' id='word_1_898' title='bbox 2026 2803 2285 2838; x_wconf 86' lang='lat' dir='ltr'>SacroilloMo-</span> 
     </span>
     <span class='ocr_line' id='line_1_138' title="bbox 1318 2850 2288 2896; baseline 0.004 -12"><span class='ocrx_word' id='word_1_899' title='bbox 1318 2850 1497 2885; x_wconf 85' lang='lat' dir='ltr'>nachorum</span> <span class='ocrx_word' id='word_1_900' title='bbox 1520 2850 1696 2885; x_wconf 86' lang='lat' dir='ltr'>Conventu</span> <span class='ocrx_word' id='word_1_901' title='bbox 1710 2875 1719 2890; x_wconf 88' lang='lat'>,</span> <span class='ocrx_word' id='word_1_902' title='bbox 1746 2850 1859 2893; x_wconf 70' lang='lat' dir='ltr'>utpote</span> <span class='ocrx_word' id='word_1_903' title='bbox 1881 2863 1963 2894; x_wconf 84' lang='lat' dir='ltr'>quos</span> <span class='ocrx_word' id='word_1_904' title='bbox 1984 2864 2044 2896; x_wconf 79' lang='lat' dir='ltr'>prae</span> <span class='ocrx_word' id='word_1_905' title='bbox 2065 2854 2184 2888; x_wconf 81' lang='lat' dir='ltr'>caeteris</span> <span class='ocrx_word' id='word_1_906' title='bbox 2204 2865 2288 2888; x_wconf 78' lang='lat' dir='ltr'>=con-</span> 
     </span>
     <span class='ocr_line' id='line_1_139' title="bbox 1317 2900 2287 2946; baseline 0.002 -11"><span class='ocrx_word' id='word_1_907' title='bbox 1317 2902 1463 2946; x_wconf 79' lang='lat' dir='ltr'>tingebat</span> <span class='ocrx_word' id='word_1_908' title='bbox 1484 2901 1673 2944; x_wconf 88' lang='lat' dir='ltr'>negotium.</span> <span class='ocrx_word' id='word_1_909' title='bbox 1700 2900 1924 2936; x_wconf 78' lang='lat' dir='ltr'>Afferentibus</span> <span class='ocrx_word' id='word_1_910' title='bbox 1945 2902 1995 2936; x_wconf 91' lang='lat' dir='ltr'>his</span> <span class='ocrx_word' id='word_1_911' title='bbox 2026 2905 2105 2946; x_wconf 88' lang='lat' dir='ltr'>quia</span> <span class='ocrx_word' id='word_1_912' title='bbox 2124 2902 2194 2938; x_wconf 83' lang='lat' dir='ltr'>hoc</span> <span class='ocrx_word' id='word_1_913' title='bbox 2214 2903 2287 2939; x_wconf 84' lang='lat' dir='ltr'>fieti</span> 
     </span>
     <span class='ocr_line' id='line_1_140' title="bbox 1319 2950 2288 2992; baseline 0.003 -7"><span class='ocrx_word' id='word_1_914' title='bbox 1319 2952 1441 2985; x_wconf 88' lang='lat' dir='ltr'>bonum</span> <span class='ocrx_word' id='word_1_915' title='bbox 1455 2975 1466 2991; x_wconf 93' lang='lat'>,</span> <span class='ocrx_word' id='word_1_916' title='bbox 1492 2951 1562 2984; x_wconf 88' lang='lat' dir='ltr'>aliis</span> <span class='ocrx_word' id='word_1_917' title='bbox 1576 2950 1650 2984; x_wconf 75' lang='grc' dir='ltr'>νεῐό</span> <span class='ocrx_word' id='word_1_918' title='bbox 1667 2950 1684 2984; x_wconf 83' lang='grc' dir='ltr'>ὲ</span> <span class='ocrx_word' id='word_1_919' title='bbox 1704 2960 1838 2992; x_wconf 88' lang='lat' dir='ltr'>contra,</span> <span class='ocrx_word' id='word_1_920' title='bbox 1863 2951 1970 2986; x_wconf 79' lang='lat' dir='ltr'>immo</span> <span class='ocrx_word' id='word_1_921' title='bbox 1988 2954 2132 2988; x_wconf 86' lang='lat' dir='ltr'>malum.</span> <span class='ocrx_word' id='word_1_922' title='bbox 2157 2953 2288 2988; x_wconf 69' lang='lat' dir='ltr'>Hike-</span> 
     </span>
     <span class='ocr_line' id='line_1_141' title="bbox 1318 3000 2289 3048; baseline 0.002 -14"><span class='ocrx_word' id='word_1_923' title='bbox 1318 3003 1367 3047; x_wconf 87' lang='lat' dir='ltr'>gis</span> <span class='ocrx_word' id='word_1_924' title='bbox 1389 3002 1525 3045; x_wconf 89' lang='lat' dir='ltr'>gratiam</span> <span class='ocrx_word' id='word_1_925' title='bbox 1545 3000 1753 3045; x_wconf 85' lang='lat' dir='ltr'>allegabant,</span> <span class='ocrx_word' id='word_1_926' title='bbox 1776 3002 1813 3036; x_wconf 71' lang='grc' dir='ltr'>ὃς</span> <span class='ocrx_word' id='word_1_927' title='bbox 1833 3012 1888 3044; x_wconf 86' lang='lat' dir='ltr'>per</span> <span class='ocrx_word' id='word_1_928' title='bbox 1909 3001 1973 3036; x_wconf 88' lang='lat' dir='ltr'>hoc</span> <span class='ocrx_word' id='word_1_929' title='bbox 1983 3013 2050 3037; x_wconf 89' lang='lat' dir='ltr'>tam</span> <span class='ocrx_word' id='word_1_930' title='bbox 2072 3004 2218 3048; x_wconf 86' lang='lat' dir='ltr'>glorioso</span> <span class='ocrx_word' id='word_1_931' title='bbox 2237 3003 2289 3037; x_wconf 82' lang='lat' dir='ltr'>in-</span> 
     </span>
     <span class='ocr_line' id='line_1_142' title="bbox 1321 3051 2289 3095; baseline 0.002 -10"><span class='ocrx_word' id='word_1_932' title='bbox 1321 3063 1367 3086; x_wconf 82' lang='lat' dir='ltr'>ter</span> <span class='ocrx_word' id='word_1_933' title='bbox 1394 3052 1550 3095; x_wconf 83' lang='lat' dir='ltr'>Regnum</span> <span class='ocrx_word' id='word_1_934' title='bbox 1569 3052 1605 3084; x_wconf 74' lang='grc' dir='ltr'>ἂ</span> <span class='ocrx_word' id='word_1_935' title='bbox 1618 3051 1838 3087; x_wconf 86' lang='lat' dir='ltr'>Sacerdotium</span> <span class='ocrx_word' id='word_1_936' title='bbox 1851 3051 2049 3092; x_wconf 87' lang='lat' dir='ltr'>mediatore,</span> <span class='ocrx_word' id='word_1_937' title='bbox 2075 3054 2223 3088; x_wconf 79' lang='lat' dir='ltr'>Ecclesiae</span> <span class='ocrx_word' id='word_1_938' title='bbox 2233 3053 2289 3087; x_wconf 87' lang='lat' dir='ltr'>de-</span> 
     </span>
     <span class='ocr_line' id='line_1_143' title="bbox 1322 3101 2290 3146; baseline 0.001 -11"><span class='ocrx_word' id='word_1_939' title='bbox 1322 3104 1430 3145; x_wconf 87' lang='lat' dir='ltr'>inceps</span> <span class='ocrx_word' id='word_1_940' title='bbox 1443 3112 1553 3143; x_wconf 87' lang='lat' dir='ltr'>pacem</span> <span class='ocrx_word' id='word_1_941' title='bbox 1574 3101 1712 3134; x_wconf 84' lang='lat' dir='ltr'>futuram</span> <span class='ocrx_word' id='word_1_942' title='bbox 1725 3125 1735 3141; x_wconf 94' lang='lat'>,</span> <span class='ocrx_word' id='word_1_943' title='bbox 1762 3102 1838 3135; x_wconf 88' lang='lat' dir='ltr'>sicut</span> <span class='ocrx_word' id='word_1_944' title='bbox 1860 3102 2022 3141; x_wconf 84' lang='lat' dir='ltr'>securam,</span> <span class='ocrx_word' id='word_1_945' title='bbox 2048 3104 2092 3138; x_wconf 88' lang='lat' dir='ltr'>ita</span> <span class='ocrx_word' id='word_1_946' title='bbox 2107 3103 2145 3137; x_wconf 74' lang='grc' dir='ltr'>ἀ</span> <span class='ocrx_word' id='word_1_947' title='bbox 2158 3103 2290 3146; x_wconf 82' lang='lat' dir='ltr'>prospe-</span> 
     </span>
     <span class='ocr_line' id='line_1_144' title="bbox 1323 3150 2288 3198; baseline 0.001 -13"><span class='ocrx_word' id='word_1_948' title='bbox 1323 3163 1408 3186; x_wconf 88' lang='lat' dir='ltr'>ram.</span> <span class='ocrx_word' id='word_1_949' title='bbox 1433 3150 1505 3183; x_wconf 88' lang='lat' dir='ltr'>Alii</span> <span class='ocrx_word' id='word_1_950' title='bbox 1528 3152 1605 3184; x_wconf 74' lang='lat' dir='ltr'>vero</span> <span class='ocrx_word' id='word_1_951' title='bbox 1625 3151 1642 3183; x_wconf 80' lang='lat' dir='ltr'>e</span> <span class='ocrx_word' id='word_1_952' title='bbox 1658 3150 1784 3184; x_wconf 88' lang='lat' dir='ltr'>diverso</span> <span class='ocrx_word' id='word_1_953' title='bbox 1808 3152 1899 3187; x_wconf 85' lang='lat' dir='ltr'>illam</span> <span class='ocrx_word' id='word_1_954' title='bbox 1923 3154 2025 3198; x_wconf 88' lang='lat' dir='ltr'>Regis</span> <span class='ocrx_word' id='word_1_955' title='bbox 2046 3153 2185 3197; x_wconf 88' lang='lat' dir='ltr'>gratiam</span> <span class='ocrx_word' id='word_1_956' title='bbox 2219 3162 2288 3186; x_wconf 81' lang='lat' dir='ltr'>non</span> 
     </span>
     <span class='ocr_line' id='line_1_145' title="bbox 1325 3198 2290 3245; baseline 0.001 -10"><span class='ocrx_word' id='word_1_957' title='bbox 1325 3199 1547 3245; x_wconf 87' lang='lat' dir='ltr'>profuturam,</span> <span class='ocrx_word' id='word_1_958' title='bbox 1574 3198 1627 3234; x_wconf 90' lang='lat' dir='ltr'>sed</span> <span class='ocrx_word' id='word_1_959' title='bbox 1653 3201 1693 3234; x_wconf 74' lang='lat' dir='ltr'>ed</span> <span class='ocrx_word' id='word_1_960' title='bbox 1726 3202 1793 3243; x_wconf 81' lang='lat' dir='ltr'>ipso</span> <span class='ocrx_word' id='word_1_961' title='bbox 1817 3203 1990 3245; x_wconf 72' lang='lat' dir='ltr'>plurimum</span> <span class='ocrx_word' id='word_1_962' title='bbox 2020 3202 2170 3237; x_wconf 78' lang='lat' dir='ltr'>Ecclesiae</span> <span class='ocrx_word' id='word_1_963' title='bbox 2188 3201 2290 3237; x_wconf 55' lang='lat' dir='ltr'>«obfu-</span> 
     </span>
     <span class='ocr_line' id='line_1_146' title="bbox 1324 3249 2289 3296; baseline 0.002 -12"><span class='ocrx_word' id='word_1_964' title='bbox 1324 3262 1431 3286; x_wconf 87' lang='lat' dir='ltr'>turam</span> <span class='ocrx_word' id='word_1_965' title='bbox 1445 3249 1691 3294; x_wconf 87' lang='lat' dir='ltr'>opponentibus</span> <span class='ocrx_word' id='word_1_966' title='bbox 1704 3275 1711 3288; x_wconf 91' lang='lat'>‚</span> <span class='ocrx_word' id='word_1_967' title='bbox 1739 3251 1780 3283; x_wconf 79' lang='lat' dir='ltr'>eo</span> <span class='ocrx_word' id='word_1_968' title='bbox 1799 3252 1886 3296; x_wconf 75' lang='lat' dir='ltr'>quod</span> <span class='ocrx_word' id='word_1_969' title='bbox 1905 3252 2073 3287; x_wconf 81' lang='lat' dir='ltr'>Officiales</span> <span class='ocrx_word' id='word_1_970' title='bbox 2105 3251 2227 3296; x_wconf 78' lang='lat' dir='ltr'>Regii,</span> <span class='ocrx_word' id='word_1_971' title='bbox 2253 3252 2289 3286; x_wconf 67' lang='grc' dir='ltr'>ὅ(</span> 
     </span>
     <span class='ocr_line' id='line_1_147' title="bbox 1326 3299 2291 3345; baseline 0 -11"><span class='ocrx_word' id='word_1_972' title='bbox 1326 3301 1493 3345; x_wconf 84' lang='lat' dir='ltr'>p&#39;raesertim</span> <span class='ocrx_word' id='word_1_973' title='bbox 1516 3311 1679 3343; x_wconf 88' lang='lat' dir='ltr'>quotquot</span> <span class='ocrx_word' id='word_1_974' title='bbox 1703 3301 1834 3343; x_wconf 76' lang='lat' dir='ltr'>Aulioi,</span> <span class='ocrx_word' id='word_1_975' title='bbox 1859 3301 2045 3343; x_wconf 85' lang='lat' dir='ltr'>Pont&#39;ifice,</span> <span class='ocrx_word' id='word_1_976' title='bbox 2073 3314 2140 3337; x_wconf 89' lang='lat' dir='ltr'>non</span> <span class='ocrx_word' id='word_1_977' title='bbox 2159 3301 2205 3335; x_wconf 78' lang='lat' dir='ltr'>de</span> <span class='ocrx_word' id='word_1_978' title='bbox 2228 3299 2291 3335; x_wconf 84' lang='lat' dir='ltr'>Ec-</span> 
     </span>
     <span class='ocr_line' id='line_1_148' title="bbox 1301 3349 2294 3395; baseline -0.001 -11"><span class='ocrx_word' id='word_1_979' title='bbox 1301 3392 1303 3394; x_wconf 31' lang='lat'>·</span> <span class='ocrx_word' id='word_1_980' title='bbox 1327 3352 1438 3391; x_wconf 81' lang='lat' dir='ltr'>clesia,</span> <span class='ocrx_word' id='word_1_981' title='bbox 1465 3350 1519 3384; x_wconf 89' lang='lat' dir='ltr'>sed</span> <span class='ocrx_word' id='word_1_982' title='bbox 1541 3349 1582 3383; x_wconf 91' lang='lat' dir='ltr'>de</span> <span class='ocrx_word' id='word_1_983' title='bbox 1603 3351 1691 3384; x_wconf 87' lang='lat' dir='ltr'>Aula</span> <span class='ocrx_word' id='word_1_984' title='bbox 1713 3352 1895 3395; x_wconf 83' lang='lat' dir='ltr'>assumpto,</span> <span class='ocrx_word' id='word_1_985' title='bbox 1917 3352 1955 3386; x_wconf 51' lang='grc' dir='ltr'>νἱῐι</span> <span class='ocrx_word' id='word_1_986' title='bbox 1977 3352 2123 3387; x_wconf 81' lang='lat' dir='ltr'>Ecclesia:</span> <span class='ocrx_word' id='word_1_987' title='bbox 2141 3350 2233 3386; x_wconf 76' lang='lat' dir='ltr'>bona</span> <span class='ocrx_word' id='word_1_988' title='bbox 2255 3350 2294 3384; x_wconf 89' lang='lat' dir='ltr'>li-</span> 
     </span>
     <span class='ocr_line' id='line_1_149' title="bbox 1328 3400 2291 3446; baseline -0.002 -11"><span class='ocrx_word' id='word_1_989' title='bbox 1328 3401 1430 3435; x_wconf 74' lang='lat' dir='ltr'>berius</span> <span class='ocrx_word' id='word_1_990' title='bbox 1452 3401 1679 3444; x_wconf 75' lang='lat' dir='ltr'>grassarentur.</span> <span class='ocrx_word' id='word_1_991' title='bbox 1711 3401 1750 3434; x_wconf 86' lang='lat' dir='ltr'>Et</span> <span class='ocrx_word' id='word_1_992' title='bbox 1773 3412 1940 3445; x_wconf 70' lang='lat' dir='ltr'>praeterea,</span> <span class='ocrx_word' id='word_1_993' title='bbox 1971 3400 2069 3446; x_wconf 78' lang='lat' dir='ltr'>-quod</span> <span class='ocrx_word' id='word_1_994' title='bbox 2088 3403 2184 3437; x_wconf 88' lang='lat' dir='ltr'>nimis</span> <span class='ocrx_word' id='word_1_995' title='bbox 2206 3401 2291 3434; x_wconf 87' lang='lat' dir='ltr'>foret</span> 
     </span>
     <span class='ocr_line' id='line_1_150' title="bbox 1320 3450 2293 3499; baseline -0.004 -13"><span class='ocrx_word' id='word_1_996' title='bbox 1320 3452 1508 3490; x_wconf 77' lang='lat' dir='ltr'>absonum,</span> <span class='ocrx_word' id='word_1_997' title='bbox 1532 3450 1669 3486; x_wconf 83' lang='lat' dir='ltr'>&amp;omni</span> <span class='ocrx_word' id='word_1_998' title='bbox 1685 3452 1885 3497; x_wconf 83' lang='lat' dir='ltr'>Divinojuri</span> <span class='ocrx_word' id='word_1_999' title='bbox 1907 3452 2095 3495; x_wconf 83' lang='lat' dir='ltr'>adversum,</span> <span class='ocrx_word' id='word_1_1000' title='bbox 2119 3451 2293 3499; x_wconf 86' lang='lat' dir='ltr'>hominem</span> 
     </span>
     <span class='ocr_line' id='line_1_151' title="bbox 2133 3501 2256 3539; baseline -0.008 -4"><span class='ocrx_word' id='word_1_1001' title='bbox 2133 3501 2256 3539; x_wconf 74' lang='lat' dir='ltr'>milita·</span> 
     </span>
    </p>
   </div>
  </div>
 </body>
</html>
