2358 3776
295 187 310 202 γ
336 138 439 194 aas

683 135 921 181 .ς<,γ,”
967 116 1522 173 EPISTOL·AE

264 203 361 255 nram
371 205 642 260 egoeccotatu‘les
650 195 694 243 ei
732 190 854 250 ritum,
872 213 917 252 ut
944 203 1031 245 nihil
1049 205 1150 242 vobis
1160 204 1214 241 de-
1275 205 1604 250 buscommendetis,
1624 205 1854 247 »ut-‘lissinfinuio
1873 208 2002 253 sumus,
2026 212 2177 249 reducat-n

270 261 374 302 fiterit
394 259 606 307 probabiliter
617 269 703 308 ⁴expe
754 258 876 303 ,dmum
896 267 958 300 pro
974 265 1124 300 ,tempore
1133 282 1145 298 ,
1171 267 1212 291 cx

271 325 343 359 quo
359 313 395 348 in
415 311 491 352 eum
510 309 618 357 spiam}
637 309 840 349 contulimus
854 305 1089 349 patrocinium
1111 318 1171 341 cau
1177 308 1214 342 sae

271 360 408 399 nostrae:
433 361 467 396 δι
477 358 564 406 unde
572 360 676 405 magis
683 359 766 404 grati
777 351 933 399 debemus
945 355 1008 390 effe
1022 356 1189 392 Altiffirno
1200 381 1213 398 ,

271 409 292 446 ὶ
301 410 488 446 domesticis
496 410 530 457 ὃς
538 404 685 454 antiquis
694 405 910 442 familiaribus
920 403 1005 439 nihil
1019 403 1081 441 hac
1091 415 1212 450 ‚tempe-

269 459 353 508 §iate
359 459 559 506 recepimus3
571 459 623 496 sed
634 457 731 496 amici
745 455 845 491 nostri
858 456 891 495 ὃς
902 455 1045 499 proximi
1057 456 1213 492 steterunt

268 506 382 547 contra
393 521 466 551 nos,
476 511 632 554 ponentes
641 517 771 542 carnem
783 505 951 541 brachium
964 505 1069 546 suum,
1083 507 1117 542 ὅ(
1128 517 1212 543 φης,

268 561 344 598 bras
355 561 460 595 lucem
473 582 482 591 .
504 559 558 607 με
568 558 658 601 enim
671 557 712 592 de
722 557 794 592 aliis
805 566 927 591 taceam
939 579 950 597 ,
970 554 1033 599 jam
1046 557 1212 600 quadrien-

264 610 360 646 nium
370 607 454 647 mih-i
463 607 610 645 exulanti
620 607 779 649 elabitur,
813 617 875 641 nec
885 605 921 639 in
935 605 1065 641 ratione
1085 606 1154 640 dati
1177 607 1212 642 ὗε
1264 613 1267 616 “

266 661 390 704 accepti
412 659 511 694 alicui
523 669 654 693 eatenus
665 657 828 702 obligatus
839 658 910 691 sum
923 680 933 697 ,
959 655 1041 700 quin
1053 656 1209 692 omnibus

264 711 303 746 in
313 720 488 751 commune
499 709 680 747 satisfacere
690 709 814 754 possem
824 730 837 749 ,
859 704 1014 752 delegato
1032 707 1081 742 eis
1091 707 1132 743 ad
1145 706 1212 743 sol-

266 762 410 797 sendum
422 761 624 805 pauperrimo
635 758 781 795 debitore
793 783 800 791 .
829 756 903 792 Nec
913 754 978 792 hoc
989 766 1101 793 tamen
1123 757 1213 793 dixeae

266 811 330 846 rim
342 811 382 847 ad
396 810 594 856 arguendam
613 808 883 854 ingratitudinem
904 817 1050 842 veterum
1074 807 1208 842 Amico·

263 870 339 900 aum
356 885 373 908 ,3
394 862 448 897 sed
458 861 501 896 ad
509 859 785 907 magnificandam
796 858 936 903 gratiam
948 858 1034 900 Dei,
1061 859 1120 902 qui
1131 869 1209 893 con-

266 912 360 957 tra&
371 903 463 956 snpra
475 912 589 947 merita
600 921 669 946 mea
680 934 692 951 ‚
718 920 785 944 tam
798 919 851 943 me
862 908 960 953 quam
974 909 1121 953 parvulos
1132 908 1213 952 ejus,

265 961 328 1006 qui
350 973 478 997 mecum
499 963 595 1004 siant,
619 959 807 996 consolatus
827 958 918 994 estin
929 960 1022 994 omni
1033 958 1214 994 tribulatio·

264 1023 309 1048 ne
326 1013 450 1048 nostra.
492 1012 547 1047 Ut
565 1022 674 1046 autem
696 1009 761 1044 haec
780 1008 876 1045 nobis
896 1009 1099 1045 consolatrix
1109 1008 1214 1054 gratia

266 1063 406 1106 propitia
415 1063 594 1105 perseveret
603 1086 615 1103 ,
634 1060 745 1096 vestris
754 1060 787 1097 δε
798 1059 977 1096 ῑιιιὲὶοηιιτι
988 1058 1134 1099 desidero
1147 1068 1216 1103 pre·

265 1110 360 1147 cibus
369 1111 532 1155 adjuvari.
560 1110 800 1157 Cantuaricnfis
811 1110 888 1146 vero
902 1108 1214 1154 Archi-Episcopus,

266 1163 323 1204 qui
337 1162 424 1199 velut
434 1162 516 1198 alter
527 1163 647 1207 Jonas,
674 1170 711 1196 ut
721 1161 866 1196 Ecclesia
887 1159 1041 1195 liberetur
1053 1183 1065 1201 ,
1089 1160 1234 1204 spontv,

265 1223 364 1247 neum
375 1224 418 1247 ex
428 1212 585 1248 charitate
595 1211 801 1258 naufragium
814 1210 892 1249 fecit
901 1235 914 1252 ,
938 1210 1079 1256 gratiam
1093 1233 1104 1250 ,
1114 1219 1212 1254 quam

266 1263 352 1307 apud
364 1263 436 1300 suos
447 1273 606 1298 meruerat
621 1286 633 1303 ,
669 1262 825 1297 Domino
844 1262 985 1295 ducente
1004 1259 1092 1304 apud
1114 1269 1217 1293 extra»

265 1325 345 1348 neos
355 1314 471 1357 reperit
484 1337 495 1354 ,
511 1313 546 1345 ὅ(
557 1313 702 1347 filiorum
713 1320 866 1354 expertus
877 1308 1088 1345 devotionem
1100 1308 1217 1352 ssipen·

266 1362 329 1398 diis
339 1364 403 1398 suis
422 1362 571 1397 Ecclefiae
592 1361 715 1396 militat
739 1359 935 1404 Anglicanae
945 1384 955 1393 .
982 1358 1216 1402 Noveritisqne

263 1425 323 1459 pro
333 1423 424 1448 certo
436 1436 448 1453 ,
475 1412 552 1456 quia
564 1422 619 1455 per
628 1409 883 1446 misericordiam
906 1409 972 1444 Dei
996 1409 1031 1443 in
1050 1408 1139 1444 brevi
1162 1420 1219 1452 pa.

262 1473 366 1500 tenter
377 1461 550 1501 videbitis,
575 1460 665 1504 quod
676 1482 688 1500 .
715 1469 753 1494 ut
770 1458 870 1494 credo
881 1483 892 1499 ,
918 1457 1075 1493 desiderat
1095 1458 1208 1494 anima

266 1513 369 1548 vestra
382 1535 394 1552 ‚
420 1512 638 1554 persecutores
655 1507 777 1543 scilieet
799 1507 952 1543 Ecclesiae
963 1516 1022 1542 aut
1034 1507 1182 1542 converti
1208 1526 1221 1546 ,

263 1573 319 1600 aut
330 1561 463 1604 concuti
476 1585 484 1592 .
510 1559 574 1594 Sed
585 1566 691 1602 cetera
705 1581 716 1597 ,
728 1568 800 1600 quae
808 1556 850 1592 ad
860 1557 951 1592 hunc
958 1556 1131 1592 articulum
1145 1566 1212 1601 per-

262 1613 370 1649 tinent
382 1636 393 1652 ,
421 1611 544 1645 necesse
557 1609 663 1644 habeo
674 1608 823 1652 preterire
836 1631 847 1648 ,
860 1619 903 1642 ne
917 1605 1132 1651 prevaricator
1143 1605 1221 1641 obe-

264 1663 394 1700 dientiae
405 1660 569 1706 publicem
580 1683 592 1700 ‚
611 1658 728 1703 quibus
740 1657 942 1702 pactionibus
952 1658 987 1691 δι
1010 1654 1220 1692 cautionibus

264 1714 402 1750 obtenta
412 1711 473 1744 sint
483 1736 495 1751 ,
520 1721 592 1753 quae
604 1708 638 1740 in
663 1707 880 1750 prejudicium
906 1707 1051 1742 Domini
1074 1707 1220 1742 cantua-

264 1763 421 1802 tiensis&
433 1761 563 1794 suorum
578 1757 596 1790 a
616 1757 770 1791 Domino
795 1755 883 1799 Papa
906 1755 1037 1790 indulta
1061 1758 1125 1791 esse
1134 1756 1223 1799 jasti-

266 1823 340 1853 tant
351 1838 361 1854 ,
390 1810 450 1856 qui
472 1808 652 1844 Ecclesiam
673 1807 908 1850 persequuntur
925 1829 933 1839 .
958 1805 1038 1840 Hoc
1062 1814 1172 1839 autem
1184 1804 1221 1837 li-

263 1873 376 1900 center
386 1862 522 1904 eloquor
531 1883 543 1900 ,
568 1859 603 1894 ὃς
615 1867 726 1891 verum
737 1857 782 1891 est
795 1881 807 1897 ,
831 1856 908 1900 quia
930 1855 954 1889 si
976 1855 1143 1899 pactiones
1155 1854 1222 1889 fne-

265 1917 332 1953 rint
340 1910 525 1955 adimpletae
536 1932 547 1948 ‚
573 1907 747 1951 negotium
757 1904 1000 1941 cantuarienfis
1011 1903 1222 1949 Archi-Epis·

267 1965 345 2010 copi
355 1988 368 2006 ‚
382 1962 416 1998 δι
429 1960 532 1996 totius
544 1956 693 1994 Ecclesiae
702 1954 912 1992 commodius
922 1954 992 2001 geri
1003 1966 1075 1990 non
1086 1954 1199 2000 potuit
1213 1978 1222 1988 .

419 2055 832 2096 EPlsToLA
891 2053 1070 2092 Lxxvu.

313 2170 459 2213 Joannes
470 2157 697 2202 sansberienfir
709 2161 737 2191 R
748 2183 756 2192 .
776 2182 803 2191 ..
814 2181 836 2191 ..
853 2174 885 2192 a.
907 2159 1010 2193 Priori
1019 2158 1154 2192 uoreton
1164 2179 1173 2186 .

317 2256 322 2262 ⁴
372 2264 416 2298 131
445 2262 628 2298 humanum
638 2258 811 2295 consilium
832 2257 965 2298 deficit,
989 2264 1030 2288 ex
1042 2252 1225 2288 necestitate

393 2313 583 2356 confugitur
595 2309 637 2345 ad
650 2309 815 2344 Divinum
826 2330 838 2347 ,
847 2304 952 2349 quod,
964 2313 1002 2339 ut
1014 2303 1148 2346 opinor,
1156 2300 1226 2336 nul-

271 2367 306 2402 la
318 2365 368 2399 via
379 2362 508 2401 facilius
520 2369 578 2395 aut
593 2357 718 2393 felicius
739 2355 907 2391 obtinetur
916 2378 929 2396 ‚
950 2353 1055 2399 ‘quim
1076 2352 1099 2387 si
1111 2351 1224 2387 Amici

273 2417 342 2453 Dei
354 2412 436 2449 illud
450 2409 598 2455 precibus
607 2408 758 2449 studeant
769 2405 921 2444 obtinere
932 2427 945 2446 ‚
965 2402 1059 2449 quod
1067 2401 1164 2446 &ripa
1174 2401 1226 2436 ‘in-

276 2465 463 2512 digentium
473 2457 851 2505 patrocinio'demeretur
863 2480 872 2488 .
895 2455 973 2500 Ego
983 2452 1116 2499 quidem
1126 2450 1227 2487 exulo

276 2517 314 2551 ἀ
325 2512 519 2559 proscriptus
529 2510 600 2543 sum
610 2532 621 2550 ,
631 2508 666 2543 δε
675 2506 765 2552 quod
777 2505 819 2541 ad
831 2503 1007 2541 hominem
1018 2529 1030 2547 ‚
1041 2501 1229 2548 alterutrius

276 2562 508 2611 poenaejustam
517 2560 649 2595 causam
660 2567 730 2592 non
753 2554 856 2590 video
869 2578 882 2596 ,
909 2552 1094 2600 lieetapud
1117 2553 1229 2587 Deum

277 2614 443 2654 acerbiora
453 2622 507 2646 me
516 2608 665 2645 meruisse
673 2605 824 2642 conscius
835 2604 893 2639 ftm
904 2629 912 2638 .
939 2605 986 2641 Et
1003 2603 1137 2650 fortasse
1151 2613 1230 2647 pec-

282 2665 364 2701 catis
375 2662 439 2696 mei
451 2658 662 2704 exigentibus
671 2656 782 2692 evenit
790 2680 802 2698 ,
833 2664 870 2690 ut
879 2653 932 2689 his
943 2655 986 2690 -δι
997 2653 1227 2699 flagellisacer-

279 2711 427 2751 bioribus
438 2711 532 2745 feriar
543 2732 556 2750 ,
581 2708 616 2742 &
636 2715 747 2741 tamen
763 2706 893 2740 causam
914 2703 1121 2750 percnffionis
1136 2702 1229 2750 igno-

280 2774 367 2802 rem.
399 2760 452 2796 Εὸ
461 2769 570 2795 autern
582 2757 688 2801 magis
698 2755 846 2790 timenda
854 2756 929 2790 sunt
939 2754 1059 2798 judicia
1071 2753 1151 2794 Dei,
1163 2751 1230 2798 quo
1262 2782 1267 2784 s

283 2815 327 2852 de
335 2810 511 2849 occultiori
520 2807 642 2852 justitias
651 2806 686 2840 ἀ
697 2804 860 2841 secretiori
872 2805 1000 2840 ratione
1022 2803 1230 2848 proveniunt.

287 2864 348 2901 Est
375 2871 482 2896 autem
504 2869 600 2903 poena
622 2855 744 2900 duplex
753 2879 765 2897 ‚
789 2854 866 2890 cum
888 2854 999 2899 &ipsa
1019 2854 1171 2894 sentitur,
1199 2854 1232 2888 &

288 2913 383 2950 eausa
394 2911 565 2955 ignoratur
576 2933 584 2941 .
607 2906 642 2940 Si
655 2915 764 2941 tamen
777 2904 909 2940 Divina
931 2905 1151 2953 miserationis
1164 2904 1209 2939 est
1221 2927 1232 2943 ,

289 2973 329 3003 ut
339 2973 393 2997 me
403 2971 462 3005 pro
471 2958 590 3003 justitia
602 2956 669 3000 pati
679 2956 759 2990 velit
771 2979 783 2996 ‚
808 2955 1022 3000 gratissimum
1044 2954 1152 2991 habeo
1162 2965 1234 2990 cer-

290 3014 344 3055 te,
370 3006 527 3056 quoniam
539 3008 584 3042 ita
598 3006 736 3041 Amicos
758 3004 852 3040 beare
873 3006 1041 3040 consuevit
1056 3028 1069 3046 ‚
1093 3005 1170 3050 quia
1181 3015 1236 3048 per

291 3063 413 3100 multas
426 3057 652 3095 tribulationes
662 3057 726 3091 itur
737 3054 778 3090 ad
790 3055 946 3099 Regnum
959 3080 966 3087 .
977 3055 1096 3100 Fateor
1109 3066 1161 3090 me
1175 3055 1238 3090 Ec-

294 3112 395 3150 clefiae
405 3110 473 3145 Dei
484 3108 615 3144 servasse
625 3107 725 3142 fidem
736 3130 747 3147 ,
773 3105 808 3139 ἀ
819 3102 1102 3149 Archi-Episcopo
1123 3115 1199 3140 meo
1227 3127 1239 3144 ,

294 3173 333 3198 ut
343 3160 509 3206 oportuit,
536 3157 677 3193 fideliter
686 3153 828 3191 obedisse
837 3179 850 3196 ,
867 3166 928 3189 nec
941 3165 995 3189 me
1011 3179 1024 3196 ,
1036 3156 1111 3189 Deo
1122 3154 1237 3191 autho-

294 3225 330 3249 re
340 3238 351 3254 ,
378 3209 523 3253 unquam
533 3208 658 3242 servatae
668 3206 743 3241 fidei
755 3215 812 3240 aut
822 3203 1023 3247 obedientia·
1036 3203 1209 3248 poenitebit
1229 3227 1237 3235 .

300 3264 402 3307 Spero
412 3269 521 3296 autem
529 3282 541 3299 ‚
568 3254 658 3302 quod
667 3257 702 3291 &
710 3254 1010 3299 Archi-Episcopus
1021 3253 1140 3293 noster,
1154 3254 1240 3287 resto

298 3312 380 3347 calle
388 3320 517 3354 patrum
527 3308 660 3353 sequens
669 3305 804 3350 vestigia
817 3329 829 3345 ,
839 3316 894 3349 per
905 3305 994 3340 viam
1006 3302 1239 3339 Mandatorum

299 3361 370 3396 Dei
380 3362 483 3405 pergit
493 3358 533 3394 ad
545 3358 661 3393 vitam.
686 3355 794 3392 Unde
805 3354 1002 3390 Paternitati
1012 3354 1119 3389 vestrae
1128 3352 1163 3387 &
1172 3353 1242 3388 Do-

300 3409 403 3449 minis
422 3411 456 3443 &
475 3403 638 3458 Fratribus
657 3406 774 3441 nostris
796 3414 919 3449 quanta
931 3403 1241 3449 poffumdevotione

302 3458 475 3505 supplico,
498 3465 809 3506 quatenusagonem
819 3453 965 3501 nostrum
985 3454 1138 3493 Domino
1147 3453 1245 3500 preci·
1279 3499 1281 3501 .
1348 3480 1352 3483 .

1275 255 1431 302 ad'viam5
1459 259 1481 293 si
1495 260 1530 294 in
1540 259 1616 298 via,
1641 259 1729 304 quod
1742 259 2023 306 utiquecredimus
2031 286 2043 303 ‚
2066 264 2176 308 perfici
2201 280 2215 289 -

1277 319 1348 346 mus
1358 332 1370 348 ,
1395 311 1430 347 ἀ
1440 307 1651 354 perducamur
1662 309 1817 344 ad'vitam
1825 334 1833 341 .
1862 309 1958 343 Nihil
1969 310 2056 345 enim
2065 314 2146 348 alius
2158 325 2217 348 no·

1275 357 1324 394 bis
1333 359 1543 397 necessarium
1555 359 1599 395 est
1609 384 1623 401 2
1646 359 1709 394 nisi
1721 370 1757 395 ur
1766 360 1843 395 Deo
1852 360 1981 405 placeat
1991 361 2085 396 eausa
2095 364 2213 400 nostra.

1405 460 1436 495 E
1460 459 1641 509 1²1st
1664 461 1699 496 o
1725 461 1755 496 L
1780 459 1815 497 A
1886 445 2081 496 Lxxvrtt.

1317 560 1459 607 joannes
1469 560 1695 605 Saresberienfis
1708 561 1903 598 Batdevvtno
1914 560 2003 597 Archi
2018 578 2030 590 -
2042 563 2173 596 Maeona
2214 543 2218 546 ’

1664 610 1831 655 Exonienfi
1838 635 1847 646 .

1274 692 1474 795 LICET
1496 712 1516 748 a
1535 713 1648 772 multis
1672 711 1759 748 retro
1769 712 1971 758 temporibus
1989 709 2226 771 dilestionive-

1383 759 1451 796 strae
1461 761 1625 799 obnoxius
1639 773 1751 799 tenear
1760 789 1771 805 ,
1789 774 1899 799 tamen
1912 764 2104 799 sinceritatis
2113 759 2223 797 vestra

1234 842 1238 845 a
1275 821 1344 844 non
1353 819 1419 846 tam
1434 812 1596 857 frequens,
1605 814 1701 859 quam
1712 814 1800 860 jugis
1811 814 2002 850 sollicitudo
2009 812 2224 849 devotionem

1275 871 1380 896 meam
1406 860 1461 896 sibi
1480 863 1586 899 reddit
1607 865 1643 899 in
1655 865 1724 900 dies
1743 864 1859 900 arctius
1882 864 2064 912 obligatam
2077 887 2086 895 -
2109 862 2226 910 Qem

1274 910 1364 946 enim
1378 922 1447 946 non
1459 922 1679 956 promereatur
1701 914 1736 949 in
1758 914 1893 950 adversis
1904 914 2077 960 infatigata
2088 912 2121 947 δι
2132 909 2227 946 inde-

1276 960 1389 996 ficiens
1398 961 1476 997 fides
1489 964 1506 996 ἒ
1533 963 1637 1008 Cujus
1647 965 1756 1008 pestus
1769 975 1838 999 non
1849 964 2022 1000 succendat
2044 963 2080 998 dt
2094 960 2227 997 inflam-

1276 1020 1344 1045 met
1365 1010 1401 1045 in
1411 1012 1563 1056 periculis
1582 1014 1616 1049 δε
1635 1013 1835 1049 conflatorio
1855 1014 2076 1050 tentationum
2085 1011 2228 1047 charitas

1275 1061 1461 1106 incorrupta
1470 1084 1482 1102 ,
1505 1063 1653 1099 officiosa
1664 1087 1677 1106 ,
1714 1064 1749 1098 ἀ
1770 1063 2012 1107 supereminens
2031 1063 2049 1095 ἔ
2073 1060 2177 1108 Quod
2189 1060 2230 1095 ira

1277 1111 1372 1147 vobis
1383 1111 1581 1148 commendo
1590 1137 1602 1155 ,
1623 1114 1657 1147 in
1670 1123 1723 1147 me
1734 1122 1883 1157 expertus
1892 1113 1964 1147 sum
1976 1135 1989 1153 ,
2014 1111 2068 1146 sed
2082 1111 2119 1145 in
2129 1111 2233 1146 stane

1277 1172 1353 1196 meo
1365 1162 1471 1207 magis
1480 1162 1632 1207 experior
1645 1188 1653 1195 .
1679 1163 1771 1199 Nam
1791 1163 1910 1199 sortem
1933 1162 2002 1205 ejus
2026 1169 2099 1196 mea
2111 1164 2232 1204 reputo

1277 1211 1442 1246 duriorem
1455 1236 1467 1252 ‚
1493 1213 1550 1247 nili
1573 1212 1664 1257 quod
1685 1224 1756 1248 mea
1777 1213 1812 1248 ἀ
1833 1211 1926 1248 illius
1936 1223 1979 1247 ex
1989 1212 2103 1246 animo
2113 1207 2234 1250 omnia

1278 1263 1351 1296 sunt
1361 1263 1564 1303 communia,
1581 1264 1616 1298 ἃ.
1628 1262 1670 1296 sic
1681 1261 1795 1298 eadem
1817 1263 1969 1297 conditio
1992 1261 2037 1295 est
2049 1285 2057 1294 .
2084 1256 2233 1295 Gravius

1278 1321 1387 1346 tamen
1400 1312 1512 1346 exulat
1524 1312 1582 1354 qui
1593 1312 1685 1347 domi
1695 1313 1807 1347 exulat
1819 1336 1827 1346 .
1854 1311 2045 1347 sicutenim
2070 1310 2106 1344 in
2118 1308 2232 1343 civita-

1277 1371 1310 1396 te
1321 1362 1375 1396 sna
1387 1359 1504 1398 florere
1515 1361 1695 1408 gloriosum
1707 1362 1753 1397 est
1765 1386 1777 1403 ,
1802 1362 1837 1397 ἀ
1865 1361 2048 1405 jucundum
2061 1356 2234 1395 nobilitari

1279 1412 1313 1445 in
1325 1409 1433 1446 Patria
1442 1436 1452 1452 ‚
1480 1411 1526 1446 ita
1537 1412 1626 1455 apud
1638 1412 1712 1447 suos
1721 1422 1816 1456 egere
1826 1422 1882 1446 aut
1898 1412 2050 1449 vilescere
2060 1408 2236 1446 calamita«

1279 1462 1351 1495 sum
1361 1459 1408 1494 est
1418 1484 1425 1491 .
1451 1459 1597 1494 Minoris
1609 1471 1749 1503 namque
1759 1459 1987 1494 erubescentiae
2011 1460 2058 1495 est
2081 1458 2166 1503 apud
2178 1467 2236 1494 ex·

1280 1520 1408 1545 traneos
1433 1509 1618 1544 mendicare
1632 1534 1640 1543 .
1667 1509 1862 1544 Nonnullus
1894 1519 2007 1549 dautem
2029 1532 2042 1550 ‚
2068 1507 2174 1542 immo
2198 1507 2235 1543 &

1280 1559 1404 1594 multus
1424 1558 1470 1594 est
1494 1560 1569 1594 usus
1590 1558 1790 1595 adversitatis
1803 1558 1898 1602 hujus
1910 1559 2039 1604 utrique
2048 1556 2196 1594 nostrum
2220 1579 2236 1599 ,

1282 1620 1337 1655 per
1349 1620 1447 1653 quam
1457 1609 1491 1643 ἀ
1500 1619 1562 1643 nos
1584 1608 1701 1652 nobis,
1727 1609 1761 1644 ἃ.
1785 1609 1929 1646 mundus
1950 1605 2236 1645 etiamfflelinse:

1281 1658 1476 1695 familiarius
1488 1659 1667 1694 innotescit
1677 1683 1685 1692 .
1702 1659 1861 1694 Tandem
1870 1659 1960 1694 enim
1975 1653 2235 1700 discimus,quod

1281 1709 1299 1743 ὲ
1311 1708 1424 1743 multis
1448 1708 1652 1754 temporibus
1674 1708 1880 1745 audieramus
1891 1733 1903 1751 ‚
1939 1709 1974 1744 δι
1995 1707 2148 1751 scriptum
2158 1703 2238 1743 estu}

1282 1759 1406 1794 sarculis
1415 1759 1529 1794 multis
1541 1772 1551 1792 ε
1577 1760 1656 1803 quia
1669 1759 1876 1804 inprosperis
1888 1758 2026 1793 Amicus
2050 1768 2120 1792 non
2139 1765 2239 1800 appa-g

1280 1817 1346 1849 ret,
1382 1808 1416 1842 δε
1439 1807 1474 1841 in
1485 1807 1622 1843 adversis
1633 1818 1703 1843 non
1715 1809 1796 1842 latet
1810 1808 1991 1845 inimicus..
2010 1807 2128 1852 Ergo,
2149 1804 2237 1840 ‘dile-

1280 1857 1413 1893 &iffime
1426 1881 1438 1898 ,
1456 1858 1493 1892 in
1515 1856 1658 1902 procella
1679 1857 1819 1893 turbinis
1848 1855 1943 1901 hujus
1962 1857 2085 1891 larvam
2096 1855 2236 1900 quisque

1281 1908 1433 1952 deposuit
1443 1918 1541 1951 quam
1551 1907 1699 1943 induerat
1707 1929 1719 1947 ,
1743 1908 1776 1943 δε
1786 1907 1920 1943 fallaces
1931 1906 2074 1950 abstersit
2084 1903 2236 1946 suem&

1280 1958 1375 1997 sirum
1385 1955 1527 1993 ostendit
1540 1957 1670 1993 vultum
1678 1956 1768 1998 psaeie
1787 1957 1930 1993 revelata
1940 1981 1948 1990 .
1978 1955 2089 1992 Unde
2111 1955 2189 1998 quia
2199 1953 2238 1990 ὃν,

1281 2006 1338 2042 dei
1348 2007 1383 2042 dt
1392 2005 1562 2042 charitatis
1574 2005 1683 2041 vestrae
1695 2003 1814 2042 faciem
1823 2029 1836 2047 ,
1858 2006 1894 2040 in
1908 2005 2016 2042 nostra
2027 2017 2097 2051 quae
2109 2004 2239 2040 videtur

1284 2055 1498 2094 tribulatione
1511 2080 1522 2096 ‚
1531 2055 1671 2091 eandem
1683 2054 1816 2099 quidem
1828 2055 2016 2091 cet-unimus
2026 2080 2039 2098 ‚
2056 2054 2111 2091 sed
2124 2055 2238 2098 ntique

1285 2106 1456 2142 clariorem
1467 2106 1500 2141 &
1515 2105 1726 2141 illustriorem
1737 2129 1749 2148 ‚
1759 2115 1832 2141 eam
1844 2105 1914 2149 jure
1925 2106 1960 2140 dc
1969 2105 2087 2141 merito
2097 2103 2239 2148 amplius

1286 2156 1502 2200 approbamus
1513 2180 1524 2196 ,
1536 2156 1570 2190 &
1581 2165 1618 2190 ut
1630 2157 1661 2190 ei
1674 2154 1844 2201 condigne
1854 2154 2085 2199 respondeatur
2094 2153 2114 2188 ὲ
2127 2153 2240 2195 uobis,

1285 2206 1404 2244 crebris
1426 2206 1566 2251 suspiriis
1585 2215 1737 2250 optamus
1753 2206 1790 2241 ἃ.
1812 2205 1963 2240 maximo
1982 2204 2143 2240 desiderio
2154 2228 2163 2237 .
2191 2203 2240 2239 Et

1285 2256 1421 2300 quidem
1441 2256 1574 2292 interim
1592 2256 1827 2300 respondemus
1848 2255 1963 2292 affeetu
1973 2279 1982 2287 .
2011 2253 2105 2290 Deus
2126 2258 2240 2291 auten

1285 2305 1426 2341 charitas
1437 2307 1547 2342 vestra
1556 2304 1714 2342 charitati
1727 2304 1960 2353 proculdubio
1970 2303 2177 2350 respondebit
2188 2303 2243 2339 ef·

1288 2357 1372 2391 festu
1383 2380 1395 2397 ‚
1421 2364 1479 2397 ut,
1507 2355 1599 2398 juxta
1609 2355 1701 2399 quod
1715 2355 1862 2400 promisit
1873 2379 1883 2395 ,
1902 2357 2088 2390 mensuram
2103 2353 2240 2396 bonam,

1289 2406 1325 2446 ἀ,
1334 2404 1535 2451 coagitatam
1546 2429 1558 2446 ,
1577 2405 1612 2439 δε
1631 2405 1914 2447 supereffluentem
1924 2404 2072 2439 effundat
2085 2405 2121 2437 in
2132 2404 2241 2441 sinum

1290 2455 1431 2492 vestrum
1441 2480 1449 2488 .
1467 2455 1506 2490 In
1517 2465 1580 2500 qua
1593 2463 1704 2489 aurem
1715 2451 1908 2488 conditione
1921 2454 2062 2488 versetur
2073 2453 2171 2488 causa
2183 2462 2243 2487 no·-

1289 2505 1351 2541 stra
1363 2531 1374 2549 ,
1400 2505 1567 2550 Episcopo
1580 2503 1685 2548 scripsi
1698 2515 1706 2536 ε
1730 2503 1765 2540 3:
1778 2503 1901 2538 exinde
1912 2514 1984 2546 quae
1995 2503 2080 2538 circa
2093 2512 2154 2538 nos
2165 2503 2240 2542 sint.

1289 2555 1382 2592 vobis
1388 2554 1728 2600 pleniusinnotescent
1740 2579 1748 2586 .
1757 2553 1879 2589 Precor
1890 2553 2003 2596 itaque
2014 2575 2026 2593 ,
2052 2561 2089 2587 ut
2100 2551 2238 2597 persegne

1290 2608 1459 2643 nationem
1472 2605 1616 2640 nostram
1629 2602 1740 2640 vestris
1750 2603 1786 2638 dc
1797 2603 1995 2642 sanctorum,
2007 2603 2063 2646 qui
2082 2599 2170 2646 apud
2182 2610 2245 2636 vos

1290 2658 1365 2699 sunt
1378 2681 1391 2699 ,
1413 2654 1621 2691 orationibus
1631 2651 1790 2697 adjuvetis
1801 2677 1814 2694 ,
1832 2663 1874 2687 ne
1885 2651 2016 2687 deficiat
2027 2650 2105 2691 fides
2118 2651 2241 2693 nostra,

1290 2718 1308 2743 a
1339 2706 1340 2709 ’
1357 2705 1482 2750 aliquid
1494 2705 1654 2740 faciamus
1661 2703 1700 2738 ad
1711 2703 1878 2738 turbinem
1889 2700 1986 2745 hujus
1996 2701 2149 2745 procella
2159 2711 2242 2742 ,un-

1314 2769 1333 2793 e
1343 2757 1514 2792 Dominus
1523 2752 1731 2796 offendam-3
1756 2752 1810 2787 sed
1831 2751 1920 2795 quod
1942 2753 2036 2787 suum
2049 2751 2114 2791 est,
2140 2752 2242 2787 faciat

1292 2819 1371 2844 cum
1392 2804 1697 2849 tentatione,fetiam
1718 2811 1926 2848 proventum.
1960 2801 2004 2836 Et
2028 2801 2163 2844 quidem
2173 2801 2241 2844 jam

1293 2858 1392 2902 coepit
1402 2882 1414 2900 ,
1439 2855 1516 2902 quia
1532 2864 1565 2890 et
1577 2853 1790 2889 devotionem
1812 2851 1958 2887 contulit
1969 2862 2028 2894 pro
2050 2850 2173 2893 justitia
2187 2862 2242 2895 pa-

1294 2908 1398 2943 tiendi
1413 2931 1425 2948 ,
1450 2917 1484 2942 et
1499 2904 1709 2942 acerbitatem
1721 2902 1885 2947 mitigavit
1897 2900 2002 2937 exilii.-
2017 2901 2138 2936 Levius
2148 2902 2241 2936 enim

1295 2958 1341 2994 est
1351 2956 1455 2993 modo
1465 2982 1477 2998 ,
1503 2953 1601 3001 quam
1623 2952 1722 2987 fuerit
1743 2951 1797 2986 dic
1819 2951 1923 2995 prima
1935 2975 1943 2984 .
1970 2950 2006 2985 N
2010 2949 2136 2995 unquid
2148 2952 2240 2986 enim

1297 3006 1420 3050 aliquid
1431 3004 1537 3041 defuit
1558 3001 1676 3039 nobis?
1700 3000 1827 3036 Nonne
1849 3002 1954 3045 plures
1965 3000 2122 3036 habemus
2135 3000 2236 3036 modo

1298 3069 1396 3094 notos
1405 3066 1438 3093 et
1447 3055 1623 3091 familiares
1633 3075 1646 3093 ‚
1669 3060 1703 3085 et
1714 3051 1771 3094 qui
1782 3062 1925 3086 amorem
1936 3076 1947 3092 ,
1974 3063 2071 3096 quem
2084 3052 2238 3095 profiten-

1299 3120 1351 3146 tur
1366 3132 1378 3149 ‚
1403 3106 1591 3142 officiorum
1601 3110 1635 3136 et
1654 3098 1889 3136 beneficiorum
1908 3101 2116 3136 exhibitione
2133 3099 2238 3137 decla·

1299 3159 1393 3194 rant?
1419 3156 1584 3191 Adferunt
1592 3148 1672 3196 ergo
1684 3150 1725 3185 ad
1736 3152 1858 3187 amoris
1868 3152 2174 3196 comprobationem
2188 3160 2235 3186 to

1301 3207 1491 3249 stimonium
1502 3204 1604 3248 majus
1613 3201 1694 3244 Joan
1700 3212 1741 3236 ne
1753 3226 1762 3236 .
1784 3202 1893 3249 Opera
1905 3202 1995 3239 enim
2005 3225 2015 3245 ‚
2047 3212 2117 3246 qua:
2127 3200 2185 3244 ipsi
2193 3201 2240 3237 fa·

1300 3260 1411 3302 ciunt,
1437 3250 1663 3302 perhibentfde
1675 3251 1722 3298 eis
1740 3277 1747 3287 .
2117 3265 2119 3267 ·

1974 3480 1976 3482 ’
2087 3474 2091 3479 ’
2111 3468 2197 3534 api.
