2358 3776
303 152 342 192 ἃ
354 154 471 191 retrusa
480 177 493 194 ‚
518 150 552 187 ὰ
564 145 712 185 Ecclefias
723 145 817 182 causa
835 144 974 180 revelata
995 142 1123 188 plenius
1135 142 1248 179 verita-

306 214 341 242 te
351 204 456 250 magis
465 202 499 237 δι
510 200 616 245 magis
627 196 765 233 invaluit
776 220 785 228 .
812 196 902 240 Nam
915 196 948 230 dt
957 194 1164 236 conjuratio,
1177 205 1249 240 quae

303 254 458 292 adinstar
467 249 650 287 schismatis
667 247 739 283 fieri
761 243 941 293 cogebatur
951 245 988 277 in
1010 243 1136 290 Anglia
1148 268 1159 285 ,
1186 245 1247 279 Ec-

306 305 426 346 clesiae,
451 310 568 337 contra
589 309 688 345 quam
715 297 886 342 parabatur
908 291 1103 337 profectibus
1124 319 1137 337 ,
1161 295 1247 330 mili-

303 355 398 391 tabat
409 378 417 387 .
428 352 538 388 Securi
549 352 623 387 sunt
632 348 688 384 alii
701 345 828 382 Nuncii
841 354 882 379 ex
893 353 984 386 parte
996 343 1100 390 Regis
1113 368 1125 386 ,
1148 344 1247 391 AEgi-

301 404 380 440 dius
401 403 525 446 scilieet
546 395 822 440 Rothomagensis
851 391 984 427 Archi-
999 394 1170 430 Diaconus
1183 420 1195 437 ‚
1214 395 1248 429 ἀ

301 454 446 500 Ioannes¹
455 451 615 499 Sagiensis
636 444 970 484 Archi-Diaconus,
991 443 1027 478 ὅ(
1050 445 1195 480 famosus
1204 445 1247 489 ju·

299 515 388 542 rator
397 503 454 539 ille
465 496 704 537 Saresberiensis
713 520 724 536 ,
742 496 949 530 retractantes
962 493 1107 538 priorum
1118 496 1246 539 petitio·

298 565 381 597 nes,
406 552 594 588 &dicentes
608 546 796 581 Dominum
820 545 950 591 Regem
964 567 976 585 ,
999 545 1151 586 causam,
1177 556 1247 589 quar

296 605 386 641 inter
407 601 512 646 ipsum
533 598 570 633 α
602 595 793 633 Dominum
832 593 1104 630 Cantuariensem
1130 594 1246 630 Archi-

296 653 501 699 Bpiscopum
523 647 684 690 vertitur,
708 647 743 682 ἀ
764 647 906 682 sormam
930 644 1017 690 pacis
1036 645 1123 681 inter
1131 656 1188 681 eos
1199 656 1245 681 re-

296 702 499 743 formanda,
525 697 655 744 prorsus
665 699 701 733 in
713 696 855 733 Domini
870 695 965 741 Papae
988 697 1139 731 conferre
1160 694 1242 731 arbi-

295 757 418 795 trium,
444 753 480 787 dt
501 751 593 796 super
611 748 678 785 hoc
698 748 797 793 ipsius
821 747 925 792 Regis
949 745 1096 782 Bullatas
1119 746 1244 782 litteras

292 803 504 850 protulerunt
521 823 531 834 .
559 799 664 853 Qod
687 796 855 834 Dominus
878 796 969 841 Papa
992 795 1169 843 benignius
1189 809 1242 831 au-

294 853 410 895 diens,
438 851 668 899 gratulatorias
689 848 812 893 scripsit
836 847 962 882 litteras
979 872 991 889 ,
1016 858 1156 892 quarum
1179 847 1241 882 tibi

293 904 485 949 rescriptum
496 901 595 938 mitto
604 926 612 934 .
637 899 773 934 Interim
786 898 861 933 Rex
871 908 949 932 cum
961 898 1029 933 alio
1042 897 1138 943 Rege
1154 920 1165 938 ,
1174 907 1242 932 me·

289 953 412 991 .rliante
422 952 612 990 Turonensi
637 947 923 994 Archi-Episcopo
934 948 975 983 de
987 947 1135 983 tollenda
1146 958 1242 982 cruce

292 1004 450 1040 trestabat
462 1028 475 1045 ,
490 1004 590 1047 eique
599 1000 794 1047 persuaserat
805 998 1003 1044 interpositis
1014 996 1240 1041 cautionibus,

290 1064 371 1100 quas
389 1052 530 1098 exprimi
552 1063 612 1097 pro
636 1051 776 1095 personas
787 1052 966 1085 reverentia
990 1060 1059 1084 non
1070 1057 1201 1093 oportet
1228 1073 1240 1090 ,

290 1103 410 1149 quoda
422 1101 577 1148 proximo
587 1100 713 1136 Pascha
728 1125 741 1142 ‚
760 1099 895 1135 navium
918 1098 1105 1144 arripiendo
1129 1098 1238 1133 itineri

289 1155 499 1200 accingetur.
527 1151 572 1187 Et
593 1152 729 1198 quidem
747 1150 807 1185 sub
829 1161 872 1185 eo
896 1158 1056 1194 praetextu
1078 1146 1241 1183 Christia-

290 1204 458 1239 niffimum
468 1202 656 1247 Principem
670 1204 704 1236 in
716 1198 958 1246 componendis
972 1199 1095 1236 finibus
1106 1199 1170 1234 suis
1186 1197 1241 1234 ha·

283 1253 387 1290 ‘bebat
397 1253 580 1298 adjutorem
593 1278 603 1294 ,
627 1252 737 1287 donec
758 1251 896 1286 collufio
908 1249 990 1285 inita
1014 1260 1092 1285 cum
1104 1250 1241 1285 Herveo

286 1304 486 1344 deMonte,
513 1302 655 1337 mirabili
676 1302 774 1335 illum
794 1311 836 1334 ex
849 1300 1041 1335 causa‘fecit
1063 1301 1125 1335 esse
1136 1300 1241 1342 suspe-

287 1356 379 1390 &um
388 1378 397 1386 .
424 1353 664 1396 Suspefflorem
682 1350 760 1385 vero
772 1374 782 1391 ‚
793 1349 884 1394 quod
896 1344 1106 1392 colloquium
1116 1349 1151 1384 &
1163 1359 1240 1383 con-

289 1403 438 1439 cordiam
458 1402 560 1445 Regis
580 1400 767 1435 Franciae&
778 1399 926 1434 Comitis
936 1398 1098 1433 Flandriae
1113 1398 1237 1433 studuit

286 1450 449 1497 impedire
469 1475 477 1483 .
507 1450 563 1486 Ut
584 1457 695 1483 tamen
717 1447 937 1482 devotionem
960 1447 1117 1481 tollendas
1135 1448 1241 1481 crucis

287 1501 496 1550 probabilius
516 1497 714 1547 adstrueret,
741 1507 796 1541 per
815 1495 919 1531 Viros
939 1505 1079 1541 magnos
1102 1496 1137 1530 dt
1149 1495 1242 1530 Reli·

287 1554 422 1601 giosos,
448 1550 482 1585 δε
492 1560 548 1594 per
558 1547 735 1583 familiares
756 1546 831 1581 suos
843 1570 856 1587 ,
880 1555 919 1580 ut
942 1557 984 1580 ex
999 1545 1113 1581 litteris
1124 1555 1239 1580 eorum

287 1602 417 1638 videbis
427 1627 436 1641 ,
465 1611 541 1635 cum
552 1596 696 1634 Ecclesia
709 1596 749 1632 de
762 1608 841 1642 pace
851 1595 1011 1632 tranabat
1025 1620 1038 1638 ,
1062 1606 1158 1631 utens
1169 1595 1240 1631 Do·

289 1653 377 1692 mini
396 1650 601 1687 Turonensis
620 1648 735 1683 officio
756 1647 793 1682 in
818 1645 880 1682 hac
901 1646 998 1682 causa
1011 1670 1024 1687 ,
1048 1647 1104 1681 cui
1133 1647 1236 1681 etiam

286 1701 496 1750 presentibus
517 1697 854 1741 Archi-Episcopi„
877 1697 1050 1741 Episcopis
1064 1721 1075 1738 ,
1101 1695 1240 1731 Abbati·

290 1753 373 1794 bus,
402 1753 437 1787 δι
447 1749 559 1784 multis
570 1745 764 1782 proceribus
773 1747 980 1787 convocatis,
992 1746 1099 1790 primo
1113 1747 1236 1787 Deum,

289 1803 328 1840 δι
352 1811 390 1837 ut
407 1799 472 1835 dici
494 1799 596 1841 solet,
623 1795 909 1832 Christianitatem
924 1797 1016 1830 suam
1029 1794 1173 1830 obsidem
1184 1795 1237 1829 da·

278 1852 371 1894 bat,
395 1848 517 1886 deinde
536 1848 697 1883 Patruutn
718 1847 811 1889 suum
834 1845 963 1891 Regem
978 1845 1237 1888 Hierosolymo·

289 1914 392 1943 mm,
416 1900 451 1935 &
469 1908 588 1935 omnes
606 1897 665 1941 qui
688 1903 932 1936 convenerant,
957 1894 1181 1930 constituebat
1202 1894 1236 1927 fi-

289 1952 464 1998 dejussores
473 1971 485 1989 ‚
509 1946 600 1995 quod
611 1958 653 1982 ex
665 1946 781 1982 animo
791 1969 803 1987 ,
827 1944 864 1979 in
874 1944 940 1980 fide
950 1968 962 1985 ,
987 1944 1022 1978 ἀ
1032 1944 1228 1984 sinceritate,

288 2000 519 2043 cantuariensi
542 1995 828 2041 Archi-Episcopo
847 1995 1012 2030 remiserat
1031 2003 1148 2029 omnes
1158 2003 1233 2037 que·

287 2053 393 2095 telas,
418 2052 454 2086 ἀ
476 2051 557 2086 iram
571 2073 585 2091 ,
608 2047 644 2082 δε
664 2047 772 2082 animi
794 2055 965 2080 rancorem
986 2068 999 2086 ,
1024 2044 1060 2079 ἀ
1081 2043 1238 2077 omnibus

286 2102 378 2145 mis,
401 2110 515 2146 petens
534 2107 571 2134 ut
593 2097 759 2139 redirent,
782 2097 841 2131 sua
860 2095 976 2130 omnia
1001 2094 1036 2128 in
1056 2094 1180 2139 pace&
1194 2094 1237 2127 se-

290 2153 432 2190 curitate
444 2149 630 2194 recepturi,
654 2158 716 2183 nec
740 2145 867 2191 aliquid
877 2143 1032 2191 exigebat
1047 2168 1059 2185 ,
1085 2142 1145 2178 nist
1158 2153 1194 2177 ut
1205 2142 1238 2177 ei

286 2203 391 2242 (aciat
408 2199 712 2244 Archi-Episcopus
723 2195 814 2242 quod
825 2195 914 2242 Regi
934 2194 1073 2229 debetur
1090 2218 1102 2234 ,
1125 2192 1238 2236 &ipse

290 2251 493 2289 vieiffimilli
506 2275 518 2292 ,
541 2249 633 2294 quod
650 2249 727 2284 Rex
737 2247 836 2283 debet
845 2244 1132 2287 Archi-Episcopo
1144 2267 1153 2276 .
1171 2241 1238 2275 Mi-

293 2302 336 2340 fit
369 2310 481 2337 autem
518 2299 687 2334 Abbatem
725 2295 973 2332 Cisterciensem
985 2315 997 2332 ,
1023 2292 1058 2326 &
1093 2292 1238 2325 Fratrem

294 2350 333 2387 G
349 2376 358 2386 .
369 2375 378 2385 .
389 2376 417 2385 ..
432 2347 621 2384 .Fuloherii
633 2370 646 2387 ,
671 2344 862 2391 magistrum
874 2341 1036 2386 Templi,
1055 2341 1090 2375 &
1101 2340 1135 2374 G
1147 2364 1157 2373 .
1175 2363 1203 2373 ..
1217 2364 1239 2374 ..

293 2399 604 2438 Antifiodorensem
614 2397 763 2430 Senonas
771 2418 783 2435 ,
806 2403 842 2428 ut
855 2394 1016 2437 prefatum
1027 2390 1242 2433 Cantuarieu·

293 2453 364 2489 sem
375 2450 417 2485 ad
438 2447 546 2493 ipsum
569 2454 647 2479 cum
673 2444 840 2487 Episcopo
861 2442 1004 2488 sagiensi
1016 2442 1050 2476 in
1070 2439 1136 2475 haec
1146 2440 1242 2475 verba

295 2501 499 2539 adducerent
511 2522 520 2530 .
545 2494 610 2532 Sed
627 2492 703 2529 cum
726 2492 826 2531 fidem
850 2494 967 2527 eorum
976 2493 1103 2526 secutus
1115 2488 1240 2525 Archi·

296 2551 484 2597 Episcopus
496 2545 702 2582 Pontisaram
727 2539 884 2584 venisset,
910 2541 1122 2576 denunciavit
1132 2541 1162 2575 ei
1174 2542 1241 2576 Do-

298 2603 411 2637 minus
433 2595 735 2641 Rothomagensis,
761 2604 804 2628 ne
825 2591 1013 2637 procederet
1032 2615 1044 2632 ‚
1067 2591 1145 2636 quia
1167 2591 1241 2626 Rex

300 2662 371 2686 erat
387 2653 422 2684 in
434 2649 599 2693 Angliam
610 2644 796 2680 transiturus
803 2643 863 2678 sub
874 2643 971 2678 omni
981 2641 1146 2677 celeritate
1157 2665 1169 2683 ,
1189 2652 1241 2685 pa-

303 2713 341 2737 ce
353 2700 474 2734 infesta
486 2722 494 2730 .
522 2695 705 2738 Receperat
716 2703 827 2728 autem
837 2693 922 2728 duos
931 2691 974 2727 de
985 2691 1130 2727 Nunciis
1140 2691 1204 2726 suis
1230 2715 1241 2732 ‚

301 2748 496 2797 magistrum
508 2743 711 2782 Richardum
722 2743 863 2784 Barre,&
874 2741 1118 2778 Landavensem
1126 2740 1242 2777 Archi-

302 2803 498 2839 Diaconum
511 2821 523 2839 ,
550 2797 586 2830 in
597 2804 737 2837 quorum
750 2793 854 2828 reditu
866 2805 929 2838 pax
940 2792 1098 2837 impedita
1110 2791 1242 2834 est‚ma-

304 2849 499 2889 chinatione
509 2871 521 2889 ,
531 2855 568 2881 ut
577 2843 670 2887 ajunt
679 2868 691 2885 ,
702 2843 860 2879 Gausredi
873 2842 1115 2878 Cantuariensis
1128 2841 1242 2877 Archi-

305 2898 477 2938 Diaconi,
501 2895 557 2931 eui
578 2895 673 2931 Deus
691 2892 888 2938 quandoque
907 2894 1117 2938 respondebit
1129 2892 1170 2927 ad
1181 2902 1243 2927 me·

306 2953 373 2990 rita
385 2977 394 2987 .
420 2945 631 2994 jactitabatur
642 2953 723 2980 tunc
742 2944 846 2988 Regis
866 2943 1020 2979 Nuncios
1032 2967 1043 2984 ‚
1069 2943 1244 2978 absolutio·

308 3012 390 3042 nem
409 2996 566 3044 Episcopi
588 2993 851 3034 londoniensis,
876 2994 911 3028 ἀ
927 2994 1082 3028 omnium
1103 2994 1244 3029 aliorum

305 3049 489 3089 obtinuisse
498 3070 511 3088 ,
535 3044 669 3090 &quod
680 3042 811 3080 Archi·
822 3043 987 3088 Episcopo
1007 3044 1165 3079 subtracta
1178 3053 1245 3079 erat

310 3099 453 3148 potestas
463 3095 745 3134 animadvertendi
756 3095 791 3129 in
803 3093 932 3140 Regem
943 3094 977 3129 dt
986 3103 1103 3129 terram
1117 3095 1206 3143 suam
1233 3117 1246 3136 ,

310 3150 378 3188 sive
399 3146 513 3195 Regni
532 3146 683 3191 personas
695 3171 703 3179 .
731 3144 795 3181 Sed
815 3143 987 3182 mendacia
1007 3143 1100 3179 illico
1122 3143 1245 3180 dete&

311 3206 389 3242 sunt
400 3195 702 3244 supervenientibus
721 3194 841 3239 litteris
852 3193 1119 3238 DominiPapae,
1147 3195 1245 3229 eriam

315 3249 493 3296 antequam
511 3245 754 3282 londoniensis
775 3245 955 3290 Episcopus
975 3244 1017 3280 ad
1037 3244 1172 3280 Curiam
1186 3246 1246 3278 iter

317 3302 466 3346 arriperet
476 3322 487 3340 ,
504 3298 563 3342 qui
574 3294 802 3343 proculdubio
814 3294 916 3330 labori
928 3294 1111 3339 pepercisset
1121 3295 1154 3328 &
1166 3296 1245 3330 sum-

316 3347 425 3398 ptibus
437 3375 450 3391 ,
473 3350 496 3384 si
510 3372 523 3390 ‚
548 3358 586 3383 ut
597 3346 732 3395 quidam
748 3345 879 3381 mentiti
891 3346 984 3386 sunt,
1012 3345 1075 3378 sine
1087 3356 1176 3379 tanta
1188 3345 1244 3379 dif-

320 3401 467 3443 ficultate
476 3398 602 3437 absolui
609 3396 764 3447 potuisset
777 3419 786 3433 .
811 3395 914 3433 Fama
924 3396 1058 3433 celebris
1069 3395 1112 3432 est
1128 3419 1140 3438 ,
1158 3396 1244 3438 quod

996 56 1546 108 EPISTOLAE

1303 153 1498 180 memoratus
1509 142 1753 181 Cantuariensis
1764 142 2050 185 Archi-Diaconos
2074 150 2158 197 Regi
2172 163 2240 197 per-
2262 163 2270 171 ·

1304 194 1398 231 sitasit
1416 195 1452 230 in
1474 193 1636 241 Angliam
1662 194 1864 230 transfretare
1879 217 1890 234 ‚
1915 204 1952 230 ut
1975 197 2152 246 Episcopos
2174 214 2238 237 [ος.

1304 255 1400 289 queat
1410 246 1446 281 δι
1456 244 1591 281 Clerum
1601 268 1613 285 ‚
1638 246 1696 290 qui
1707 255 1823 281 contra
1836 246 2023 281 Dominum
2034 249 2155 295 Papam
2170 277 2179 293 ‚
2202 254 2235 289 ὅς

1305 294 1446 333 Matrem
1469 297 1559 331 suam
1581 295 1853 332 Cantuariensem
1877 296 2050 334 Ecclesiam
2070 298 2170 342 jurare
2181 314 2240 338 no·

1305 343 1433 382 luerunt
1442 372 1451 381 .
1480 346 1647 392 Undique
1658 355 1782 389 metus,
1793 347 1826 390 ὃς
1837 348 1994 392 angustia:
2006 348 2151 393 undique
2165 353 2234 388 lon-

1302 405 1349 439 gae
1359 409 1370 430 .·
1395 397 1577 433 necessitate
1589 421 1602 439 ,
1611 397 1749 442 inquam
1759 420 1771 439 ,
1794 397 2018 441 derelinquere
2028 399 2152 445 Legem
2164 401 2237 438 Dei.

1306 445 1456 483 Alterum
1476 449 1567 483 enim
1592 449 1717 494 semper
1735 445 1922 492 gehennam
1938 449 2079 494 ingerit,
2103 451 2242 488 alterum

1305 496 1359 533 via
1380 497 1426 533 est
1450 498 1490 533 ad
1513 508 1694 540 coronam,
1718 497 1754 533 ἀ
1775 508 1944 543 perpetuat
1964 499 2121 544 gloriam.
2152 500 2242 536 Nam

1303 545 1359 590 qui
1371 548 1625 590 perseeutIonem
1640 548 1810 593 patiuntur
1821 549 2116 593 propterjustitiam
2128 574 2138 591 ,
2154 550 2240 585 beati

1303 596 1393 631 sunt:
1415 600 1572 642 quoniam
1584 609 1668 644 quos
1681 610 1793 645 pugna
1807 609 1944 644 purgat,
1971 598 2084 643 probat
2095 623 2106 640 ‚
2126 601 2161 635 ἀ
2175 600 2246 635 illu·

1303 645 1378 682 strat
1390 672 1400 688 ‚
1414 648 1487 684 finis
1498 660 1613 696 pugnae
1623 649 1690 684 sine
1702 649 1769 685 fine
1777 660 1916 684 coronat
1929 675 1938 683 .
1961 649 2121 686 Sathanas
2133 661 2244 686 autem

1303 696 1442 742 amplius
1452 698 1556 740 szvit,
1584 699 1663 735 cum
1687 699 1923 736 exterminium
1947 701 2040 735 suum
2054 701 2146 736 videt
2157 711 2244 736 acce-

1303 748 1395 783 lerari
1407 773 1419 790 ,
1444 750 1479 784 dt
1489 749 1544 784 illa
1554 761 1624 796 pars
1635 748 1767 797 hyemis
1780 751 1896 786 tetrior
1907 749 1954 785 est
1965 775 1977 792 ‚
1989 754 2063 795 quae
2078 751 2174 787 Veris
2187 751 2248 786 im·

1303 798 1460 834 minentis
1471 800 1617 844 praecedit
1639 802 1867 837 amoenitatem
1881 825 1889 834 .
1917 801 2083 836 Historias
2103 802 2223 846 replica
2234 826 2249 844 ,

1303 848 1542 895 Tyrannorum
1552 851 1640 896 gesta
1651 852 1783 887 revolve
1793 852 1846 892 ,δι
1858 851 1954 894 plane
1966 851 2102 896 reperies
2113 852 2147 886 in
2161 852 2247 895 pres-

1303 900 1384 935 suris
1401 899 1572 936 dilatatam
1593 901 1658 937 ess'e
1680 901 1877 943 Ecclesiam,
1903 902 1937 936 &
1960 902 2049 946 quod
2063 902 2247 947 persecutio

1303 950 1429 993 quanto
1437 952 1581 987 atrocior
1591 960 1661 987 erat
1672 974 1686 992 ,
1709 950 1805 987 tanto
1818 951 1917 986 citius
1938 951 2126 987 sedabatur.
2155 951 2245 997 Regi

1302 1008 1411 1036 autem
1421 1010 1489 1036 tam
1501 1000 1544 1036 ab
1557 1000 1708 1043 Amicis,
1733 1000 1831 1046 quam
1852 999 1894 1034 ab
1909 999 1981 1034 aliis
1993 1001 2137 1036 Nunciis
2149 1027 2160 1043 ,
2187 1001 2246 1046 qui

1302 1050 1518 1095 praemiserunt
1530 1050 1610 1087 istos
1617 1076 1629 1094 ‚
1639 1060 1677 1086 ut
1690 1049 1934 1095 praemuniretur
1948 1050 2174 1095 indubitanter
2187 1076 2199 1093 ,
2210 1051 2246 1085 si·

1302 1102 1498 1147 gnificatum
1510 1101 1556 1136 est
1574 1125 1586 1143 ,
1606 1099 1695 1144 quod
1709 1100 1766 1135 nisi
1777 1098 1876 1135 citius
1886 1109 1962 1134 cum
1976 1100 2119 1134 Ecclesia
2133 1112 2245 1143 pacem

1303 1152 1417 1187 feeerit
1430 1174 1442 1192 ,
1466 1150 1646 1187 secundum
1658 1150 1751 1197 quod
1763 1150 1803 1185 ad
1815 1149 2009 1194 petitionem
2023 1151 2113 1184 suam
2127 1150 2253 1184 Domi·

1303 1213 1363 1237 nus
1383 1202 1470 1247 Papa
1484 1202 1690 1247 prescripsit,
1716 1200 1826 1236 &hoc
1840 1199 1922 1234 infra
1937 1199 2101 1235 Kalendas
2122 1199 2208 1235 Maii
2235 1223 2248 1240 ,

1301 1264 1342 1287 ex
1356 1262 1438 1287 tunc
1451 1253 1542 1288 nulla
1553 1252 1684 1287 ratione
1695 1252 1818 1286 differri
1834 1251 1956 1295 poterit
1967 1273 1979 1290 ,
2002 1252 2084 1296 quin
2098 1250 2131 1284 in
2146 1250 2252 1294 perso-

1303 1313 1380 1337 nam
1394 1302 1465 1346 ejus
1475 1302 1657 1342 ,atter-ram
1670 1301 1889 1335 cismarinam
1904 1324 1916 1341 ,
1927 1301 1961 1335 ἁ
1974 1301 2250 1335 Transmarinam

1304 1351 1526 1387 Ecclefiastica
1550 1351 1704 1386 severitas
1717 1360 1923 1384 exerceatur.
1961 1350 2004 1384 Et
2025 1350 2092 1386 hoc
2116 1349 2249 1394 quidem

1301 1402 1441 1438 arbitror
1462 1400 1543 1435 huic
1563 1399 1832 1439 exacerbationi,
1857 1409 1956 1444 quam
1981 1400 2072 1435 Deus
2086 1399 2211 1434 mature
2236 1424 2248 1440 ,

1303 1461 1400 1495 prout
1412 1449 1559 1485 Ecclesia
1579 1449 1676 1483 novit
1691 1448 1864 1491 expedire,
1889 1450 2075 1490 compescat
2089 1472 2101 1488 ,
2124 1449 2250 1488 dedisse

1301 1500 1491 1545 originem,
1515 1496 1764 1542 procurantibus
1789 1495 1944 1531 fomitem
1967 1496 2090 1531 ardoris
2108 1521 2119 1538 ,
2144 1498 2179 1531 &
2205 1497 2250 1531 in·

1301 1549 1411 1585 cendii
1423 1549 1537 1585 causas
1546 1547 1667 1594 jugiter
1678 1545 1930 1591 subrogantibus
1943 1544 1994 1580 his
2006 1571 2018 1587 ,
2037 1547 2093 1591 qui
2106 1547 2250 1581 oderunt

1304 1610 1415 1644 pacem
1428 1623 1440 1640 ,
1464 1599 1498 1634 er
1509 1598 1616 1633 sciunt
1631 1598 1662 1632 se
1673 1608 1749 1631 cum
1772 1606 1931 1640 perpetua
1956 1607 2035 1632 nota
2046 1596 2187 1631 infamiae
2198 1598 2252 1631 fu-

1302 1660 1393 1685 turos
1414 1648 1642 1685 detestandum
1663 1646 1854 1682 Schismatis
1881 1646 1917 1681 &
1943 1646 2116 1691 Apostasiae
2137 1657 2251 1682 exem-

1302 1702 1393 1745 plum
1407 1725 1415 1733 .
1440 1700 1544 1736 Lator
1567 1697 1791 1744 presentium,
1815 1695 1838 1729 sl
1861 1694 1922 1730 tibi
1948 1697 2052 1732 visum
2067 1696 2183 1737 fuerit,
2212 1705 2249 1732 ut

1300 1762 1378 1785 eum
1399 1750 1580 1790 admittas,
1607 1749 1700 1793 plura
1719 1745 1883 1792 supplebit
1901 1770 1910 1778 .
1937 1746 2027 1782 cum
2051 1747 2212 1782 redierint
2237 1770 2251 1787 ,

1301 1801 1488 1844 quorumin
1499 1798 1588 1833 brevi
1614 1799 1755 1842 speratur
1776 1795 1958 1839 adventus,
1984 1797 2153 1831 referenda
2174 1807 2249 1840 quae

1300 1849 1510 1889 emerserint,
1535 1846 1619 1887 tibi,
1658 1847 1734 1882 Deo
1757 1846 1929 1889 propitio,
1956 1846 2094 1882 scribere
2119 1857 2188 1880 non
2201 1845 2250 1890 pi-

1301 1898 1465 1944 gritabor.
1494 1897 1540 1934 Et
1565 1897 1694 1931 utinam
1717 1906 1771 1930 me
1791 1896 1832 1930 de
1843 1895 1927 1930 statu
1942 1906 2022 1937 tuo,
2049 1907 2145 1939 quem
2156 1897 2248 1931 Deus

1301 1946 1493 1983 sueceffibus
1517 1946 1674 1990 impleat,
1699 1945 1825 1979 mature
1847 1946 2013 1981 certiorari
2027 1947 2222 1991 contingat.

1477 2043 1889 2081 EPISTOLA
1956 2044 2072 2080 xlx.
2134 2079 2138 2082 ,

1327 2146 1453 2181 Thomas
1480 2144 1704 2188 cantuarienfis
1732 2142 2021 2188 Archi-Episcopus
2048 2145 2213 2178 Rotboma-
2250 2118 2257 2128 '

1569 2194 1653 2241 genfi
1676 2195 1764 2229 Archi
1780 2214 1790 2220 ·
1803 2194 1966 2239 Episcopo.
2221 2210 2224 2214 ⁴

1402 2295 1583 2332 RATlAs
1607 2296 1738 2341 agimus
1749 2294 1921 2331 dilestioni
1936 2296 2067 2337 vestrae,
2092 2308 2162 2341 quae
2185 2308 2250 2331 no-

1425 2348 1479 2382 stri
1489 2357 1601 2381 curam
1614 2347 1699 2391 gerit
1709 2358 1719 2389 3
1731 2345 1783 2380 sed
1798 2347 1926 2380 utinam
1939 2346 2040 2380 vestra
2055 2347 2249 2382 sollicitudo

1305 2397 1338 2431 in
1353 2397 1430 2437 illa,
1454 2406 1555 2438 quam
1566 2394 1693 2435 dicitis,
1725 2395 1881 2440 Episcopi
1895 2395 2140 2432 Londoniensis
2155 2397 2245 2431 abso·

1305 2444 1642 2482 lutioneMandatum
1666 2446 1807 2479 Domini
1822 2446 1918 2488 Papae
1941 2456 2009 2478 non
2033 2446 2211 2480 exceffiffet
2236 2450 2246 2481 Ε

1305 2496 1402 2532 Scitis
1426 2495 1539 2536 enim,
1563 2494 1644 2539 quid
1666 2494 1761 2528 vobis
1785 2495 1818 2528 in
1841 2493 2014 2528 communi
2027 2494 2167 2540 negorio
2181 2495 2247 2529 sine

1304 2546 1447 2592 Collega
1469 2545 1620 2580 licuerit:
1648 2544 1815 2589 presertim
1835 2543 1913 2579 cum
1935 2543 1990 2576 ille
2003 2545 2153 2578 nondum
2168 2555 2250 2580 con-

1305 2605 1419 2632 ventus
1438 2595 1536 2631 fuerit
1549 2621 1561 2637 ,
1586 2605 1647 2629 nec
1659 2593 1830 2628 constabat
1840 2592 1999 2637 quoditie
2011 2616 2023 2633 ,
2049 2594 2070 2627 fi
2082 2594 2246 2629 conveni-

1305 2657 1390 2682 retur
1407 2670 1419 2688 ,
1443 2656 1513 2680 non
1526 2646 1629 2688 posset
1643 2642 1748 2678 adesse
1761 2667 1772 2684 ,
1797 2643 1853 2687 qui
1877 2654 1935 2677 nec
1953 2651 2136 2678 conventus
2160 2643 2207 2678 est
2234 2668 2248 2685 ,

1303 2697 1467 2732 chmtunc
1476 2694 1612 2730 demum
1624 2693 1715 2728 alteri
1729 2694 1866 2727 vestrum
1879 2692 2005 2737 aliquid
2027 2693 2060 2726 in
2074 2693 2135 2727 hac
2147 2695 2242 2730 eausa

1304 2747 1433 2782 licuerit
1448 2771 1459 2788 ,
1469 2746 1491 2779 si
1505 2746 1586 2779 alter
1598 2744 1705 2778 adeffe
1717 2755 1785 2778 non
1799 2745 1899 2787 posset
1911 2768 1919 2776 .
1948 2742 2046 2776 Hanc
2056 2744 2147 2778 enim
2164 2755 2245 2778 con.

1304 2797 1467 2833 ditionem
1480 2795 1649 2831 Dominus
1661 2794 1750 2838 Papa
1765 2794 1878 2828 inserit
1888 2816 1901 2834 ,
1919 2804 2017 2837 quam
2030 2794 2158 2827 constat
2172 2805 2241 2831 non

1305 2847 1481 2888 exstitisse,
1507 2855 1545 2880 ut
1557 2843 1677 2880 exinde
1688 2844 1820 2879 fortasse
1833 2841 1958 2878 constet
1970 2843 2182 2886 sapientibus,
2200 2856 2245 2879 an

1306 2897 1433 2943 aliquid
1453 2897 1561 2931 aetum
1582 2896 1620 2928 sit
1638 2893 1809 2930 deficiente
1831 2892 2046 2927 conditione.
2073 2893 2135 2928 Sed
2158 2895 2242 2938 quid

1307 2949 1366 2982 ista
1381 2945 1624 2991 protrahimus?
1649 2944 1721 2978 Vos
1745 2942 1833 2976 scitis
1853 2942 1934 2986 quid
1958 2944 2106 2988 egeritis,
2134 2945 2168 2977 ὅ(
2184 2956 2243 2979 nos

1310 2999 1385 3034 Deo
1406 2996 1571 3037 authore,
1595 2993 1672 3040 quid
1685 2994 1778 3028 vobis
1799 3002 1986 3037 competat,
2015 3005 2084 3029 uon
2112 2995 2241 3040 ignora-

1307 3059 1396 3083 mus.
1424 3046 1528 3096 Qod
1548 3055 1654 3081 autem
1677 3043 1848 3088 praecipitis
1874 3044 1938 3078 esse
1959 3044 2134 3083 secretum,
2160 3056 2243 3089 quo·

1308 3096 1410 3134 modo
1421 3098 1578 3133 secretum
1589 3095 1651 3130 effe
1661 3094 1763 3128 valeat
1775 3095 1788 3127 ?
1814 3093 1994 3128 Procurent
2015 3096 2069 3139 qui
2084 3096 2161 3138 poss*
2155 3105 2214 3130 unt
2226 3109 2238 3129 ,-

1309 3151 1330 3184 si
1344 3149 1400 3193 qui
1413 3157 1525 3183 tamen
1543 3172 1551 3180 .
1576 3144 1663 3192 Quia
1686 3144 1860 3188 antequam
1883 3143 2083 3179 Mandatum
2098 3145 2239 3178 vestrum

1308 3200 1548 3243 reciperemus,
1570 3195 1654 3238 apud
1680 3206 1738 3229 vos
1757 3194 1991 3229 cantabaturin
2004 3194 2155 3238 compitis
2169 3220 2178 3235 ‚
2205 3195 2240 3228 ὅ(

1308 3249 1394 3294 apud
1416 3260 1476 3283 nos
1490 3249 1580 3292 ipsius
1591 3244 1829 3279 Londoniensis
1849 3244 2019 3290 diligentia
2030 3245 2239 3289 divulgatum

1307 3301 1352 3335 est
1365 3323 1375 3340 ‚
1392 3299 1450 3344 qui
1476 3300 1510 3333 in
1521 3297 1651 3332 civitate
1671 3295 1777 3331 nostra
1789 3297 1822 3330 &
1837 3297 1869 3330 in
1884 3296 2024 3331 Ecclesia
2052 3296 2235 3330 solertiniter

1308 3350 1436 3386 Divina
1446 3347 1616 3385 celebravit
1632 3373 1636 3378 .

2090 3445 2192 3477 Epi-
