2358 3776
375 134 473 187 274

936 112 1594 165 ·EPISVT·0LAE'

291 203 545 254 'poffitfidelius
563 201 1007 238 intimaresNamficutnutu
1022 201 1150 235 Divino
1160 211 1238 235 con·
1299 201 1438 239 diatores
1458 227 1469 243 ,
1491 211 1548 236 aut
1564 211 1624 246 per
1638 199 1728 236 =alios
1743 199 1930 246 'significare
1945 202 2085 253 cnrayiq
2122 206 2229 244 immo
2262 183 2264 187 V

308 258 387 302 tigit
399 281 409 298 ,
434 265 471 289 ut
482 265 516 288 re
526 253 651 288 strenue
670 254 759 298 gesta
784 253 904 288 rediret
928 252 971 284 D.
985 250 1160 286 Gratianus
1172 273 1183 290 ,
1202 251 1236 284 ὃ(
1300 251 1392 286 nobis
1413 251 1668 296 praestolantibus
1699 253 1934 295 responsionem
1953 251 2228 301 versutumeldgm

302 318 362 341 vos
372 330 384 346 ,
411 315 509 348 quem
518 304 610 340 >Deus
618 302 1030 338 sirmiffimamcolumnam
1044 324 1056 341 ‚
1076 309 1119 336 *ut
1132 302 1235 345 persae·

1298 301 1433 337 deflexit
1450 303 1526 337 iter.
1545 303 1686 337 'A-llatus
1695 302 1740 336 est
1754 302 1783 336 ei
1795 303 1828 336 in
1843 304 1894 337 via
1914 302 2082 338 Dominus
2095 304 2225 353 Philip-

298 356 542 400 peloquimur,
568 354 817 389 inEeclesia-sua
837 349 970 394 posuit,
996 350 1030 383 &
1050 352 1107 394 qui
1131 362 1236 385 mores
1298 352 1579 395 pus-,Benedictus
1591 352 1695 386 Filius
1707 348 1971 388 Christianislimi
1986 353 2228 399 Regis,quem‚

296 404 581 449 hominisplenius
594 403 695 438 nostis
706 426 718 442 ,
733 400 784 435 *ad
795 400 910 434 Sedem
930 398 1154 442 Apostolicam
1178 413 1235 435 ac-

293 455 444 500 ciperetis
453 456 514 490 iter
523 467 547 497 ,ι
564 454 606 486 sic
626 451 766 495 ejusdem
789 446 872 484 nutu‘
897 450 1038 484 creditur
1049 450 1198 485 accidisse
1223 475 1234 491 ,

1297 412 1334 436 ut
1343 402 1432 445 ajunt
1445 405 1501 448 qui
1515 403 1686 438 attulerant
1699 426 1709 441 ,
1734 402 1888 437 subtristis
1910 402 1991 437 vidit
2001 426 2012 442 ,
2039 403 2176 440 tenuiter
2183 408 2231 442 ιι.

1298 452 1426 487 locutus
1436 455 1480 487 est
1491 464 1502 493 ,
1528 455 1561 488 δε
1574 465 1650 488 cum
1677 452 1886 487 festinatione
1905 453 2044 488 dimisit.
2075 452 2169 487 Deus
2185 464 2232 491 tm-

295 515 335 539 „t
346 505 526 543 vivianus,
544 501 712 546 lquidquid
733 499 866 535 haberet
886 500 922 534 in
946 499 1058 533 animo
1072 524 1083 539 ,
1109 500 1148 534 ad
1163 502 1234 535 illu·
1271 530 1275 534 .
1297 513 1372 536 men
1392 504 1546 546 praeelecsti
1570 504 1661 549 pueri
1682 503 1728 536 sui
1752 503 1920 546 inspiravit
1931 503 2100 543 animum,
2126 503 2234 539 &lin-

293 554 459 589 strandam
474 552 636 595 justitiam
660 550 810 585 Ecclesiae
831 551 864 584 &
875 547 1077 584 dilatandam
1092 550 1233 594 gloriam

293 603 449 637 Gratiani
466 626 477 643 ,
504 601 896 636 remanseritinFrancia:
910 609 946 634 ut
960 599 1034 633 Rex
1046 599 1231 644 Anglorum

292 664 349 696 per
358 654 520 687 fautorem
534 653 627 687 suum
637 650 856 691 hominibus,
881 660 964 693 quos
985 650 1133 693 decipere
1155 661 1232 685 con-

289 702 417 743 suevit,
437 701 584 746 amplius
605 703 787 736 innotescat
811 725 823 741 ,
847 700 881 734 δι
901 699 1030 734 fallacia
1056 699 1227 735 verborum

291 751 487 787 Dominum
507 753 630 797 Papam
650 753 685 786 dc
705 751 862 790 Curiam,
888 751 919 784 ei
939 748 1006 783 hue
1017 751 1117 794 usque
1131 751 1230 786 nimis

289 802 481 844 credulam,
515 803 558 837 de
576 814 685 845 cetero
715 800 923 835 minussolito
952 801 1195 836 circumscribat
1221 827 1228 834 .

286 852 378 887 cnm
403 852 478 886 vero
497 854 646 896 praefatus
668 850 856 896 Anglorum
878 849 951 884 Rex
973 850 993 884 a
1015 851 1045 884 S.
1060 851 1224 893 Dionysio

288 902 444 937 recedens
465 902 565 947 prope
578 904 739 937 -Montem
762 901 950 943 Martyrum
971 901 1138 936 transitum
1148 901 1228 936 sace-

288 963 340 987 ret
352 977 364 994 ,
386 953 466 987 illuc
476 953 675 988 occurrimus
686 976 696 992 ,
723 961 867 995 petentes
878 951 1002 994 abipso
1019 963 1074 995 per
1086 952 1228 986 'Venera-

285 1001 371 1036 biles
382 1002 483 1037 Viros
494 1027 506 1043 ,
531 1004 720 1038 Dominum
732 1001 1038 1046 Rothomagensem
1050 1003 1083 1036 ἃ
1097 1002 1231 1045 Episco-

284 1063 367 1095 pum
389 1053 601 1096 Sagiensem,
627 1054 661 1087 δε
682 1053 763 1085 alios
780 1051 960 1096 quosdam,
988 1052 1044 1096 qui
1071 1053 1103 1086 se
1127 1051 1226 1085 verbo

283 1101 504 1146 ingesserant,
525 1111 686 1146 quatenus
697 1102 793 1136 nobis
805 1112 864 1146 pro
889 1112 1000 1136 amore
1022 1102 1134 1136 Dei&
1152 1102 1228 1136 Do·-

281 1151 367 1186 mini
379 1151 474 1195 Papae
487 1177 498 1192 ,
524 1154 558 1186 ἀ
570 1153 686 1186 nostris
696 1153 837 1198 gratiam
847 1154 936 1186 suam
948 1174 959 1191 ‚
982 1157 1094 1194 paoem
1107 1176 1119 1192 ,
1133 1153 1224 1186 secu—

281 1201 437 1242 ritatem,
463 1202 712 1246 poffessiones&
734 1203 842 1237 ablata
866 1202 1063 1243 restitueret,
1090 1203 1226 1236 offeren-

282 1260 335 1285 tes
355 1263 414 1286 nos
434 1263 563 1295 paratos
572 1255 634 1287 effe
644 1251 799 1288 exhibere
819 1252 895 1293 illi,
920 1252 1079 1296 quidquid
1107 1251 1224 1285 Archi-

283 1301 467 1344 Episcopus
487 1302 629 1346 principi
648 1301 766 1335 debet.
793 1302 854 1335 Ille
873 1312 983 1335 autem
1004 1301 1171 1343 respondit
1191 1302 1222 1334 se

276 1361 319 1384 ex
332 1351 591 1385 animolibenter
612 1352 774 1386 remittere
789 1362 830 1384 ex
852 1361 941 1394 parte
961 1351 1016 1385 sua
1026 1351 1164 1385 offensas
1186 1351 1220 1385 ἃ

276 1401 440 1443 querelas,
462 1402 484 1434 si
497 1412 577 1444 quas
586 1411 700 1436 contra
714 1413 775 1435 nos
786 1400 958 1434 habuerat:
986 1402 1020 1435 &
1032 1400 1073 1435 de
1084 1400 1221 1444 his,quae

284 1461 470 1493 proponere
481 1451 638 1484 vellemus
647 1449 796 1483 adversus
805 1460 880 1483 eum
892 1473 903 1489 ,
929 1459 1075 1491 paratum
1084 1451 1150 1484 esse
1159 1450 1219 1482 sta-

278 1510 317 1533 ce
339 1499 428 1533 disto
449 1499 555 1532 Curioe
575 1498 716 1532 Domini
740 1499 787 1531 sui
801 1498 903 1541 Regis
917 1498 1141 1539 Francorum,
1168 1498 1219 1532 vel

275 1548 402 1593 judicio
415 1548 565 1582 Ecclesiae
572 1548 767 1587 Gallicanae,
781 1558 836 1581 aut
850 1545 1054 1582 Shcolarium
1067 1547 1221 1583 Parifi‘en-

276 1599 360 1633 sium
373 1624 380 1632 .
411 1599 492 1646 Qo
503 1598 618 1633 audito
629 1623 640 1639 ,
666 1597 891 1642 respondimus
903 1609 964 1632 nos
975 1596 1083 1632 Curiae
1102 1597 1221 1632 Domi-

276 1650 315 1684 ni
328 1649 432 1694 Regi-s
442 1674 454 1690 ,
481 1649 545 1683 sirei
558 1649 696 1692 placeret
707 1673 718 1689 ,
729 1658 784 1682 aut
799 1647 947 1682 Ecclesiae
959 1647 1138 1682 Gallicanae
1150 1659 1218 1683 non

277 1701 423 1733 refutare
439 1698 619 1742 judicium,
657 1697 756 1730 malle
777 1706 884 1730 tamen
904 1722 916 1739 ,
941 1697 966 1738 si
989 1698 1077 1733 illius
1099 1698 1220 1733 sederet

274 1749 413 1788 animo,
439 1759 514 1782 cum
527 1747 586 1780 illo
596 1745 810 1781 amicabiliter
828 1757 1047 1790 componere,
1071 1747 1220 1791 quamli-

271 1799 399 1844 tigare.
428 1797 504 1832 Etsi
526 1797 705 1831 Ecclesiam
726 1797 761 1831 δε
780 1797 985 1840 possessiones
998 1795 1095 1830 nobis
1116 1798 1219 1831 &no-

273 1849 346 1883 stris
359 1847 456 1881 vellet
466 1846 651 1887 restituere,
681 1847 861 1890 &gratiam
872 1870 884 1887 ,
909 1847 1066 1891 &pacem
1079 1870 1092 1887 ‚
1115 1847 1152 1882 ἀ
1170 1847 1219 1880 se-

272 1899 448 1933 curitatem
461 1896 606 1940 praestare
615 1897 714 1930 nobis
726 1897 759 1930 in
772 1896 887 1930 osculo
904 1896 992 1939 pacis
1003 1920 1015 1937 ,
1040 1895 1143 1939 parati
1152 1906 1218 1930 era-

274 1959 349 1982 mus
359 1946 425 1981 haec
435 1947 595 1991 recipere,
623 1946 820 1990 postulantes
829 1955 871 1980 ut
893 1945 1070 1981 mobilium
1093 1945 1216 1980 ablato-

265 2010 348 2033 rum
369 1997 580 2032 medietatem
602 1996 748 2031 Ecclefiae
768 1995 914 2031 redderet
935 1995 978 2029 ad
991 1994 1146 2030 solvenda
1159 2007 1221 2029 no·

277 2049 344 2083 stra
353 2049 389 2083 δε
399 2047 586 2082 nostrorum
599 2046 709 2082 debita
721 2071 732 2088 ,
758 2046 800 2080 ad
809 2046 902 2081 Sarra
911 2045 1018 2080 Τεᾶι
1029 2043 1215 2086 reficienda,

269 2097 515 2134 adinstruenda
525 2097 662 2141 praeffia,
687 2096 929 2140 &reparandas
951 2096 1051 2130 varias
1069 2095 1216 2130 Ecclesiae

272 2148 497 2189 necessitates,
522 2159 593 2190 quae
616 2148 658 2182 ad
686 2149 851 2182 summum
874 2146 1074 2181 calamitatis
1093 2146 1214 2181 officia-

271 2200 356 2235 lium
368 2199 499 2233 suorum
509 2198 810 2243 depopulatione&
835 2196 949 2231 fraude
959 2195 1109 2240 perduela
1131 2194 1177 2229 est
1203 2220 1211 2227 .

273 2249 320 2283 Et
332 2258 373 2282 ne
384 2258 459 2283 vota
480 2249 590 2283 nostra
613 2248 751 2282 modum
772 2247 957 2281 viderentur
976 2243 1152 2283 excedere,
1178 2245 1212 2277 δι

270 2309 310 2334 ut
336 2300 425 2342 pasta
442 2299 483 2332 ad
505 2298 735 2332 declinandam
759 2295 978 2329 lubricitatem
1010 2292 1157 2328 hominis
1177 2294 1211 2327 in

273 2349 464 2393 scripturam
479 2347 607 2381 redacta
627 2346 757 2379 fidelius
778 2353 968 2379 tenerentur
990 2367 1002 2384 ,
1026 2344 1058 2377 ei
1083 2343 1213 2386 petitio·

273 2410 351 2434 nem
367 2422 379 2438 ,
402 2408 500 2441 quam
522 2396 617 2430 vobis
637 2396 786 2439 scriptam
807 2394 992 2434 mittimus,
1018 2392 1059 2428 ad
1068 2393 1215 2428 Nuncio-

271 2460 345 2486 rum
360 2449 490 2482 suorum
499 2445 669 2480 arbitrium
678 2445 867 2489 castigatam
886 2445 919 2479 ἀ
941 2453 1149 2488 temperatam
1171 2445 1215 2478 fe-

271 2500 378 2536 cimus
390 2496 520 2535 offerri,
544 2504 583 2529 rut
594 2493 751 2529 omnibus
774 2494 990 2529 innotesceret
1014 2506 1076 2529 nos
1088 2494 1211 2529 nullam

271 2549 382 2595 pacis,
409 2558 480 2592 quae
497 2545 645 2580 Ecclesiae
667 2544 734 2579 Dei
754 2543 934 2578 tolerabilis
957 2544 1018 2583 fit,
1041 2544 1213 2579 detrestare

270 2597 501 2634 conditionem
515 2621 523 2628 .
551 2595 613 2629 Sed
627 2595 683 2630 ille
701 2594 815 2629 audito
834 2593 976 2638 scripto,
999 2594 1033 2628 ὅ(
1046 2594 1088 2629 ab
1106 2596 1214 2628 omni-

272 2648 334 2683 bus
346 2656 475 2690 propter
486 2644 623 2678 nimiam
651 2645 846 2679 modestiam
869 2643 1048 2688 approbato
1062 2668 1074 2685 ,
1098 2655 1212 2679 mater-

272 2710 317 2732 na
327 2695 494 2739 respondit
505 2695 618 2739 lingua
632 2707 643 2728 .·
669 2695 709 2728 fic
720 2696 889 2730 amfractus
901 2693 1074 2729 verborum
1086 2718 1098 2735 ,
1122 2694 1212 2739 quod

273 2745 561 2785 familiarehabet,
587 2743 774 2784 invertens,
801 2754 838 2777 ut
862 2743 1109 2788 simplicioribus
1119 2744 1207 2779 vide—

275 2808 363 2832 retur
375 2795 519 2830 universa
530 2794 706 2829 concedere
719 2818 730 2834 ,
755 2794 956 2838 cautioribus
973 2805 1079 2830 autem
1089 2805 1211 2838 perver-

277 2850 350 2888 saS,
375 2847 408 2880 δε
440 2856 508 2880 non
531 2842 676 2879 ferendas
698 2844 877 2879 immiscere
900 2844 1110 2879 conditiones
1131 2870 1141 2878 .
1171 2845 1211 2878 ln

276 2909 346 2932 uno
357 2906 466 2930 tamen
479 2893 685 2930 consentiunt
697 2894 852 2935 universi,
879 2895 969 2939 quod
990 2906 1050 2929 nos
1071 2895 1106 2929 in
1118 2896 1210 2933 oscu·

276 2949 314 2983 lo
337 2947 433 2991 pacis·
447 2947 586 2989 recipere
605 2955 673 2979 non
697 2944 863 2986 adquievit
887 2969 895 2977 .
930 2945 1111 2980 Subintulit
1132 2957 1212 2990 ergo

276 2996 566 3031 Christianisiimus
586 2995 761 3039 Princeps,
787 2993 876 3038 quod
898 3005 956 3037 pro
967 3005 1057 3029 tanta
1077 2996 1212 3039 quanti-

277 3057 345 3081 tate
364 3047 432 3080 auri
455 3072 466 3086 ‚
490 3055 633 3087 quantus
654 3045 720 3089 ipse
741 3043 787 3079 est
809 3053 821 3084 3
856 3055 925 3077 non
947 3045 1128 3080 consuleret
1142 3069 1154 3085 ‚
1177 3054 1213 3078 ut

277 3106 395 3131 terram
407 3095 474 3137 ejus
486 3118 497 3134 ,
523 3094 582 3129 nis-i
596 3094 682 3138 prius
692 3104 826 3137 accepto
838 3092 968 3138 publice
979 3096 1065 3137 pacis
1075 3095 1189 3129 osculo
1201 3119 1212 3135 ,

277 3144 517 3191 ingrederemur
531 3169 539 3176 .
557 3146 599 3178 Et
609 3145 732 3179 Comes
741 3143 958 3179 Theobaldus
968 3144 1086 3186 adiecit
1099 3146 1211 3188 ,quod

276 3196 459 3232 stulziffima
471 3195 675 3238 praesumptio
687 3197 784 3235 esset,
810 3194 922 3228 multis
932 3194 1210 3228 circumstantium

278 3245 336 3280 sibi
348 3244 726 3279 invicemdicentibus&
738 3243 965 3278 reducentibus
982 3244 1022 3277 ad
1040 3244 1186 3277 animum
1202 3268 1212 3283 ,

279 3295 358 3338 quid
373 3295 575 3330 Robertode
585 3294 722 3327 Pilliaco
732 3294 905 3334 acciderit,
931 3294 1006 3337 quia
1029 3304 1086 3326 nec
1109 3295 1210 3336 ipsum

280 3346 428 3378 osculum
439 3345 480 3378 ad
493 3345 580 3388 pacis
591 3345 625 3378 δι
635 3344 812 3377 securitatis
829 3344 1010 3380 custodiam
1027 3343 1101 3377 satis
1122 3344 1213 3377 firma

279 3394 393 3427 ,cautio
406 3395 564 3428 videretur
575 3419 583 3427 .
610 3393 671 3428 Sed
684 3404 741 3426 nec
754 3393 837 3427 istud
850 3395 1037 3436 responsum
1048 3393 1140 3427 suum
1156 3406 1211 3427 no-

280 3443 331 3487 bis
342 3453 397 3493 per
407 3444 551 3486 praefnos
560 3444 738 3488 Episcopos
749 3444 834 3490 pacis
846 3466 857 3485 ‚
883 3454 921 3481 ut
933 3443 1117 3489 sperabatur
1126 3468 1136 3485 ,
1149 3455 1211 3478 tne-

1255 2047 1467 2759 'Sagensen
1477 2098 1561 2132 mifit
1570 2096 1612 2131 ad
1626 2096 1762 2131 Curiam
1775 2119 1787 2136 ,
1811 2107 1847 2130 ut
1860 2095 2047 2141 impediant
2071 2107 2115 2131 ne
2128 2093 2224 2130 vobis

1278 2148 1311 2180 in
1325 2157 1442 2182 terram
1454 2148 1543 2181 suam
1555 2146 1678 2190 legatio
1700 2146 1923 2187 concedatur,
1949 2155 2006 2180 aut
2028 2145 2118 2182 aliud
2130 2144 2223 2190 quod

1295 562 1394 596 guam
1404 554 1555 588 formavit
1564 577 1575 593 ‚
1599 554 1633 587 ὅ(
1644 553 1764 588 direxit
1779 578 1790 594 ,
1818 564 1854 588 ut
1879 565 1955 588 eum
1968 553 2166 588 adstantium
2178 553 2236 589 ad-

1293 603 1467 638 miratione
1492 602 1750 639 sestinantcm'ad
1770 604 1941 639 discessum
1953 612 2102 638 moneret
2129 604 2163 637 ὅ(
2180 614 2232 638 ro-

1295 662 1385 696 garet
1397 675 1409 693 ,
1420 663 1589 697 -quatenus
1601 654 1751 700 diligeret
1763 654 1890 698 Regem
1910 656 1944 689 &
1955 654 2112 699 Regnum
2132 654 2232 688 Fran-

1293 704 1374 742 ciae,
1398 703 1568 747 &ipsum,
1592 704 1669 747 quia
1684 716 1738 748 per
1749 701 1813 739 hoc
1825 704 1936 739 Dei&
1959 703 2137 739 hominum
2160 715 2235 749 gra·-

1295 752 1375 786 tiam
1387 754 1650 797 consequeretur.
1678 755 1866 789 Comitatus
1878 754 1923 789 est
1938 765 2049 790 autem
2070 765 2148 789 eum
2159 754 2233 789 Do·

1294 803 1403 841 minus
1415 801 1489 839 Rex
1507 806 1654 840 'Franciae
1673 807 1776 849 usque
1797 805 1995 840 Medontam
2007 830 2019 846 ,
2044 805 2079 839 δε
2096 803 2173 838 inde
2184 805 2235 838 us-

1293 863 1357 894 que
1377 851 1477 897 prope
1497 853 1696 896 Paciacum,
1719 856 1906 899 exspeCians
1932 866 1968 889 ut
1990 856 2082 899 juxta
2109 852 2233 888 condi—

1291 904 1375 936 &um
1396 905 1532 940 traderet
1552 903 1759 939 Richardum
1776 905 1883 940 filium
1907 906 2002 939 suum
2019 930 2026 938 .
2057 904 2106 938 At
2125 904 2182 938 ille
2198 905 2230 938 se

1292 951 1356 987 hoc
1367 954 1524 988 fastorum
1534 954 1678 999 promisit
1700 955 1733 988 in
1757 954 1926 998 colloquio
1949 955 2139 990 Turonensi
2155 977 2168 995 ,
2194 955 2231 988 in

1287 1012 1356 1044 quo
1367 1004 1534 1039 manifeste
1544 1003 1827 1048 deprehenderunt
1841 1004 2009 1039 Dominus
2023 1005 2098 1039 Rex
2109 1004 2144 1038 ἀ
2155 1003 2227 1044 sui.

1288 1052 1378 1094 quod
1390 1065 1522 1088 rescum
1530 1056 1576 1089 eis
1588 1053 1745 1100 agebatur
1756 1053 1792 1086 in
1802 1052 1883 1087 dolo
1895 1078 1902 1086 .
1930 1053 1974 1086 Et
1998 1055 2077 1088 sicut
2097 1065 2139 1088 ex
2151 1065 2230 1088 con-

1289 1104 1497 1147 sequentibus
1505 1105 1607 1149 signis
1619 1104 1722 1138 visum
1733 1103 1779 1137 est
1789 1126 1801 1142 ‚
1827 1103 1863 1137 in
1874 1102 1996 1137 minori
2006 1101 2163 1137 charitate
2179 1103 2231 1138 di-

1288 1153 1458 1188 scesserunt
1471 1153 1661 1189 abinvicem
1671 1177 1682 1194 ,
1709 1153 1808 1198 quam
1821 1153 1862 1188 ab
1875 1152 1975 1187 initio
1992 1152 2228 1187 convenissent*

1290 1204 1363 1237 Nec
1384 1204 1528 1239 creditur
1548 1204 1755 1246 colloquium
1781 1202 1863 1237 illud
1878 1227 1889 1243 ‚
1917 1201 2076 1247 quodille
2085 1210 2193 1246 captat
2220 1225 2234 1243 ,

1288 1255 1350 1287 effe
1360 1254 1507 1288 fiiturum
1519 1278 1531 1295 ,
1558 1255 1633 1297 quia
1645 1253 1850 1288 machinatio
1864 1252 1931 1287 haec
1943 1253 2055 1287 multis
2065 1261 2156 1297 patet
2164 1252 2230 1287 im·

1287 1303 1480 1346 pedimentis
1495 1329 1502 1336 .
1530 1304 1604 1337 Nos
1616 1304 1683 1336 sine
1695 1304 1848 1346 responso
1860 1302 1927 1345 ejus
1938 1303 1978 1336 ad
1991 1302 2063 1336 loca
2078 1301 2230 1337 consola-

1283 1353 1386 1386 tionis
1397 1352 1493 1387 nobis
1514 1351 1684 1387 Divinitus
1706 1350 1833 1396 provisa
1857 1353 1967 1386 reversi
1980 1352 2112 1391 sumus,
2137 1352 2228 1396 spem

1286 1402 1430 1438 nostram
1453 1402 1662 1446 projicientes
1683 1402 1720 1435 in
1739 1412 1832 1441 eum,
1861 1402 1920 1445 qui
1942 1413 2011 1436 non
2031 1401 2150 1437 deserit
2162 1403 2230 1445 spe·-

1284 1460 1390 1486 rantes
1403 1452 1439 1486 in
1449 1453 1502 1491 se,
1530 1452 1565 1485 &
1586 1450 1774 1484 dilectionis
1800 1451 1906 1484 vestrae
1928 1451 2078 1485 solatium
2103 1450 2228 1495 presto-

1284 1501 1405 1535 lantes.
1433 1501 1507 1535 Rex
1520 1510 1629 1534 autem
1643 1500 1776 1544 Angliae
1786 1499 1827 1533 ad
1839 1499 2034 1544 magistrum
2042 1499 2229 1535 vivianum

1283 1549 1394 1594 poste&
1407 1550 1580 1585 Nuncium
1591 1550 1674 1584 misit
1688 1573 1700 1590 ,
1726 1550 1761 1583 ἀ
1773 1549 1893 1594 viginti
1904 1560 2028 1583 marcas
2040 1569 2054 1589 ς
2070 1559 2107 1584 ut
2118 1548 2226 1592 ajunt,

1283 1610 1402 1647 rogans
1411 1609 1449 1635 ut
1469 1601 1502 1634 se
1522 1599 1883 1635 iterumintromittetet
1893 1598 1936 1634 de
1948 1610 2026 1644 pace
2050 1600 2229 1648 reforman-

1283 1650 1345 1684 da.
1374 1649 1523 1692 Sedille,
1550 1651 1629 1685 sicut
1650 1661 1709 1693 pro
1732 1658 1823 1685 certo
1842 1649 2050 1693 accepimus,
2073 1649 2108 1683 ὅτ,
2132 1658 2228 1693 pecu-

1285 1700 1375 1734 niam
1385 1701 1526 1744 respuit,
1560 1699 1772 1744 &respondit
1781 1699 1813 1734 ei
1827 1699 1965 1740 litteris,
1988 1708 2126 1743 quarum
2147 1698 2229 1734 dilo-

1284 1750 1387 1784 stioni
1400 1751 1509 1784 vestrae
1519 1750 1710 1793 exemplum
1724 1749 1888 1785 mittimus
1898 1772 1906 1782 .
1933 1749 2008 1784 Nec
2017 1749 2062 1783 est
2076 1747 2230 1794 quod-ip-

1282 1800 1353 1832 sum
1363 1799 1404 1833 ad
1415 1810 1528 1843 pacem
1539 1809 1707 1842 tantopere
1719 1809 1831 1842 urgeat
1842 1823 1852 1838 ‚
1865 1808 2027 1842 quantum
2039 1808 2144 1832 metus
2155 1796 2226 1839 ille,

1281 1859 1379 1893 quem
1390 1848 1432 1883 de
1442 1848 1541 1883 vestra
1551 1849 1584 1883 δε
1596 1849 1640 1882 D.
1653 1847 1804 1882 Gratiani
1824 1847 2024 1890 profectione
2044 1849 2199 1891 concepit
2212 1872 2221 1881 .

1290 1898 1363 1932 Nec
1384 1898 1566 1933 Vivianum
1591 1907 1703 1945 captat
1725 1896 1770 1931 ob
1790 1895 1880 1931 aliud
1893 1921 1905 1937 ,
1933 1896 1992 1931 nisi
2014 1906 2050 1931 ut
2060 1896 2225 1934 vestras&

1283 1947 1434 1982 Gratiani
1451 1959 1521 1982 non
1542 1947 1667 1982 incidat
1688 1957 1821 1981 manus.
1849 1946 1960 1984 Nobis
1971 1948 2070 1981 etiarn
2085 1947 2225 1982 relatum

1281 1996 1350 2037 est,
1375 1998 1466 2042 quod
1489 1996 1668 2042 AEgidium
1692 1994 1999 2043 Rothomagensem
2019 1995 2224 2031 Archi-Dia-

1277 2057 1421 2089 conum,
1447 2047 1482 2082 &
1505 2046 1664 2090 Ioannem
1686 2046 1727 2080 de
1751 2045 1967 2088 oxeneford,
1993 2047 2029 2080 δε
2057 2047 2222 2089 Ioannem

1276 2196 1307 2230 ei
1329 2198 1379 2232 vel
1399 2198 1530 2232 Comiti
1554 2196 1714 2231 Flandriae
1736 2196 1902 2239 poffitesse
1923 2195 2098 2230 molestum
2112 2222 2120 2231 .
2144 2194 2221 2230 Vos

1277 2246 1488 2282 Nunciorum
1501 2247 1651 2292 personas
1665 2258 1724 2291 pro
1737 2255 1825 2289 parte
1836 2245 1971 2280 novistis
1983 2269 1994 2286 ,
2021 2245 2074 2280 sed
2088 2244 2223 2281 fortasse

1277 2297 1401 2339 plenius
1414 2298 1516 2331 nostri
1529 2322 1540 2338 ,
1550 2298 1608 2341 qui
1621 2298 1715 2332 vestri
1728 2297 1832 2340 gratia
1845 2296 2018 2331 nobiscum
2029 2297 2115 2330 sunt.
2128 2294 2221 2330 cnm

1275 2357 1356 2391 ergo
1365 2346 1407 2381 de
1419 2347 1520 2381 vestra
1532 2348 1714 2382 sinceritate
1725 2347 1758 2381 δε
1772 2347 1915 2381 Domini
1927 2346 2099 2384 Gratiani,
2118 2355 2220 2390 quam

1274 2397 1502 2440 expertusest,
1529 2396 1594 2430 fide
1615 2406 1724 2430 tantus
1746 2394 1917 2429 hominem
1939 2396 2035 2429 illum
2055 2395 2158 2429 timor
2170 2395 2222 2428 in-

1276 2446 1389 2481 vaserit
1400 2470 1412 2486 ,
1438 2446 1511 2480 luce
1522 2446 1639 2481 clarius
1651 2445 1696 2479 est
1706 2446 1721 2484 ,’
1749 2444 1838 2488 quod
1851 2445 1871 2476 si
1885 2455 1960 2478 eum
1974 2445 2145 2477 Dominus
2156 2443 2220 2478 1²2-

1276 2507 1315 2540 pa
1328 2496 1649 2532 abinitioterruiffet
1670 2494 1870 2531 authoritate
1893 2493 2019 2527 Summi
2042 2491 2218 2527 Pontificis

1276 2547 1383 2590 potins
1395 2570 1407 2587 ,
1431 2546 1530 2590 quam
1541 2545 1709 2580 sustineret
1732 2545 1783 2590 pia
1801 2543 2048 2578 mansuetudine
2073 2540 2179 2576 Patris
2204 2567 2217 2583 ,

1273 2596 1338 2640 jam
1353 2597 1495 2633 Ecclesia
1506 2597 1574 2631 Dei
1587 2597 1605 2630 a
1617 2595 1731 2630 multis
1743 2593 1856 2629 diebus
1869 2594 2017 2628 serenata
2030 2591 2139 2626 fuisset
2147 2613 2159 2630 ,
2181 2591 2216 2626 ἃ.

1272 2646 1480 2681 detumuisset
1491 2648 1585 2680 furor
1600 2644 1770 2684 hominis,
1795 2643 1851 2687 qui
1871 2634 2033 2687 fugie‘ntes
2052 2642 2086 2676 &
2099 2639 2216 2675 imbes-

1274 2697 1318 2731 les
1330 2698 1397 2731 fine
1407 2696 1615 2731 miseratione
1627 2694 1821 2739 persequitur
1834 2718 1844 2733 ,
1870 2694 1904 2726 &
1917 2692 2050 2731 viriliter
2072 2690 2215 2726 resisten-

1272 2747 1360 2781 tibus
1371 2745 1467 2782 cedit.
1482 2745 1620 2780 Miseria:
1632 2745 1744 2780 nostrae
1761 2742 1985 2782 conditionem
1998 2742 2070 2785 'pro
2082 2750 2174 2784 parte
2198 2765 2212 2783 ,

1273 2799 1350 2842 quia
1363 2795 1567 2832 fastidiosum
1577 2796 1655 2830 esset
1674 2795 1836 2833 recensere
1856 2790 2003 2837 singula,
2029 2790 2212 2835 deploravi-

1273 2859 1345 2882 mus
1359 2848 1394 2881 iu
1406 2846 1538 2881 auribus
1550 2844 1678 2880 vestris:
1708 2844 1816 2878 vestra»,
1833 2842 2038 2887 dignationis
2061 2842 2095 2875 δε
2107 2840 2211 2876 chari-

1273 2899 1348 2932 tatis
1361 2898 1422 2931 erit
1433 2898 1605 2941 impetrare
1616 2895 1635 2929 ὲ
1646 2894 1800 2929 Domino
1815 2891 1918 2935 Papa,
1933 2901 1969 2926 ut
1983 2891 2129 2926 Ecclesiae
2140 2890 2210 2924 Dei

1274 2949 1307 2982 δε
1320 2947 1415 2981 nobis
1429 2971 1440 2987 ,
1468 2948 1503 2981 &
1515 2945 1650 2980 miseriis
1661 2944 1796 2981 nostris,
1823 2941 2051 2986 expedientem
2074 2941 2107 2975 ἀ
2118 2941 2149 2975 se
2161 2940 2211 2974 di-

1273 3007 1373 3042 gnam
1385 2997 1552 3045 provideat
1563 3004 1673 3039 pacem
1691 3006 1698 3026 :
1725 2992 1841 3034 quiain
1854 3002 1931 3025 eum
1954 2991 2041 3026 oculi
2053 2990 2207 3028 omnium

1273 3047 1489 3088 directi-sunt,
1515 3045 1728 3087 exspestantes
1749 3042 1828 3087 quid
1850 3043 1988 3076 facturus
2012 3041 2094 3076 sitin
2110 3039 2207 3082 caiisa

1274 3097 1332 3131 ista
1342 3121 1350 3129 .
1377 3096 1410 3130 Si
1425 3107 1535 3138 raptor
1543 3093 1648 3130 ablata
1662 3105 1729 3128 non
1741 3093 1914 3127 restituerit
1928 3102 1982 3126 aut
1994 3086 2182 3127 satisfecerit
2191 3114 2205 3130 ,

1274 3148 1296 3181 fi
1309 3157 1429 3181 novam
1446 3148 1480 3181 δε
1501 3154 1606 3190 praetet
1628 3143 1774 3178 Ecclesiae
1795 3153 1920 3177 morem
1942 3143 1960 3176 a
1975 3141 2072 3175 nobis
2082 3139 2206 3183 obliga·

1273 3198 1399 3231 tionem
1419 3194 1585 3231 extorscrit
1606 3219 1617 3234 ,
1651 3194 1821 3237 praesertim
1854 3192 2052 3227 authoritate
2075 3189 2205 3226 Summi

1275 3247 1467 3287 Pontis-icis,
1493 3245 1647 3291 pernicies
1656 3243 1799 3287 exempli
1812 3254 1877 3276 non
1889 3242 2018 3277 debitur
2032 3240 2066 3274 in
2091 3238 2206 3283 sempi—

1275 3308 1402 3331 ternum
1413 3321 1424 3337 ‚
1449 3295 1501 3329 sed
1511 3297 1529 3328 a
1544 3294 1639 3328 nobis
1650 3295 1859 3329 transferetur
1870 3293 1903 3327 in
1916 3292 1995 3325 alias
2011 3290 2162 3325 nationes
2189 3313 2198 3321 .

1274 3346 1368 3398 Qffl
1381 3356 1489 3381 autem
1499 3344 1607 3378 minus
1617 3345 1722 3389 exigit
1734 3345 1839 3387 potuit
1850 3368 1860 3384 ‚
1885 3343 1981 3386 quam
2008 3340 2042 3375 id
2061 3338 2148 3384 quod
2157 3336 2198 3371 de

1276 3399 1405 3431 suorum
1417 3394 1550 3429 arbitrio
1562 3397 1724 3428 contracta
1735 3395 1769 3428 δε
1791 3393 1943 3437 castigata
1962 3392 2111 3426 continet
2133 3386 2199 3420 sub-

1277 3448 1389 3492 scripta
1406 3445 1524 3490 petitio
1539 3446 1558 3478 ¹?
1593 3446 1675 3481 Sane
1700 3445 1722 3479 fi
1738 3444 1903 3487 Dominus
1928 3442 2014 3487 Papa
2039 3438 2100 3522 ve}i
2111 3445 2199 3470 ⁰⁰⁰0

2024 3499 2077 3527 tan
2102 3497 2154 3523 em
