<?xml version="1.0" encoding="UTF-8"?>
<!DOCTYPE html PUBLIC "-//W3C//DTD XHTML 1.0 Transitional//EN"
    "http://www.w3.org/TR/xhtml1/DTD/xhtml1-transitional.dtd">
<html xmlns="http://www.w3.org/1999/xhtml" xml:lang="en" lang="en">
 <head>
  <title>
</title>
<meta http-equiv="Content-Type" content="text/html;charset=utf-8" />
  <meta name='ocr-system' content='tesseract 3.04.00' />
  <meta name='ocr-capabilities' content='ocr_page ocr_carea ocr_par ocr_line ocrx_word'/>
</head>
<body>
  <div class='ocr_page' id='page_1' title='image "./operaomniastudio10lupuuoft/operaomniastudio10lupuuoft_0310.png"; bbox 0 0 2358 3776; ppageno 0'>
   <div class='ocr_carea' id='block_1_1' title="bbox 408 136 503 186">
    <p class='ocr_par' dir='ltr' id='par_1_1' title="bbox 408 136 503 186">
     <span class='ocr_line' id='line_1_1' title="bbox 408 136 503 186; baseline -0.063 0"><span class='ocrx_word' id='word_1_1' title='bbox 408 136 503 186; x_wconf 85' lang='lat'>288</span> 
     </span>
    </p>
   </div>
   <div class='ocr_carea' id='block_1_2' title="bbox 439 266 1140 304">
    <p class='ocr_par' dir='ltr' id='par_1_2' title="bbox 439 266 1140 304">
     <span class='ocr_line' id='line_1_2' title="bbox 439 266 1140 304; baseline -0.003 -2"><span class='ocrx_word' id='word_1_2' title='bbox 439 266 852 304; x_wconf 69' lang='lat' dir='ltr'>EpisToLA</span> <span class='ocrx_word' id='word_1_3' title='bbox 963 267 1140 303; x_wconf 78' lang='lat' dir='ltr'>Lxxxn.</span> 
     </span>
    </p>
   </div>
   <div class='ocr_carea' id='block_1_3' title="bbox 335 365 1281 422">
    <p class='ocr_par' dir='ltr' id='par_1_3' title="bbox 335 365 1281 422">
     <span class='ocr_line' id='line_1_3' title="bbox 335 365 1281 422; baseline -0.005 -19"><span class='ocrx_word' id='word_1_4' title='bbox 335 367 504 422; x_wconf 57' lang='lat' dir='ltr'>Alexaftdro</span> <span class='ocrx_word' id='word_1_5' title='bbox 521 371 617 410; x_wconf 76' lang='lat' dir='ltr'>Papae</span> <span class='ocrx_word' id='word_1_6' title='bbox 634 369 839 402; x_wconf 73' lang='lat' dir='ltr'>Baldewtnus</span> <span class='ocrx_word' id='word_1_7' title='bbox 855 365 1060 407; x_wconf 73' lang='lat' dir='ltr'>Noviomenfis</span> <span class='ocrx_word' id='word_1_8' title='bbox 1078 367 1246 412; x_wconf 70' lang='lat' dir='ltr'>Episcopus</span> <span class='ocrx_word' id='word_1_9' title='bbox 1273 391 1281 398; x_wconf 89' lang='lat'><strong>.</strong></span> 
     </span>
    </p>
   </div>
   <div class='ocr_carea' id='block_1_4' title="bbox 308 466 1278 1712">
    <p class='ocr_par' dir='ltr' id='par_1_4' title="bbox 404 466 1278 513">
     <span class='ocr_line' id='line_1_4' title="bbox 404 466 1278 513; baseline 0 -13"><span class='ocrx_word' id='word_1_10' title='bbox 404 466 619 503; x_wconf 85' lang='lat' dir='ltr'>ERREUM</span> <span class='ocrx_word' id='word_1_11' title='bbox 647 467 755 509; x_wconf 69' lang='lat' dir='ltr'>peetus</span> <span class='ocrx_word' id='word_1_12' title='bbox 776 466 822 501; x_wconf 81' lang='lat' dir='ltr'>est</span> <span class='ocrx_word' id='word_1_13' title='bbox 844 477 901 502; x_wconf 86' lang='lat' dir='ltr'>aut</span> <span class='ocrx_word' id='word_1_14' title='bbox 922 466 1107 510; x_wconf 83' lang='lat' dir='ltr'>lapideum,</span> <span class='ocrx_word' id='word_1_15' title='bbox 1132 467 1223 513; x_wconf 83' lang='lat' dir='ltr'>quod</span> <span class='ocrx_word' id='word_1_16' title='bbox 1239 467 1278 501; x_wconf 88' lang='lat' dir='ltr'>ad</span> 
     </span>
    </p>

    <p class='ocr_par' dir='ltr' id='par_1_5' title="bbox 308 517 1277 1712">
     <span class='ocr_line' id='line_1_5' title="bbox 427 517 1276 553; baseline 0 -3"><span class='ocrx_word' id='word_1_17' title='bbox 427 518 595 551; x_wconf 85' lang='lat' dir='ltr'>labores&amp;</span> <span class='ocrx_word' id='word_1_18' title='bbox 608 527 766 550; x_wconf 79' lang='lat' dir='ltr'>aerumnas</span> <span class='ocrx_word' id='word_1_19' title='bbox 783 517 1026 551; x_wconf 83' lang='lat' dir='ltr'>Cantuarienfis</span> <span class='ocrx_word' id='word_1_20' title='bbox 1049 517 1194 553; x_wconf 82' lang='lat' dir='ltr'>Ecclesiae</span> <span class='ocrx_word' id='word_1_21' title='bbox 1210 530 1276 552; x_wconf 88' lang='lat' dir='ltr'>non</span> 
     </span>
     <span class='ocr_line' id='line_1_6' title="bbox 330 565 1277 611; baseline 0 -10"><span class='ocrx_word' id='word_1_22' title='bbox 330 566 482 601; x_wconf 75' lang='lat' dir='ltr'>anxiatur</span> <span class='ocrx_word' id='word_1_23' title='bbox 504 591 510 598; x_wconf 88' lang='lat'><strong><em>.</em></strong></span> <span class='ocrx_word' id='word_1_24' title='bbox 540 567 583 600; x_wconf 88' lang='lat' dir='ltr'>Et</span> <span class='ocrx_word' id='word_1_25' title='bbox 606 565 807 602; x_wconf 76' lang='lat' dir='ltr'>inhumanos</span> <span class='ocrx_word' id='word_1_26' title='bbox 820 567 918 601; x_wconf 86' lang='lat' dir='ltr'>habet</span> <span class='ocrx_word' id='word_1_27' title='bbox 930 567 1046 601; x_wconf 87' lang='lat' dir='ltr'>oculos</span> <span class='ocrx_word' id='word_1_28' title='bbox 1061 592 1070 606; x_wconf 93' lang='lat'>,</span> <span class='ocrx_word' id='word_1_29' title='bbox 1098 568 1277 611; x_wconf 81' lang='lat' dir='ltr'>quiintan·</span> 
     </span>
     <span class='ocr_line' id='line_1_7' title="bbox 329 615 1275 662; baseline -0.001 -13"><span class='ocrx_word' id='word_1_30' title='bbox 329 618 373 649; x_wconf 83' lang='lat' dir='ltr'>ris</span> <span class='ocrx_word' id='word_1_31' title='bbox 384 615 533 650; x_wconf 70' lang='lat' dir='ltr'>Ecclesiae</span> <span class='ocrx_word' id='word_1_32' title='bbox 546 615 722 661; x_wconf 79' lang='lat' dir='ltr'>lachrymis</span> <span class='ocrx_word' id='word_1_33' title='bbox 747 617 881 662; x_wconf 70' lang='lat' dir='ltr'>potesta</span> <span class='ocrx_word' id='word_1_34' title='bbox 903 616 1081 660; x_wconf 78' lang='lat' dir='ltr'>lachrymis</span> <span class='ocrx_word' id='word_1_35' title='bbox 1095 618 1254 652; x_wconf 85' lang='lat' dir='ltr'>abstinere</span> <span class='ocrx_word' id='word_1_36' title='bbox 1268 642 1275 648; x_wconf 94' lang='lat'>.</span> 
     </span>
     <span class='ocr_line' id='line_1_8' title="bbox 327 665 1277 711; baseline 0 -11"><span class='ocrx_word' id='word_1_37' title='bbox 327 667 495 700; x_wconf 85' lang='lat' dir='ltr'>Omnibus</span> <span class='ocrx_word' id='word_1_38' title='bbox 516 665 676 703; x_wconf 87' lang='lat' dir='ltr'>illabonis</span> <span class='ocrx_word' id='word_1_39' title='bbox 693 667 813 702; x_wconf 82' lang='lat' dir='ltr'>flebilis</span> <span class='ocrx_word' id='word_1_40' title='bbox 834 667 878 701; x_wconf 88' lang='lat' dir='ltr'>est</span> <span class='ocrx_word' id='word_1_41' title='bbox 914 691 924 707; x_wconf 93' lang='lat'>,</span> <span class='ocrx_word' id='word_1_42' title='bbox 952 666 1003 701; x_wconf 88' lang='lat' dir='ltr'>sed</span> <span class='ocrx_word' id='word_1_43' title='bbox 1029 667 1111 701; x_wconf 89' lang='lat' dir='ltr'>nulli</span> <span class='ocrx_word' id='word_1_44' title='bbox 1136 679 1192 702; x_wconf 88' lang='lat' dir='ltr'>aut</span> <span class='ocrx_word' id='word_1_45' title='bbox 1203 679 1277 711; x_wconf 88' lang='lat' dir='ltr'>pau·</span> 
     </span>
     <span class='ocr_line' id='line_1_9' title="bbox 326 716 1274 762; baseline -0.001 -11"><span class='ocrx_word' id='word_1_46' title='bbox 326 718 375 751; x_wconf 86' lang='lat' dir='ltr'>cis</span> <span class='ocrx_word' id='word_1_47' title='bbox 399 718 433 750; x_wconf 90' lang='lat' dir='ltr'>in</span> <span class='ocrx_word' id='word_1_48' title='bbox 460 716 581 762; x_wconf 82' lang='lat' dir='ltr'>Regno</span> <span class='ocrx_word' id='word_1_49' title='bbox 603 719 802 752; x_wconf 80' lang='lat' dir='ltr'>Francorum</span> <span class='ocrx_word' id='word_1_50' title='bbox 825 716 965 753; x_wconf 88' lang='lat' dir='ltr'>flebilior</span> <span class='ocrx_word' id='word_1_51' title='bbox 986 718 1048 752; x_wconf 80' lang='lat' dir='ltr'>esse</span> <span class='ocrx_word' id='word_1_52' title='bbox 1069 718 1166 752; x_wconf 88' lang='lat' dir='ltr'>debet</span> <span class='ocrx_word' id='word_1_53' title='bbox 1179 718 1274 762; x_wconf 74' lang='lat' dir='ltr'>quam</span> 
     </span>
     <span class='ocr_line' id='line_1_10' title="bbox 325 765 1272 813; baseline -0.001 -12"><span class='ocrx_word' id='word_1_54' title='bbox 325 765 433 806; x_wconf 90' lang='lat' dir='ltr'>mihi,</span> <span class='ocrx_word' id='word_1_55' title='bbox 458 768 557 810; x_wconf 87' lang='lat' dir='ltr'>qui&amp;</span> <span class='ocrx_word' id='word_1_56' title='bbox 579 769 718 813; x_wconf 86' lang='lat' dir='ltr'>gloriam</span> <span class='ocrx_word' id='word_1_57' title='bbox 730 768 796 810; x_wconf 83' lang='lat' dir='ltr'>ejus</span> <span class='ocrx_word' id='word_1_58' title='bbox 810 767 876 801; x_wconf 86' lang='lat' dir='ltr'>vidi</span> <span class='ocrx_word' id='word_1_59' title='bbox 903 792 914 808; x_wconf 90' lang='lat'>,</span> <span class='ocrx_word' id='word_1_60' title='bbox 939 768 974 801; x_wconf 76' lang='grc' dir='ltr'>δε</span> <span class='ocrx_word' id='word_1_61' title='bbox 990 768 1148 803; x_wconf 88' lang='lat' dir='ltr'>beneficia</span> <span class='ocrx_word' id='word_1_62' title='bbox 1171 768 1247 803; x_wconf 88' lang='lat' dir='ltr'>senfi</span> <span class='ocrx_word' id='word_1_63' title='bbox 1261 793 1272 808; x_wconf 88' lang='lat'>,</span> 
     </span>
     <span class='ocr_line' id='line_1_11' title="bbox 324 816 1274 863; baseline 0 -12"><span class='ocrx_word' id='word_1_64' title='bbox 324 816 360 851; x_wconf 66' lang='grc' dir='ltr'>ὅ(</span> <span class='ocrx_word' id='word_1_65' title='bbox 381 816 574 851; x_wconf 73' lang='lat' dir='ltr'>familiarius</span> <span class='ocrx_word' id='word_1_66' title='bbox 596 819 719 863; x_wconf 86' lang='lat' dir='ltr'>agnovi</span> <span class='ocrx_word' id='word_1_67' title='bbox 744 817 957 852; x_wconf 86' lang='lat' dir='ltr'>devotionem</span> <span class='ocrx_word' id='word_1_68' title='bbox 970 842 982 856; x_wconf 88' lang='lat'>,</span> <span class='ocrx_word' id='word_1_69' title='bbox 1007 829 1052 862; x_wconf 89' lang='lat' dir='ltr'>qu</span> <span class='ocrx_word' id='word_1_70' title='bbox 1061 830 1113 853; x_wconf 90' lang='lat' dir='ltr'>am</span> <span class='ocrx_word' id='word_1_71' title='bbox 1127 819 1274 853; x_wconf 82' lang='lat' dir='ltr'>Ecclefiae</span> 
     </span>
     <span class='ocr_line' id='line_1_12' title="bbox 323 866 1272 912; baseline 0.002 -13"><span class='ocrx_word' id='word_1_72' title='bbox 323 866 486 901; x_wconf 83' lang='lat' dir='ltr'>Romana:</span> <span class='ocrx_word' id='word_1_73' title='bbox 517 868 637 912; x_wconf 83' lang='lat' dir='ltr'>semper</span> <span class='ocrx_word' id='word_1_74' title='bbox 657 867 808 903; x_wconf 81' lang='lat' dir='ltr'>exhibuit</span> <span class='ocrx_word' id='word_1_75' title='bbox 835 892 844 900; x_wconf 90' lang='lat'><strong>.</strong></span> <span class='ocrx_word' id='word_1_76' title='bbox 881 869 1012 911; x_wconf 87' lang='lat' dir='ltr'>Semper</span> <span class='ocrx_word' id='word_1_77' title='bbox 1033 869 1125 903; x_wconf 89' lang='lat' dir='ltr'>enim</span> <span class='ocrx_word' id='word_1_78' title='bbox 1144 892 1155 907; x_wconf 90' lang='lat'>‚</span> <span class='ocrx_word' id='word_1_79' title='bbox 1184 868 1272 911; x_wconf 89' lang='lat' dir='ltr'>quod</span> 
     </span>
     <span class='ocr_line' id='line_1_13' title="bbox 323 916 1273 961; baseline 0.002 -12"><span class='ocrx_word' id='word_1_80' title='bbox 323 916 403 950; x_wconf 75' lang='lat' dir='ltr'>alias</span> <span class='ocrx_word' id='word_1_81' title='bbox 415 919 572 961; x_wconf 84' lang='lat' dir='ltr'>nusquam</span> <span class='ocrx_word' id='word_1_82' title='bbox 597 918 726 953; x_wconf 80' lang='lat' dir='ltr'>auditur</span> <span class='ocrx_word' id='word_1_83' title='bbox 750 928 805 952; x_wconf 91' lang='lat' dir='ltr'>aut</span> <span class='ocrx_word' id='word_1_84' title='bbox 829 918 924 960; x_wconf 78' lang='lat' dir='ltr'>rard,</span> <span class='ocrx_word' id='word_1_85' title='bbox 961 917 1074 953; x_wconf 88' lang='lat' dir='ltr'>habuit</span> <span class='ocrx_word' id='word_1_86' title='bbox 1097 919 1273 955; x_wconf 89' lang='lat' dir='ltr'>Cantuaria</span> 
     </span>
     <span class='ocr_line' id='line_1_14' title="bbox 323 965 1273 1013; baseline 0.002 -13"><span class='ocrx_word' id='word_1_87' title='bbox 323 965 509 1012; x_wconf 84' lang='lat' dir='ltr'>Episcopos</span> <span class='ocrx_word' id='word_1_88' title='bbox 530 968 761 1007; x_wconf 81' lang='lat' dir='ltr'>Confeffores,</span> <span class='ocrx_word' id='word_1_89' title='bbox 788 969 898 1012; x_wconf 76' lang='lat' dir='ltr'>&amp;qui</span> <span class='ocrx_word' id='word_1_90' title='bbox 924 979 980 1003; x_wconf 84' lang='lat' dir='ltr'>aut</span> <span class='ocrx_word' id='word_1_91' title='bbox 1004 970 1172 1013; x_wconf 88' lang='lat' dir='ltr'>Martyrio</span> <span class='ocrx_word' id='word_1_92' title='bbox 1182 980 1273 1002; x_wconf 87' lang='lat' dir='ltr'>coro·</span> 
     </span>
     <span class='ocr_line' id='line_1_15' title="bbox 318 1018 1269 1063; baseline 0.002 -13"><span class='ocrx_word' id='word_1_93' title='bbox 318 1018 387 1051; x_wconf 90' lang='lat' dir='ltr'>nati</span> <span class='ocrx_word' id='word_1_94' title='bbox 410 1019 483 1052; x_wconf 91' lang='lat' dir='ltr'>sunt</span> <span class='ocrx_word' id='word_1_95' title='bbox 495 1030 554 1061; x_wconf 86' lang='lat' dir='ltr'>pro</span> <span class='ocrx_word' id='word_1_96' title='bbox 565 1019 646 1053; x_wconf 87' lang='lat' dir='ltr'>Fide</span> <span class='ocrx_word' id='word_1_97' title='bbox 670 1018 816 1059; x_wconf 88' lang='lat' dir='ltr'>Christi,</span> <span class='ocrx_word' id='word_1_98' title='bbox 844 1029 901 1054; x_wconf 82' lang='lat' dir='ltr'>aut</span> <span class='ocrx_word' id='word_1_99' title='bbox 921 1020 1041 1053; x_wconf 84' lang='lat' dir='ltr'>Exules</span> <span class='ocrx_word' id='word_1_100' title='bbox 1057 1021 1091 1053; x_wconf 80' lang='grc' dir='ltr'>δε</span> <span class='ocrx_word' id='word_1_101' title='bbox 1105 1019 1269 1063; x_wconf 82' lang='lat' dir='ltr'>proscripti</span> 
     </span>
     <span class='ocr_line' id='line_1_16' title="bbox 319 1067 1270 1112; baseline 0.003 -13"><span class='ocrx_word' id='word_1_102' title='bbox 319 1067 394 1099; x_wconf 83' lang='lat' dir='ltr'>sunt</span> <span class='ocrx_word' id='word_1_103' title='bbox 416 1079 475 1109; x_wconf 90' lang='lat' dir='ltr'>pro</span> <span class='ocrx_word' id='word_1_104' title='bbox 491 1067 617 1112; x_wconf 80' lang='lat' dir='ltr'>justitia</span> <span class='ocrx_word' id='word_1_105' title='bbox 639 1069 672 1102; x_wconf 87' lang='lat'>&amp;</span> <span class='ocrx_word' id='word_1_106' title='bbox 691 1069 1029 1104; x_wconf 29' lang='lat' dir='ltr'>libertatessEcclefiae.</span> <span class='ocrx_word' id='word_1_107' title='bbox 1069 1069 1111 1103; x_wconf 81' lang='lat' dir='ltr'>Er</span> <span class='ocrx_word' id='word_1_108' title='bbox 1139 1069 1270 1111; x_wconf 86' lang='lat' dir='ltr'>quidem</span> 
     </span>
     <span class='ocr_line' id='line_1_17' title="bbox 320 1116 1269 1163; baseline 0.002 -13"><span class='ocrx_word' id='word_1_109' title='bbox 320 1116 402 1155; x_wconf 88' lang='lat' dir='ltr'>ille,</span> <span class='ocrx_word' id='word_1_110' title='bbox 428 1117 768 1163; x_wconf 79' lang='lat' dir='ltr'>quinunceipraeest,</span> <span class='ocrx_word' id='word_1_111' title='bbox 798 1119 912 1163; x_wconf 85' lang='lat' dir='ltr'>implet</span> <span class='ocrx_word' id='word_1_112' title='bbox 927 1120 1112 1154; x_wconf 89' lang='lat' dir='ltr'>mensuram</span> <span class='ocrx_word' id='word_1_113' title='bbox 1138 1119 1269 1153; x_wconf 80' lang='lat' dir='ltr'>Parrum</span> 
     </span>
     <span class='ocr_line' id='line_1_18' title="bbox 317 1167 1271 1212; baseline 0.004 -13"><span class='ocrx_word' id='word_1_114' title='bbox 317 1167 466 1200; x_wconf 83' lang='lat' dir='ltr'>suorum:</span> <span class='ocrx_word' id='word_1_115' title='bbox 491 1168 526 1202; x_wconf 77' lang='grc' dir='ltr'>ὅτ.</span> <span class='ocrx_word' id='word_1_116' title='bbox 545 1178 605 1211; x_wconf 79' lang='lat' dir='ltr'>pro</span> <span class='ocrx_word' id='word_1_117' title='bbox 623 1168 750 1205; x_wconf 86' lang='lat' dir='ltr'>honore</span> <span class='ocrx_word' id='word_1_118' title='bbox 770 1168 859 1210; x_wconf 88' lang='lat' dir='ltr'>Dei,</span> <span class='ocrx_word' id='word_1_119' title='bbox 887 1169 1041 1212; x_wconf 85' lang='lat' dir='ltr'>ficutjam</span> <span class='ocrx_word' id='word_1_120' title='bbox 1053 1171 1182 1211; x_wconf 86' lang='lat' dir='ltr'>utrique</span> <span class='ocrx_word' id='word_1_121' title='bbox 1202 1170 1271 1203; x_wconf 89' lang='lat' dir='ltr'>Re·-</span> 
     </span>
     <span class='ocr_line' id='line_1_19' title="bbox 316 1219 1270 1263; baseline 0.003 -13"><span class='ocrx_word' id='word_1_122' title='bbox 316 1227 387 1261; x_wconf 89' lang='lat' dir='ltr'>gno</span> <span class='ocrx_word' id='word_1_123' title='bbox 422 1228 464 1251; x_wconf 82' lang='lat' dir='ltr'>ex</span> <span class='ocrx_word' id='word_1_124' title='bbox 486 1219 580 1262; x_wconf 83' lang='lat' dir='ltr'>ipsius</span> <span class='ocrx_word' id='word_1_125' title='bbox 598 1220 808 1263; x_wconf 85' lang='lat' dir='ltr'>persecutoris</span> <span class='ocrx_word' id='word_1_126' title='bbox 834 1220 882 1255; x_wconf 91' lang='lat' dir='ltr'>sui</span> <span class='ocrx_word' id='word_1_127' title='bbox 913 1219 1042 1263; x_wconf 89' lang='lat' dir='ltr'>publica</span> <span class='ocrx_word' id='word_1_128' title='bbox 1065 1219 1270 1254; x_wconf 82' lang='lat' dir='ltr'>confeffione</span> 
     </span>
     <span class='ocr_line' id='line_1_20' title="bbox 313 1267 1264 1313; baseline 0.001 -13"><span class='ocrx_word' id='word_1_129' title='bbox 313 1267 465 1302; x_wconf 90' lang='lat' dir='ltr'>innotuit</span> <span class='ocrx_word' id='word_1_130' title='bbox 478 1292 490 1309; x_wconf 89' lang='lat'>‚</span> <span class='ocrx_word' id='word_1_131' title='bbox 514 1268 581 1310; x_wconf 74' lang='lat' dir='ltr'>jam</span> <span class='ocrx_word' id='word_1_132' title='bbox 598 1271 812 1313; x_wconf 82' lang='lat' dir='ltr'>quinquenne</span> <span class='ocrx_word' id='word_1_133' title='bbox 823 1269 967 1303; x_wconf 84' lang='lat' dir='ltr'>exilium</span> <span class='ocrx_word' id='word_1_134' title='bbox 985 1270 1264 1313; x_wconf 86' lang='lat' dir='ltr'>proscriptusagit.</span> 
     </span>
     <span class='ocr_line' id='line_1_21' title="bbox 314 1316 1269 1363; baseline 0.002 -13"><span class='ocrx_word' id='word_1_135' title='bbox 314 1316 440 1351; x_wconf 79' lang='lat' dir='ltr'>Verum</span> <span class='ocrx_word' id='word_1_136' title='bbox 462 1318 640 1352; x_wconf 74' lang='lat' dir='ltr'>decessores</span> <span class='ocrx_word' id='word_1_137' title='bbox 663 1318 710 1352; x_wconf 90' lang='lat' dir='ltr'>sui</span> <span class='ocrx_word' id='word_1_138' title='bbox 736 1344 748 1360; x_wconf 92' lang='lat'>‚</span> <span class='ocrx_word' id='word_1_139' title='bbox 784 1319 866 1353; x_wconf 81' lang='lat' dir='ltr'>ficut</span> <span class='ocrx_word' id='word_1_140' title='bbox 885 1318 1005 1363; x_wconf 90' lang='lat' dir='ltr'>legitur</span> <span class='ocrx_word' id='word_1_141' title='bbox 1027 1320 1063 1353; x_wconf 86' lang='lat' dir='ltr'>in</span> <span class='ocrx_word' id='word_1_142' title='bbox 1091 1318 1233 1353; x_wconf 82' lang='lat' dir='ltr'>historiis</span> <span class='ocrx_word' id='word_1_143' title='bbox 1259 1343 1269 1358; x_wconf 93' lang='lat'>,</span> 
     </span>
     <span class='ocr_line' id='line_1_22' title="bbox 312 1367 1270 1412; baseline 0.001 -12"><span class='ocrx_word' id='word_1_144' title='bbox 312 1376 370 1401; x_wconf 76' lang='lat' dir='ltr'>aut</span> <span class='ocrx_word' id='word_1_145' title='bbox 395 1367 576 1402; x_wconf 89' lang='lat' dir='ltr'>viventium</span> <span class='ocrx_word' id='word_1_146' title='bbox 597 1377 726 1402; x_wconf 84' lang='lat' dir='ltr'>tenetur</span> <span class='ocrx_word' id='word_1_147' title='bbox 750 1368 906 1402; x_wconf 88' lang='lat' dir='ltr'>memoria</span> <span class='ocrx_word' id='word_1_148' title='bbox 932 1393 943 1409; x_wconf 96' lang='lat'>,</span> <span class='ocrx_word' id='word_1_149' title='bbox 978 1368 1038 1402; x_wconf 87' lang='lat' dir='ltr'>soli</span> <span class='ocrx_word' id='word_1_150' title='bbox 1060 1368 1096 1401; x_wconf 88' lang='lat' dir='ltr'>in</span> <span class='ocrx_word' id='word_1_151' title='bbox 1134 1368 1270 1412; x_wconf 86' lang='lat' dir='ltr'>propriis</span> 
     </span>
     <span class='ocr_line' id='line_1_23' title="bbox 314 1417 1269 1461; baseline 0 -11"><span class='ocrx_word' id='word_1_152' title='bbox 314 1417 459 1458; x_wconf 75' lang='lat' dir='ltr'>personis</span> <span class='ocrx_word' id='word_1_153' title='bbox 479 1418 640 1457; x_wconf 73' lang='lat' dir='ltr'>exilium,</span> <span class='ocrx_word' id='word_1_154' title='bbox 674 1427 731 1450; x_wconf 89' lang='lat' dir='ltr'>aut</span> <span class='ocrx_word' id='word_1_155' title='bbox 756 1418 1001 1460; x_wconf 75' lang='lat' dir='ltr'>proscriptionis</span> <span class='ocrx_word' id='word_1_156' title='bbox 1026 1418 1178 1461; x_wconf 79' lang='lat' dir='ltr'>injuriam</span> <span class='ocrx_word' id='word_1_157' title='bbox 1206 1429 1269 1461; x_wconf 85' lang='lat' dir='ltr'>per-</span> 
     </span>
     <span class='ocr_line' id='line_1_24' title="bbox 312 1465 1268 1510; baseline 0.002 -11"><span class='ocrx_word' id='word_1_158' title='bbox 312 1466 478 1500; x_wconf 83' lang='lat' dir='ltr'>tulerunt.</span> <span class='ocrx_word' id='word_1_159' title='bbox 506 1465 580 1498; x_wconf 88' lang='lat' dir='ltr'>Hic</span> <span class='ocrx_word' id='word_1_160' title='bbox 599 1474 709 1499; x_wconf 84' lang='lat' dir='ltr'>autem</span> <span class='ocrx_word' id='word_1_161' title='bbox 729 1476 806 1499; x_wconf 89' lang='lat' dir='ltr'>cum</span> <span class='ocrx_word' id='word_1_162' title='bbox 846 1475 916 1500; x_wconf 80' lang='lat' dir='ltr'>tota</span> <span class='ocrx_word' id='word_1_163' title='bbox 941 1467 1044 1501; x_wconf 84' lang='lat' dir='ltr'>domo</span> <span class='ocrx_word' id='word_1_164' title='bbox 1070 1490 1082 1506; x_wconf 90' lang='lat'>‚</span> <span class='ocrx_word' id='word_1_165' title='bbox 1117 1467 1268 1510; x_wconf 88' lang='lat' dir='ltr'>cognatis</span> 
     </span>
     <span class='ocr_line' id='line_1_25' title="bbox 310 1513 1270 1555; baseline 0 -5"><span class='ocrx_word' id='word_1_166' title='bbox 310 1513 485 1555; x_wconf 78' lang='lat' dir='ltr'>omnibus,</span> <span class='ocrx_word' id='word_1_167' title='bbox 524 1513 775 1555; x_wconf 79' lang='lat' dir='ltr'>Familiaribus,</span> <span class='ocrx_word' id='word_1_168' title='bbox 797 1514 991 1554; x_wconf 82' lang='lat' dir='ltr'>&amp;Amicis‚</span> <span class='ocrx_word' id='word_1_169' title='bbox 1019 1513 1111 1549; x_wconf 72' lang='lat' dir='ltr'>tanto</span> <span class='ocrx_word' id='word_1_170' title='bbox 1127 1516 1270 1551; x_wconf 79' lang='lat' dir='ltr'>acerbio-</span> 
     </span>
     <span class='ocr_line' id='line_1_26' title="bbox 308 1563 1268 1609; baseline 0.001 -10"><span class='ocrx_word' id='word_1_171' title='bbox 308 1564 337 1599; x_wconf 85' lang='lat' dir='ltr'>ri</span> <span class='ocrx_word' id='word_1_172' title='bbox 355 1563 471 1600; x_wconf 82' lang='lat' dir='ltr'>dolore</span> <span class='ocrx_word' id='word_1_173' title='bbox 503 1564 665 1609; x_wconf 82' lang='lat' dir='ltr'>relegatus</span> <span class='ocrx_word' id='word_1_174' title='bbox 684 1564 749 1603; x_wconf 87' lang='lat' dir='ltr'>est,</span> <span class='ocrx_word' id='word_1_175' title='bbox 777 1564 903 1608; x_wconf 73' lang='lat' dir='ltr'>quanto</span> <span class='ocrx_word' id='word_1_176' title='bbox 922 1565 1090 1609; x_wconf 76' lang='lat' dir='ltr'>iniquius,</span> <span class='ocrx_word' id='word_1_177' title='bbox 1115 1567 1149 1599; x_wconf 78' lang='grc' dir='ltr'>ἀ</span> <span class='ocrx_word' id='word_1_178' title='bbox 1170 1565 1268 1608; x_wconf 82' lang='lat' dir='ltr'>majo·</span> 
     </span>
     <span class='ocr_line' id='line_1_27' title="bbox 310 1613 1268 1660; baseline 0.001 -11"><span class='ocrx_word' id='word_1_179' title='bbox 310 1615 355 1650; x_wconf 85' lang='lat' dir='ltr'>ris</span> <span class='ocrx_word' id='word_1_180' title='bbox 380 1613 584 1649; x_wconf 84' lang='lat' dir='ltr'>crudelitatis</span> <span class='ocrx_word' id='word_1_181' title='bbox 603 1614 792 1660; x_wconf 79' lang='lat' dir='ltr'>gravamina</span> <span class='ocrx_word' id='word_1_182' title='bbox 816 1626 929 1655; x_wconf 86' lang='lat' dir='ltr'>erant,</span> <span class='ocrx_word' id='word_1_183' title='bbox 956 1627 1025 1660; x_wconf 87' lang='lat' dir='ltr'>quae</span> <span class='ocrx_word' id='word_1_184' title='bbox 1047 1617 1065 1649; x_wconf 74' lang='lat' dir='ltr'>a</span> <span class='ocrx_word' id='word_1_185' title='bbox 1091 1615 1268 1651; x_wconf 86' lang='lat' dir='ltr'>tortoribus</span> 
     </span>
     <span class='ocr_line' id='line_1_28' title="bbox 311 1663 1268 1712; baseline 0.001 -12"><span class='ocrx_word' id='word_1_186' title='bbox 311 1665 462 1700; x_wconf 75' lang='lat' dir='ltr'>Ecclefiae</span> <span class='ocrx_word' id='word_1_187' title='bbox 474 1663 652 1708; x_wconf 85' lang='lat' dir='ltr'>perferebat</span> <span class='ocrx_word' id='word_1_188' title='bbox 666 1690 674 1698; x_wconf 95' lang='lat'><strong><em>.</em></strong></span> <span class='ocrx_word' id='word_1_189' title='bbox 701 1663 762 1699; x_wconf 85' lang='lat' dir='ltr'>Sed</span> <span class='ocrx_word' id='word_1_190' title='bbox 777 1665 876 1709; x_wconf 78' lang='lat' dir='ltr'>longe</span> <span class='ocrx_word' id='word_1_191' title='bbox 897 1667 1046 1710; x_wconf 86' lang='lat' dir='ltr'>graviora</span> <span class='ocrx_word' id='word_1_192' title='bbox 1070 1667 1145 1700; x_wconf 91' lang='lat' dir='ltr'>sunt</span> <span class='ocrx_word' id='word_1_193' title='bbox 1159 1691 1170 1707; x_wconf 92' lang='lat'>,</span> <span class='ocrx_word' id='word_1_194' title='bbox 1197 1678 1268 1712; x_wconf 81' lang='lat' dir='ltr'>quae</span> 
     </span>
    </p>
   </div>
   <div class='ocr_carea' id='block_1_5' title="bbox 304 1763 1280 2904">
    <p class='ocr_par' dir='ltr' id='par_1_6' title="bbox 304 1763 1280 2904">
     <span class='ocr_line' id='line_1_29' title="bbox 305 1763 1264 1812; baseline 0.003 -15"><span class='ocrx_word' id='word_1_195' title='bbox 305 1764 419 1812; x_wconf 84' lang='lat' dir='ltr'>gnifer</span> <span class='ocrx_word' id='word_1_196' title='bbox 436 1763 481 1797; x_wconf 86' lang='lat' dir='ltr'>est</span> <span class='ocrx_word' id='word_1_197' title='bbox 494 1763 739 1799; x_wconf 83' lang='lat' dir='ltr'>Londonienfis</span> <span class='ocrx_word' id='word_1_198' title='bbox 756 1764 831 1804; x_wconf 76' lang='lat' dir='ltr'>ille,</span> <span class='ocrx_word' id='word_1_199' title='bbox 863 1764 920 1809; x_wconf 88' lang='lat' dir='ltr'>qui</span> <span class='ocrx_word' id='word_1_200' title='bbox 934 1765 991 1799; x_wconf 89' lang='lat' dir='ltr'>diu</span> <span class='ocrx_word' id='word_1_201' title='bbox 1005 1766 1134 1809; x_wconf 83' lang='lat' dir='ltr'>vulpem</span> <span class='ocrx_word' id='word_1_202' title='bbox 1150 1778 1264 1800; x_wconf 89' lang='lat' dir='ltr'>emen-</span> 
     </span>
     <span class='ocr_line' id='line_1_30' title="bbox 304 1814 1266 1854; baseline 0.002 -6"><span class='ocrx_word' id='word_1_203' title='bbox 304 1817 367 1851; x_wconf 77' lang='lat' dir='ltr'>tita</span> <span class='ocrx_word' id='word_1_204' title='bbox 381 1823 443 1846; x_wconf 84' lang='lat' dir='ltr'>ove</span> <span class='ocrx_word' id='word_1_205' title='bbox 467 1814 649 1848; x_wconf 71' lang='lat' dir='ltr'>subornans</span> <span class='ocrx_word' id='word_1_206' title='bbox 685 1838 696 1854; x_wconf 93' lang='lat'>,</span> <span class='ocrx_word' id='word_1_207' title='bbox 726 1815 867 1848; x_wconf 85' lang='lat' dir='ltr'>latenter</span> <span class='ocrx_word' id='word_1_208' title='bbox 893 1815 926 1848; x_wconf 90' lang='lat' dir='ltr'>in</span> <span class='ocrx_word' id='word_1_209' title='bbox 967 1814 1117 1849; x_wconf 83' lang='lat' dir='ltr'>manibus</span> <span class='ocrx_word' id='word_1_210' title='bbox 1143 1816 1266 1851; x_wconf 85' lang='lat' dir='ltr'>ferebat</span> 
     </span>
     <span class='ocr_line' id='line_1_31' title="bbox 307 1863 1266 1908; baseline 0.005 -12"><span class='ocrx_word' id='word_1_211' title='bbox 307 1865 421 1908; x_wconf 69' lang='lat' dir='ltr'>ignem</span> <span class='ocrx_word' id='word_1_212' title='bbox 436 1863 470 1896; x_wconf 90' lang='lat'>&amp;</span> <span class='ocrx_word' id='word_1_213' title='bbox 481 1863 628 1907; x_wconf 85' lang='lat' dir='ltr'>gladium</span> <span class='ocrx_word' id='word_1_214' title='bbox 645 1887 655 1903; x_wconf 94' lang='lat'>,</span> <span class='ocrx_word' id='word_1_215' title='bbox 681 1863 799 1907; x_wconf 85' lang='lat' dir='ltr'>quibus</span> <span class='ocrx_word' id='word_1_216' title='bbox 816 1865 917 1908; x_wconf 87' lang='lat' dir='ltr'>Regis</span> <span class='ocrx_word' id='word_1_217' title='bbox 930 1865 964 1898; x_wconf 68' lang='grc' dir='ltr'>ὅ(</span> <span class='ocrx_word' id='word_1_218' title='bbox 978 1866 1182 1900; x_wconf 77' lang='lat' dir='ltr'>officialium</span> <span class='ocrx_word' id='word_1_219' title='bbox 1195 1867 1266 1900; x_wconf 90' lang='lat' dir='ltr'>suo-</span> 
     </span>
     <span class='ocr_line' id='line_1_32' title="bbox 306 1912 1266 1955; baseline 0.001 -7"><span class='ocrx_word' id='word_1_220' title='bbox 306 1925 380 1950; x_wconf 80' lang='lat' dir='ltr'>rum</span> <span class='ocrx_word' id='word_1_221' title='bbox 404 1914 531 1947; x_wconf 85' lang='lat' dir='ltr'>animos</span> <span class='ocrx_word' id='word_1_222' title='bbox 545 1912 748 1948; x_wconf 82' lang='lat' dir='ltr'>succenderet</span> <span class='ocrx_word' id='word_1_223' title='bbox 763 1915 914 1948; x_wconf 76' lang='lat' dir='ltr'>adversus</span> <span class='ocrx_word' id='word_1_224' title='bbox 927 1915 1100 1949; x_wconf 81' lang='lat' dir='ltr'>Ecclefiam</span> <span class='ocrx_word' id='word_1_225' title='bbox 1114 1940 1123 1955; x_wconf 93' lang='lat'>,</span> <span class='ocrx_word' id='word_1_226' title='bbox 1153 1915 1187 1948; x_wconf 78' lang='grc' dir='ltr'>δε</span> <span class='ocrx_word' id='word_1_227' title='bbox 1204 1927 1266 1949; x_wconf 86' lang='lat' dir='ltr'>ma·</span> 
     </span>
     <span class='ocr_line' id='line_1_33' title="bbox 312 1963 1269 2009; baseline -0.001 -9"><span class='ocrx_word' id='word_1_228' title='bbox 312 1968 516 2000; x_wconf 87' lang='lat' dir='ltr'>nusarmaret</span> <span class='ocrx_word' id='word_1_229' title='bbox 530 1989 538 1996; x_wconf 89' lang='lat'><strong>.</strong></span> <span class='ocrx_word' id='word_1_230' title='bbox 568 1964 610 1997; x_wconf 88' lang='lat' dir='ltr'>Et</span> <span class='ocrx_word' id='word_1_231' title='bbox 620 1964 695 2009; x_wconf 87' lang='lat' dir='ltr'>quia</span> <span class='ocrx_word' id='word_1_232' title='bbox 707 1975 782 1997; x_wconf 91' lang='lat' dir='ltr'>eum</span> <span class='ocrx_word' id='word_1_233' title='bbox 795 1964 1038 1998; x_wconf 86' lang='lat' dir='ltr'>Cantuarienfis</span> <span class='ocrx_word' id='word_1_234' title='bbox 1066 1963 1209 1999; x_wconf 74' lang='lat' dir='ltr'>Ecclesia</span> <span class='ocrx_word' id='word_1_235' title='bbox 1231 1966 1269 1999; x_wconf 83' lang='lat' dir='ltr'>fi·</span> 
     </span>
     <span class='ocr_line' id='line_1_34' title="bbox 308 2013 1268 2059; baseline 0 -10"><span class='ocrx_word' id='word_1_236' title='bbox 308 2015 344 2053; x_wconf 83' lang='lat' dir='ltr'>bi</span> <span class='ocrx_word' id='word_1_237' title='bbox 370 2013 406 2049; x_wconf 82' lang='lat' dir='ltr'>in</span> <span class='ocrx_word' id='word_1_238' title='bbox 431 2013 627 2048; x_wconf 83' lang='lat' dir='ltr'>Pontificem</span> <span class='ocrx_word' id='word_1_239' title='bbox 647 2026 714 2048; x_wconf 92' lang='lat' dir='ltr'>non</span> <span class='ocrx_word' id='word_1_240' title='bbox 727 2013 846 2059; x_wconf 88' lang='lat' dir='ltr'>elegit,</span> <span class='ocrx_word' id='word_1_241' title='bbox 874 2026 960 2048; x_wconf 90' lang='lat' dir='ltr'>coeca</span> <span class='ocrx_word' id='word_1_242' title='bbox 981 2014 1096 2049; x_wconf 62' lang='lat' dir='ltr'>dusius</span> <span class='ocrx_word' id='word_1_243' title='bbox 1118 2014 1268 2049; x_wconf 88' lang='lat' dir='ltr'>ambitio-</span> 
     </span>
     <span class='ocr_line' id='line_1_35' title="bbox 305 2063 1268 2110; baseline 0.001 -12"><span class='ocrx_word' id='word_1_244' title='bbox 305 2076 349 2102; x_wconf 72' lang='lat' dir='ltr'>ne</span> <span class='ocrx_word' id='word_1_245' title='bbox 378 2088 390 2104; x_wconf 94' lang='lat'>,</span> <span class='ocrx_word' id='word_1_246' title='bbox 417 2063 503 2108; x_wconf 84' lang='lat' dir='ltr'>quafi</span> <span class='ocrx_word' id='word_1_247' title='bbox 520 2065 623 2098; x_wconf 86' lang='lat' dir='ltr'>versus</span> <span class='ocrx_word' id='word_1_248' title='bbox 646 2065 680 2099; x_wconf 90' lang='lat' dir='ltr'>in</span> <span class='ocrx_word' id='word_1_249' title='bbox 691 2063 833 2099; x_wconf 84' lang='lat' dir='ltr'>furorem</span> <span class='ocrx_word' id='word_1_250' title='bbox 849 2090 859 2104; x_wconf 96' lang='lat'>,</span> <span class='ocrx_word' id='word_1_251' title='bbox 886 2065 1029 2099; x_wconf 86' lang='lat' dir='ltr'>minatur</span> <span class='ocrx_word' id='word_1_252' title='bbox 1054 2066 1085 2099; x_wconf 90' lang='lat' dir='ltr'>se</span> <span class='ocrx_word' id='word_1_253' title='bbox 1108 2064 1212 2110; x_wconf 84' lang='lat' dir='ltr'>Regis</span> <span class='ocrx_word' id='word_1_254' title='bbox 1225 2064 1268 2099; x_wconf 84' lang='lat' dir='ltr'>vi-</span> 
     </span>
     <span class='ocr_line' id='line_1_36' title="bbox 308 2114 1268 2158; baseline -0.001 -8"><span class='ocrx_word' id='word_1_255' title='bbox 308 2114 400 2150; x_wconf 83' lang='lat' dir='ltr'>ribus</span> <span class='ocrx_word' id='word_1_256' title='bbox 449 2115 604 2149; x_wconf 74' lang='lat' dir='ltr'>facturum</span> <span class='ocrx_word' id='word_1_257' title='bbox 641 2139 652 2156; x_wconf 91' lang='lat'>,</span> <span class='ocrx_word' id='word_1_258' title='bbox 705 2126 740 2150; x_wconf 95' lang='lat' dir='ltr'>ut</span> <span class='ocrx_word' id='word_1_259' title='bbox 778 2114 882 2149; x_wconf 81' lang='lat' dir='ltr'>Archi</span> <span class='ocrx_word' id='word_1_260' title='bbox 896 2115 1121 2158; x_wconf 83' lang='lat' dir='ltr'>-Episcopalis</span> <span class='ocrx_word' id='word_1_261' title='bbox 1149 2114 1268 2149; x_wconf 85' lang='lat' dir='ltr'>Cathe-</span> 
     </span>
     <span class='ocr_line' id='line_1_37' title="bbox 306 2164 1267 2209; baseline 0.001 -11"><span class='ocrx_word' id='word_1_262' title='bbox 306 2165 363 2202; x_wconf 81' lang='lat' dir='ltr'>dra</span> <span class='ocrx_word' id='word_1_263' title='bbox 388 2164 602 2200; x_wconf 89' lang='lat' dir='ltr'>Londoniam</span> <span class='ocrx_word' id='word_1_264' title='bbox 621 2167 830 2202; x_wconf 71' lang='lat' dir='ltr'>transferatur</span> <span class='ocrx_word' id='word_1_265' title='bbox 866 2190 872 2198; x_wconf 94' lang='lat'><em>.</em></span> <span class='ocrx_word' id='word_1_266' title='bbox 907 2165 1106 2209; x_wconf 86' lang='lat' dir='ltr'>Coepiscopi</span> <span class='ocrx_word' id='word_1_267' title='bbox 1143 2167 1192 2198; x_wconf 87' lang='lat' dir='ltr'>sui</span> <span class='ocrx_word' id='word_1_268' title='bbox 1225 2165 1267 2199; x_wconf 89' lang='lat' dir='ltr'>ab</span> 
     </span>
     <span class='ocr_line' id='line_1_38' title="bbox 310 2214 1264 2262; baseline -0.002 -12"><span class='ocrx_word' id='word_1_269' title='bbox 310 2214 517 2250; x_wconf 70' lang='lat' dir='ltr'>officialibus</span> <span class='ocrx_word' id='word_1_270' title='bbox 537 2216 641 2262; x_wconf 79' lang='lat' dir='ltr'>Regis</span> <span class='ocrx_word' id='word_1_271' title='bbox 670 2228 771 2260; x_wconf 84' lang='lat' dir='ltr'>nuper</span> <span class='ocrx_word' id='word_1_272' title='bbox 793 2216 1020 2255; x_wconf 87' lang='lat' dir='ltr'>commoniti,</span> <span class='ocrx_word' id='word_1_273' title='bbox 1046 2216 1078 2249; x_wconf 90' lang='lat'>&amp;</span> <span class='ocrx_word' id='word_1_274' title='bbox 1105 2224 1264 2257; x_wconf 84' lang='lat' dir='ltr'>quatenus</span> 
     </span>
     <span class='ocr_line' id='line_1_39' title="bbox 306 2264 1264 2311; baseline -0.002 -11"><span class='ocrx_word' id='word_1_275' title='bbox 306 2265 417 2311; x_wconf 79' lang='lat' dir='ltr'>potuit</span> <span class='ocrx_word' id='word_1_276' title='bbox 440 2266 506 2300; x_wconf 72' lang='lat' dir='ltr'>fere</span> <span class='ocrx_word' id='word_1_277' title='bbox 547 2266 706 2310; x_wconf 83' lang='lat' dir='ltr'>compulfi</span> <span class='ocrx_word' id='word_1_278' title='bbox 729 2291 739 2306; x_wconf 89' lang='lat'>,</span> <span class='ocrx_word' id='word_1_279' title='bbox 770 2276 806 2299; x_wconf 90' lang='lat' dir='ltr'>ut</span> <span class='ocrx_word' id='word_1_280' title='bbox 829 2266 860 2298; x_wconf 88' lang='lat' dir='ltr'>ei</span> <span class='ocrx_word' id='word_1_281' title='bbox 898 2264 1204 2303; x_wconf 86' lang='lat' dir='ltr'>communicarent,</span> <span class='ocrx_word' id='word_1_282' title='bbox 1230 2266 1264 2298; x_wconf 73' lang='grc' dir='ltr'>ὅ(</span> 
     </span>
     <span class='ocr_line' id='line_1_40' title="bbox 311 2311 1265 2358; baseline -0.004 -7"><span class='ocrx_word' id='word_1_283' title='bbox 311 2315 539 2351; x_wconf 66' lang='lat' dir='ltr'>cantuariensi</span> <span class='ocrx_word' id='word_1_284' title='bbox 553 2315 657 2349; x_wconf 75' lang='lat' dir='ltr'>Archi</span> <span class='ocrx_word' id='word_1_285' title='bbox 675 2332 685 2338; x_wconf 96' lang='lat'>-</span> <span class='ocrx_word' id='word_1_286' title='bbox 699 2314 866 2358; x_wconf 80' lang='lat' dir='ltr'>Episcopo</span> <span class='ocrx_word' id='word_1_287' title='bbox 880 2311 1098 2347; x_wconf 84' lang='lat' dir='ltr'>subtraherent</span> <span class='ocrx_word' id='word_1_288' title='bbox 1109 2313 1265 2348; x_wconf 91' lang='lat' dir='ltr'>obedien-</span> 
     </span>
     <span class='ocr_line' id='line_1_41' title="bbox 312 2364 1264 2407; baseline -0.003 -7"><span class='ocrx_word' id='word_1_289' title='bbox 312 2366 419 2407; x_wconf 78' lang='lat' dir='ltr'>tiam,</span> <span class='ocrx_word' id='word_1_290' title='bbox 446 2378 522 2400; x_wconf 86' lang='lat' dir='ltr'>eum</span> <span class='ocrx_word' id='word_1_291' title='bbox 536 2367 663 2399; x_wconf 79' lang='lat' dir='ltr'>ratione</span> <span class='ocrx_word' id='word_1_292' title='bbox 688 2364 766 2407; x_wconf 79' lang='lat' dir='ltr'>juris</span> <span class='ocrx_word' id='word_1_293' title='bbox 789 2387 799 2403; x_wconf 90' lang='lat'>‚</span> <span class='ocrx_word' id='word_1_294' title='bbox 828 2375 862 2398; x_wconf 87' lang='lat' dir='ltr'>ut</span> <span class='ocrx_word' id='word_1_295' title='bbox 885 2364 1054 2407; x_wconf 82' lang='lat' dir='ltr'>oportuit,</span> <span class='ocrx_word' id='word_1_296' title='bbox 1082 2364 1264 2398; x_wconf 88' lang='lat' dir='ltr'>confunde-</span> 
     </span>
     <span class='ocr_line' id='line_1_42' title="bbox 316 2413 1264 2456; baseline -0.003 -5"><span class='ocrx_word' id='word_1_297' title='bbox 316 2426 417 2456; x_wconf 86' lang='lat' dir='ltr'>runt,</span> <span class='ocrx_word' id='word_1_298' title='bbox 445 2426 513 2448; x_wconf 85' lang='lat' dir='ltr'>non</span> <span class='ocrx_word' id='word_1_299' title='bbox 540 2416 783 2449; x_wconf 83' lang='lat' dir='ltr'>consentientes</span> <span class='ocrx_word' id='word_1_300' title='bbox 799 2413 935 2447; x_wconf 76' lang='lat' dir='ltr'>ulterius</span> <span class='ocrx_word' id='word_1_301' title='bbox 945 2413 1123 2448; x_wconf 82' lang='lat' dir='ltr'>confilio&amp;</span> <span class='ocrx_word' id='word_1_302' title='bbox 1143 2413 1264 2448; x_wconf 79' lang='lat' dir='ltr'>machi·</span> 
     </span>
     <span class='ocr_line' id='line_1_43' title="bbox 311 2464 1279 2510; baseline -0.004 -9"><span class='ocrx_word' id='word_1_303' title='bbox 311 2464 503 2502; x_wconf 83' lang='lat' dir='ltr'>nationibus</span> <span class='ocrx_word' id='word_1_304' title='bbox 514 2464 582 2507; x_wconf 78' lang='lat' dir='ltr'>ejus</span> <span class='ocrx_word' id='word_1_305' title='bbox 593 2477 604 2497; x_wconf 79' lang='lat' dir='ltr'><em>e</em></span> <span class='ocrx_word' id='word_1_306' title='bbox 628 2464 786 2506; x_wconf 86' lang='lat' dir='ltr'>quoniam</span> <span class='ocrx_word' id='word_1_307' title='bbox 794 2464 975 2506; x_wconf 62' lang='lat' dir='ltr'>exspectant</span> <span class='ocrx_word' id='word_1_308' title='bbox 988 2464 1023 2499; x_wconf 75' lang='grc' dir='ltr'>δε</span> <span class='ocrx_word' id='word_1_309' title='bbox 1037 2464 1091 2507; x_wconf 82' lang='lat' dir='ltr'>ipfi</span> <span class='ocrx_word' id='word_1_310' title='bbox 1105 2465 1262 2508; x_wconf 87' lang='lat' dir='ltr'>Regnum</span> <span class='ocrx_word' id='word_1_311' title='bbox 1277 2501 1279 2510; x_wconf 50' lang='grc' dir='ltr'>Ι</span> 
     </span>
     <span class='ocr_line' id='line_1_44' title="bbox 313 2511 1280 2558; baseline -0.003 -6"><span class='ocrx_word' id='word_1_312' title='bbox 313 2517 406 2557; x_wconf 86' lang='lat' dir='ltr'>Dei,</span> <span class='ocrx_word' id='word_1_313' title='bbox 431 2516 465 2550; x_wconf 76' lang='grc' dir='ltr'>δε</span> <span class='ocrx_word' id='word_1_314' title='bbox 490 2515 620 2548; x_wconf 86' lang='lat' dir='ltr'>interim</span> <span class='ocrx_word' id='word_1_315' title='bbox 642 2514 903 2549; x_wconf 86' lang='lat' dir='ltr'>consolationem</span> <span class='ocrx_word' id='word_1_316' title='bbox 915 2514 955 2548; x_wconf 91' lang='lat' dir='ltr'>ab</span> <span class='ocrx_word' id='word_1_317' title='bbox 969 2513 1160 2558; x_wconf 84' lang='lat' dir='ltr'>Apostolica</span> <span class='ocrx_word' id='word_1_318' title='bbox 1171 2511 1280 2550; x_wconf 63' lang='lat' dir='ltr'>Sede!</span> 
     </span>
     <span class='ocr_line' id='line_1_45' title="bbox 316 2553 1279 2609; baseline -0.005 -8"><span class='ocrx_word' id='word_1_319' title='bbox 316 2567 448 2601; x_wconf 88' lang='lat' dir='ltr'>Placeat</span> <span class='ocrx_word' id='word_1_320' title='bbox 473 2566 582 2609; x_wconf 86' lang='lat' dir='ltr'>itaque</span> <span class='ocrx_word' id='word_1_321' title='bbox 605 2564 773 2599; x_wconf 67' lang='lat' dir='ltr'>Sauaitati</span> <span class='ocrx_word' id='word_1_322' title='bbox 798 2564 906 2598; x_wconf 86' lang='lat' dir='ltr'>vestrae</span> <span class='ocrx_word' id='word_1_323' title='bbox 917 2572 984 2597; x_wconf 88' lang='lat' dir='ltr'>tam</span> <span class='ocrx_word' id='word_1_324' title='bbox 1009 2565 1174 2607; x_wconf 65' lang='lat' dir='ltr'>prefatum</span> <span class='ocrx_word' id='word_1_325' title='bbox 1188 2553 1279 2608; x_wconf 57' lang='lat' dir='ltr'>Epi-2</span> 
     </span>
     <span class='ocr_line' id='line_1_46' title="bbox 316 2613 1263 2659; baseline -0.002 -8"><span class='ocrx_word' id='word_1_326' title='bbox 316 2619 452 2659; x_wconf 89' lang='lat' dir='ltr'>scopum</span> <span class='ocrx_word' id='word_1_327' title='bbox 465 2640 474 2655; x_wconf 85' lang='lat'>,</span> <span class='ocrx_word' id='word_1_328' title='bbox 501 2614 674 2650; x_wconf 88' lang='lat' dir='ltr'>authorem</span> <span class='ocrx_word' id='word_1_329' title='bbox 694 2615 814 2648; x_wconf 82' lang='lat' dir='ltr'>scilicet</span> <span class='ocrx_word' id='word_1_330' title='bbox 833 2613 867 2647; x_wconf 76' lang='grc' dir='ltr'>δε</span> <span class='ocrx_word' id='word_1_331' title='bbox 890 2614 1091 2648; x_wconf 81' lang='lat' dir='ltr'>incentorem</span> <span class='ocrx_word' id='word_1_332' title='bbox 1113 2614 1263 2649; x_wconf 84' lang='lat' dir='ltr'>schisma·</span> 
     </span>
     <span class='ocr_line' id='line_1_47' title="bbox 315 2663 1267 2707; baseline -0.003 -6"><span class='ocrx_word' id='word_1_333' title='bbox 315 2667 359 2701; x_wconf 89' lang='lat' dir='ltr'>tis</span> <span class='ocrx_word' id='word_1_334' title='bbox 373 2665 493 2707; x_wconf 73' lang='lat' dir='ltr'>hujus,</span> <span class='ocrx_word' id='word_1_335' title='bbox 517 2666 615 2706; x_wconf 71' lang='lat' dir='ltr'>quam</span> <span class='ocrx_word' id='word_1_336' title='bbox 654 2663 795 2707; x_wconf 88' lang='lat' dir='ltr'>reliquos</span> <span class='ocrx_word' id='word_1_337' title='bbox 825 2664 972 2698; x_wconf 81' lang='lat' dir='ltr'>Ecclefiae</span> <span class='ocrx_word' id='word_1_338' title='bbox 1010 2665 1229 2699; x_wconf 60' lang='lat' dir='ltr'>malefaaores</span> <span class='ocrx_word' id='word_1_339' title='bbox 1256 2690 1267 2706; x_wconf 90' lang='lat'>‚</span> 
     </span>
     <span class='ocr_line' id='line_1_48' title="bbox 315 2713 1261 2761; baseline -0.002 -11"><span class='ocrx_word' id='word_1_340' title='bbox 315 2727 399 2761; x_wconf 83' lang='lat' dir='ltr'>quos</span> <span class='ocrx_word' id='word_1_341' title='bbox 413 2713 580 2748; x_wconf 88' lang='lat' dir='ltr'>Dominus</span> <span class='ocrx_word' id='word_1_342' title='bbox 592 2713 831 2748; x_wconf 80' lang='lat' dir='ltr'>Cantuariensis</span> <span class='ocrx_word' id='word_1_343' title='bbox 842 2713 1052 2758; x_wconf 75' lang='lat' dir='ltr'>exigentibus</span> <span class='ocrx_word' id='word_1_344' title='bbox 1073 2714 1181 2759; x_wconf 87' lang='lat' dir='ltr'>culpis</span> <span class='ocrx_word' id='word_1_345' title='bbox 1190 2727 1261 2749; x_wconf 87' lang='lat' dir='ltr'>ana-</span> 
     </span>
     <span class='ocr_line' id='line_1_49' title="bbox 316 2763 1259 2804; baseline -0.002 -3"><span class='ocrx_word' id='word_1_346' title='bbox 316 2764 471 2802; x_wconf 86' lang='lat' dir='ltr'>thematis</span> <span class='ocrx_word' id='word_1_347' title='bbox 483 2763 616 2797; x_wconf 90' lang='lat' dir='ltr'>vinculo</span> <span class='ocrx_word' id='word_1_348' title='bbox 630 2763 802 2797; x_wconf 87' lang='lat' dir='ltr'>innodavit</span> <span class='ocrx_word' id='word_1_349' title='bbox 815 2789 825 2804; x_wconf 90' lang='lat'>,</span> <span class='ocrx_word' id='word_1_350' title='bbox 850 2773 941 2798; x_wconf 81' lang='lat' dir='ltr'>tanta</span> <span class='ocrx_word' id='word_1_351' title='bbox 953 2765 1123 2799; x_wconf 88' lang='lat' dir='ltr'>severitate</span> <span class='ocrx_word' id='word_1_352' title='bbox 1141 2775 1259 2799; x_wconf 87' lang='lat' dir='ltr'>conte·-</span> 
     </span>
     <span class='ocr_line' id='line_1_50' title="bbox 316 2813 1264 2859; baseline -0.001 -9"><span class='ocrx_word' id='word_1_353' title='bbox 316 2828 408 2855; x_wconf 86' lang='lat' dir='ltr'>rere,</span> <span class='ocrx_word' id='word_1_354' title='bbox 435 2824 472 2849; x_wconf 83' lang='lat' dir='ltr'>ut</span> <span class='ocrx_word' id='word_1_355' title='bbox 482 2814 539 2847; x_wconf 89' lang='lat' dir='ltr'>alii</span> <span class='ocrx_word' id='word_1_356' title='bbox 549 2824 664 2848; x_wconf 89' lang='lat' dir='ltr'>eorum</span> <span class='ocrx_word' id='word_1_357' title='bbox 676 2813 828 2859; x_wconf 83' lang='lat' dir='ltr'>exemplo</span> <span class='ocrx_word' id='word_1_358' title='bbox 849 2814 952 2851; x_wconf 73' lang='lat' dir='ltr'>territi</span> <span class='ocrx_word' id='word_1_359' title='bbox 975 2827 1043 2851; x_wconf 89' lang='lat' dir='ltr'>non</span> <span class='ocrx_word' id='word_1_360' title='bbox 1069 2815 1208 2850; x_wconf 87' lang='lat' dir='ltr'>audeant</span> <span class='ocrx_word' id='word_1_361' title='bbox 1230 2817 1264 2849; x_wconf 85' lang='lat' dir='ltr'>fi·</span> 
     </span>
     <span class='ocr_line' id='line_1_51' title="bbox 319 2866 613 2904; baseline -0.003 -5"><span class='ocrx_word' id='word_1_362' title='bbox 319 2866 412 2904; x_wconf 86' lang='lat' dir='ltr'>milia</span> <span class='ocrx_word' id='word_1_363' title='bbox 435 2872 613 2899; x_wconf 88' lang='lat' dir='ltr'>attentare.</span> 
     </span>
    </p>
   </div>
   <div class='ocr_carea' id='block_1_6' title="bbox 1276 2331 1282 2491">
    <p class='ocr_par' dir='ltr' id='par_1_7' title="bbox 1276 2331 1282 2491">
     <span class='ocr_line' id='line_1_52' title="bbox 1276 2331 1282 2491; baseline 0 1285"><span class='ocrx_word' id='word_1_364' title='bbox 1276 2331 1282 2491; x_wconf 95' lang='lat' dir='ltr'> </span> 
     </span>
    </p>
   </div>
   <div class='ocr_carea' id='block_1_7' title="bbox 447 2962 1125 3001">
    <p class='ocr_par' dir='ltr' id='par_1_8' title="bbox 447 2962 1125 3001">
     <span class='ocr_line' id='line_1_53' title="bbox 447 2962 1125 3001; baseline -0.001 -1"><span class='ocrx_word' id='word_1_365' title='bbox 447 2962 854 3000; x_wconf 79' lang='lat' dir='ltr'>EPISTOLA</span> <span class='ocrx_word' id='word_1_366' title='bbox 933 2966 1125 3001; x_wconf 86' lang='lat' dir='ltr'>LXXXlll.</span> 
     </span>
    </p>
   </div>
   <div class='ocr_carea' id='block_1_8' title="bbox 321 3062 1265 3159">
    <p class='ocr_par' dir='ltr' id='par_1_9' title="bbox 321 3062 1265 3159">
     <span class='ocr_line' id='line_1_54' title="bbox 321 3062 1265 3109; baseline 0 -11"><span class='ocrx_word' id='word_1_367' title='bbox 321 3065 451 3104; x_wconf 59' lang='lat' dir='ltr'>{bomas</span> <span class='ocrx_word' id='word_1_368' title='bbox 466 3063 686 3105; x_wconf 73' lang='lat' dir='ltr'>cantuariensis</span> <span class='ocrx_word' id='word_1_369' title='bbox 708 3062 994 3107; x_wconf 74' lang='lat' dir='ltr'>Archi—Episcopus</span> <span class='ocrx_word' id='word_1_370' title='bbox 1009 3069 1042 3109; x_wconf 86' lang='lat' dir='ltr'><em>J</em></span> <span class='ocrx_word' id='word_1_371' title='bbox 1044 3072 1134 3099; x_wconf 68' lang='lat' dir='ltr'>oanni</span> <span class='ocrx_word' id='word_1_372' title='bbox 1159 3067 1265 3099; x_wconf 73' lang='lat' dir='ltr'>Cardi-</span> 
     </span>
     <span class='ocr_line' id='line_1_55' title="bbox 517 3116 1011 3159; baseline -0.004 -12"><span class='ocrx_word' id='word_1_373' title='bbox 517 3124 519 3127; x_wconf 79' lang='grc'>’</span> <span class='ocrx_word' id='word_1_374' title='bbox 595 3116 658 3148; x_wconf 74' lang='lat' dir='ltr'>nah·</span> <span class='ocrx_word' id='word_1_375' title='bbox 672 3118 815 3159; x_wconf 69' lang='lat' dir='ltr'>Joannlr</span> <span class='ocrx_word' id='word_1_376' title='bbox 833 3116 867 3148; x_wconf 62' lang='grc' dir='ltr'>Θ</span> <span class='ocrx_word' id='word_1_377' title='bbox 887 3116 976 3148; x_wconf 80' lang='lat' dir='ltr'>Pauli</span> <span class='ocrx_word' id='word_1_378' title='bbox 1004 3139 1011 3146; x_wconf 85' lang='lat'><strong>.</strong></span> 
     </span>
    </p>
   </div>
   <div class='ocr_carea' id='block_1_9' title="bbox 318 3213 1265 3512">
    <p class='ocr_par' dir='ltr' id='par_1_10' title="bbox 318 3213 1265 3512">
     <span class='ocr_line' id='line_1_56' title="bbox 416 3213 1264 3250; baseline 0 0"><span class='ocrx_word' id='word_1_379' title='bbox 416 3214 599 3250; x_wconf 86' lang='lat' dir='ltr'>UD1V1T</span> <span class='ocrx_word' id='word_1_380' title='bbox 637 3213 779 3249; x_wconf 85' lang='lat' dir='ltr'>Ecclesia</span> <span class='ocrx_word' id='word_1_381' title='bbox 810 3213 983 3249; x_wconf 88' lang='lat' dir='ltr'>Gallicana</span> <span class='ocrx_word' id='word_1_382' title='bbox 1019 3226 1078 3248; x_wconf 88' lang='lat' dir='ltr'>vos</span> <span class='ocrx_word' id='word_1_383' title='bbox 1102 3215 1134 3248; x_wconf 92' lang='lat' dir='ltr'>in</span> <span class='ocrx_word' id='word_1_384' title='bbox 1170 3217 1264 3250; x_wconf 84' lang='lat' dir='ltr'>causa</span> 
     </span>
     <span class='ocr_line' id='line_1_57' title="bbox 440 3265 1265 3309; baseline 0 -9"><span class='ocrx_word' id='word_1_385' title='bbox 440 3266 588 3301; x_wconf 73' lang='lat' dir='ltr'>Ecclesiae</span> <span class='ocrx_word' id='word_1_386' title='bbox 612 3265 803 3309; x_wconf 84' lang='lat' dir='ltr'>Anglorum</span> <span class='ocrx_word' id='word_1_387' title='bbox 824 3266 960 3299; x_wconf 79' lang='lat' dir='ltr'>mutasse</span> <span class='ocrx_word' id='word_1_388' title='bbox 982 3265 1176 3298; x_wconf 84' lang='lat' dir='ltr'>sententiam</span> <span class='ocrx_word' id='word_1_389' title='bbox 1192 3291 1202 3305; x_wconf 91' lang='lat'><em>‚</em></span> <span class='ocrx_word' id='word_1_390' title='bbox 1230 3277 1265 3300; x_wconf 92' lang='lat' dir='ltr'>ut</span> 
     </span>
     <span class='ocr_line' id='line_1_58' title="bbox 318 3315 1263 3359; baseline -0.001 -9"><span class='ocrx_word' id='word_1_391' title='bbox 318 3316 336 3349; x_wconf 70' lang='grc' dir='ltr'>ὲ</span> <span class='ocrx_word' id='word_1_392' title='bbox 362 3316 545 3359; x_wconf 89' lang='lat' dir='ltr'>patrocinio</span> <span class='ocrx_word' id='word_1_393' title='bbox 569 3316 804 3358; x_wconf 85' lang='lat' dir='ltr'>persecutorum</span> <span class='ocrx_word' id='word_1_394' title='bbox 827 3339 838 3355; x_wconf 94' lang='lat'>,</span> <span class='ocrx_word' id='word_1_395' title='bbox 864 3326 947 3358; x_wconf 89' lang='lat' dir='ltr'>quos</span> <span class='ocrx_word' id='word_1_396' title='bbox 967 3325 1020 3358; x_wconf 86' lang='lat' dir='ltr'>per</span> <span class='ocrx_word' id='word_1_397' title='bbox 1043 3315 1263 3359; x_wconf 79' lang='lat' dir='ltr'>ignorantiam</span> 
     </span>
     <span class='ocr_line' id='line_1_59' title="bbox 320 3362 1262 3408; baseline 0.002 -11"><span class='ocrx_word' id='word_1_398' title='bbox 320 3365 481 3401; x_wconf 81' lang='lat' dir='ltr'>fovebatis</span> <span class='ocrx_word' id='word_1_399' title='bbox 491 3391 501 3406; x_wconf 87' lang='lat'>,</span> <span class='ocrx_word' id='word_1_400' title='bbox 530 3364 693 3400; x_wconf 89' lang='lat' dir='ltr'>credendo</span> <span class='ocrx_word' id='word_1_401' title='bbox 707 3362 757 3398; x_wconf 88' lang='lat' dir='ltr'>his</span> <span class='ocrx_word' id='word_1_402' title='bbox 767 3389 778 3405; x_wconf 91' lang='lat'>,</span> <span class='ocrx_word' id='word_1_403' title='bbox 790 3365 846 3408; x_wconf 88' lang='lat' dir='ltr'>qui</span> <span class='ocrx_word' id='word_1_404' title='bbox 860 3366 945 3407; x_wconf 88' lang='lat' dir='ltr'>spem</span> <span class='ocrx_word' id='word_1_405' title='bbox 958 3365 1044 3398; x_wconf 87' lang='lat' dir='ltr'>suam</span> <span class='ocrx_word' id='word_1_406' title='bbox 1058 3364 1262 3399; x_wconf 86' lang='lat' dir='ltr'>mendacium</span> 
     </span>
     <span class='ocr_line' id='line_1_60' title="bbox 320 3414 1264 3458; baseline 0.003 -11"><span class='ocrx_word' id='word_1_407' title='bbox 320 3416 497 3458; x_wconf 80' lang='lat' dir='ltr'>posuerunt</span> <span class='ocrx_word' id='word_1_408' title='bbox 514 3440 524 3454; x_wconf 91' lang='lat'>,</span> <span class='ocrx_word' id='word_1_409' title='bbox 554 3415 654 3450; x_wconf 87' lang='lat' dir='ltr'>vestra</span> <span class='ocrx_word' id='word_1_410' title='bbox 676 3414 827 3449; x_wconf 85' lang='lat' dir='ltr'>discretio</span> <span class='ocrx_word' id='word_1_411' title='bbox 852 3425 911 3458; x_wconf 83' lang='lat' dir='ltr'>prae</span> <span class='ocrx_word' id='word_1_412' title='bbox 933 3415 1051 3449; x_wconf 82' lang='lat' dir='ltr'>caeteris</span> <span class='ocrx_word' id='word_1_413' title='bbox 1074 3415 1264 3450; x_wconf 79' lang='lat' dir='ltr'>transiretin</span> 
     </span>
     <span class='ocr_line' id='line_1_61' title="bbox 320 3460 1264 3512; baseline 0.001 -13"><span class='ocrx_word' id='word_1_414' title='bbox 320 3460 528 3504; x_wconf 76' lang='lat' dir='ltr'>consortium</span> <span class='ocrx_word' id='word_1_415' title='bbox 555 3465 711 3507; x_wconf 88' lang='lat' dir='ltr'>illorum,</span> <span class='ocrx_word' id='word_1_416' title='bbox 738 3465 794 3512; x_wconf 86' lang='lat' dir='ltr'>qui</span> <span class='ocrx_word' id='word_1_417' title='bbox 807 3466 935 3511; x_wconf 86' lang='lat' dir='ltr'>patroni</span> <span class='ocrx_word' id='word_1_418' title='bbox 959 3466 1087 3500; x_wconf 86' lang='lat' dir='ltr'>fuerant</span> <span class='ocrx_word' id='word_1_419' title='bbox 1113 3466 1264 3502; x_wconf 85' lang='lat' dir='ltr'>veritatis.</span> 
     </span>
    </p>
   </div>
   <div class='ocr_carea' id='block_1_10' title="bbox 309 1703 1286 2071">
    <p class='ocr_par' dir='ltr' id='par_1_11' title="bbox 309 1685 1286 2071">
     <span class='ocr_line' id='line_1_62' title="bbox 309 1703 1286 2071; baseline 0.002 -322"><span class='ocrx_word' id='word_1_420' title='bbox 309 1716 429 1750; x_wconf 73' lang='lat' dir='ltr'>nunca</span> <span class='ocrx_word' id='word_1_421' title='bbox 453 1713 617 1748; x_wconf 88' lang='lat' dir='ltr'>Fratribus</span> <span class='ocrx_word' id='word_1_422' title='bbox 635 1713 867 1748; x_wconf 85' lang='lat' dir='ltr'>&amp;domesticis</span> <span class='ocrx_word' id='word_1_423' title='bbox 889 1715 1042 1753; x_wconf 85' lang='lat' dir='ltr'>sustinet.</span> <span class='ocrx_word' id='word_1_424' title='bbox 1072 1716 1205 1751; x_wconf 90' lang='lat' dir='ltr'>Horum</span> <span class='ocrx_word' id='word_1_425' title='bbox 1233 1703 1286 2071; x_wconf 55' lang='grc' dir='ltr'>ὧι</span> 
     </span>
    </p>
   </div>
   <div class='ocr_carea' id='block_1_11' title="bbox 1279 2145 1285 2329">
    <p class='ocr_par' dir='ltr' id='par_1_12' title="bbox 1279 2145 1285 2329">
     <span class='ocr_line' id='line_1_63' title="bbox 1279 2145 1285 2329; baseline 0 1447"><span class='ocrx_word' id='word_1_426' title='bbox 1279 2145 1285 2329; x_wconf 95' lang='lat' dir='ltr'> </span> 
     </span>
    </p>
   </div>
   <div class='ocr_carea' id='block_1_12' title="bbox 1306 3334 1315 3508">
    <p class='ocr_par' dir='ltr' id='par_1_13' title="bbox 1306 3334 1315 3508">
     <span class='ocr_line' id='line_1_64' title="bbox 1306 3334 1315 3508; baseline 0 268"><span class='ocrx_word' id='word_1_427' title='bbox 1306 3334 1315 3508; x_wconf 95' lang='lat' dir='ltr'> </span> 
     </span>
    </p>
   </div>
   <div class='ocr_carea' id='block_1_13' title="bbox 1040 127 1587 179">
    <p class='ocr_par' dir='ltr' id='par_1_14' title="bbox 1040 127 1587 179">
     <span class='ocr_line' id='line_1_65' title="bbox 1040 127 1587 179; baseline -0.004 0"><span class='ocrx_word' id='word_1_428' title='bbox 1040 127 1587 179; x_wconf 84' lang='lat' dir='ltr'><strong>EPISTOLAE</strong></span> 
     </span>
    </p>
   </div>
   <div class='ocr_carea' id='block_1_14' title="bbox 1284 215 1759 265">
    <p class='ocr_par' dir='ltr' id='par_1_15' title="bbox 1284 215 1759 265">
     <span class='ocr_line' id='line_1_66' title="bbox 1284 215 1759 265; baseline 0 -15"><span class='ocrx_word' id='word_1_429' title='bbox 1284 237 1286 239; x_wconf 97' lang='lat'>-</span> <span class='ocrx_word' id='word_1_430' title='bbox 1345 215 1502 257; x_wconf 62' lang='lat' dir='ltr'>Audiuit,</span> <span class='ocrx_word' id='word_1_431' title='bbox 1530 216 1664 258; x_wconf 80' lang='lat' dir='ltr'>inquam</span> <span class='ocrx_word' id='word_1_432' title='bbox 1686 239 1698 255; x_wconf 76' lang='grc'><em>,</em></span> <span class='ocrx_word' id='word_1_433' title='bbox 1721 215 1759 265; x_wconf 59' lang='lat' dir='ltr'>§t</span> 
     </span>
    </p>
   </div>
   <div class='ocr_carea' id='block_1_15' title="bbox 1334 214 2284 1301">
    <p class='ocr_par' dir='ltr' id='par_1_16' title="bbox 1334 214 2284 1301">
     <span class='ocr_line' id='line_1_67' title="bbox 1779 214 2281 265; baseline 0.006 -17"><span class='ocrx_word' id='word_1_434' title='bbox 1779 214 1883 249; x_wconf 77' lang='lat' dir='ltr'>laetata</span> <span class='ocrx_word' id='word_1_435' title='bbox 1901 214 1947 249; x_wconf 86' lang='lat' dir='ltr'>est</span> <span class='ocrx_word' id='word_1_436' title='bbox 1967 218 2081 260; x_wconf 63' lang='lat' dir='ltr'>valde,</span> <span class='ocrx_word' id='word_1_437' title='bbox 2123 220 2281 265; x_wconf 80' lang='lat' dir='ltr'>quoniam</span> 
     </span>
     <span class='ocr_line' id='line_1_68' title="bbox 1343 265 2282 305; baseline -0.001 -5"><span class='ocrx_word' id='word_1_438' title='bbox 1343 265 1410 302; x_wconf 83' lang='lat' dir='ltr'>haec</span> <span class='ocrx_word' id='word_1_439' title='bbox 1427 267 1473 301; x_wconf 88' lang='lat' dir='ltr'>est</span> <span class='ocrx_word' id='word_1_440' title='bbox 1496 266 1635 300; x_wconf 90' lang='lat' dir='ltr'>mutatio</span> <span class='ocrx_word' id='word_1_441' title='bbox 1654 265 1793 299; x_wconf 80' lang='lat' dir='ltr'>dexterae</span> <span class='ocrx_word' id='word_1_442' title='bbox 1812 265 1937 299; x_wconf 79' lang='lat' dir='ltr'>Excelsi</span> <span class='ocrx_word' id='word_1_443' title='bbox 1951 268 1975 305; x_wconf 84' lang='lat'>,&#39;</span> <span class='ocrx_word' id='word_1_444' title='bbox 1987 266 2023 299; x_wconf 72' lang='lat' dir='ltr'>dt</span> <span class='ocrx_word' id='word_1_445' title='bbox 2049 268 2192 305; x_wconf 68' lang='lat' dir='ltr'>Eeelefiae</span> <span class='ocrx_word' id='word_1_446' title='bbox 2215 271 2282 305; x_wconf 75' lang='lat' dir='ltr'>Dei</span> 
     </span>
     <span class='ocr_line' id='line_1_69' title="bbox 1343 315 2284 365; baseline 0.001 -14"><span class='ocrx_word' id='word_1_447' title='bbox 1343 317 1382 350; x_wconf 88' lang='lat' dir='ltr'>ad</span> <span class='ocrx_word' id='word_1_448' title='bbox 1403 317 1607 357; x_wconf 82' lang='lat' dir='ltr'>libertatern,</span> <span class='ocrx_word' id='word_1_449' title='bbox 1634 316 1668 349; x_wconf 77' lang='grc' dir='ltr'>ἀ</span> <span class='ocrx_word' id='word_1_450' title='bbox 1694 315 1822 350; x_wconf 87' lang='lat' dir='ltr'>nomini</span> <span class='ocrx_word' id='word_1_451' title='bbox 1842 315 1949 349; x_wconf 86' lang='lat' dir='ltr'>-vestro</span> <span class='ocrx_word' id='word_1_452' title='bbox 1984 316 2130 358; x_wconf 79' lang='lat' dir='ltr'>proficiet</span> <span class='ocrx_word' id='word_1_453' title='bbox 2150 322 2192 355; x_wconf 77' lang='lat' dir='ltr'>ad</span> <span class='ocrx_word' id='word_1_454' title='bbox 2213 321 2284 365; x_wconf 88' lang='lat' dir='ltr'>glo·</span> 
     </span>
     <span class='ocr_line' id='line_1_70' title="bbox 1344 365 2280 414; baseline 0 -14"><span class='ocrx_word' id='word_1_455' title='bbox 1344 366 1421 400; x_wconf 85' lang='lat' dir='ltr'>riam</span> <span class='ocrx_word' id='word_1_456' title='bbox 1434 368 1660 410; x_wconf 83' lang='lat' dir='ltr'>sempiternam</span> <span class='ocrx_word' id='word_1_457' title='bbox 1670 389 1677 397; x_wconf 90' lang='lat'><strong>.</strong></span> <span class='ocrx_word' id='word_1_458' title='bbox 1687 366 1799 399; x_wconf 82' lang='lat' dir='ltr'>Sermo</span> <span class='ocrx_word' id='word_1_459' title='bbox 1811 375 1922 410; x_wconf 82' lang='lat' dir='ltr'>gratus</span> <span class='ocrx_word' id='word_1_460' title='bbox 1934 368 1968 399; x_wconf 88' lang='lat' dir='ltr'>in</span> <span class='ocrx_word' id='word_1_461' title='bbox 1980 365 2110 400; x_wconf 78' lang='lat' dir='ltr'>auribus</span> <span class='ocrx_word' id='word_1_462' title='bbox 2120 371 2280 414; x_wconf 67' lang='lat' dir='ltr'>omnium,</span> 
     </span>
     <span class='ocr_line' id='line_1_71' title="bbox 1344 414 2279 462; baseline 0 -12"><span class='ocrx_word' id='word_1_463' title='bbox 1344 418 1396 450; x_wconf 91' lang='lat' dir='ltr'>sed</span> <span class='ocrx_word' id='word_1_464' title='bbox 1407 418 1598 462; x_wconf 80' lang='lat' dir='ltr'>gratissimus</span> <span class='ocrx_word' id='word_1_465' title='bbox 1620 414 1714 450; x_wconf 87' lang='lat' dir='ltr'>nobis</span> <span class='ocrx_word' id='word_1_466' title='bbox 1726 416 1758 449; x_wconf 72' lang='grc' dir='ltr'>δε</span> <span class='ocrx_word' id='word_1_467' title='bbox 1773 414 1921 450; x_wconf 80' lang='lat' dir='ltr'>Eeclefiae</span> <span class='ocrx_word' id='word_1_468' title='bbox 1943 417 2186 458; x_wconf 80' lang='lat' dir='ltr'>Cantuarienfi,</span> <span class='ocrx_word' id='word_1_469' title='bbox 2209 431 2279 462; x_wconf 73' lang='lat' dir='ltr'>quae</span> 
     </span>
     <span class='ocr_line' id='line_1_72' title="bbox 1344 466 2278 511; baseline 0.001 -12"><span class='ocrx_word' id='word_1_470' title='bbox 1344 468 1463 510; x_wconf 86' lang='lat' dir='ltr'>semper</span> <span class='ocrx_word' id='word_1_471' title='bbox 1485 468 1588 502; x_wconf 84' lang='lat' dir='ltr'>vestro</span> <span class='ocrx_word' id='word_1_472' title='bbox 1608 468 1818 500; x_wconf 88' lang='lat' dir='ltr'>consueverat</span> <span class='ocrx_word' id='word_1_473' title='bbox 1841 466 1984 511; x_wconf 84' lang='lat' dir='ltr'>gaudere</span> <span class='ocrx_word' id='word_1_474' title='bbox 2003 468 2189 510; x_wconf 85' lang='lat' dir='ltr'>patrocinio</span> <span class='ocrx_word' id='word_1_475' title='bbox 2209 491 2220 509; x_wconf 85' lang='lat'>,</span> <span class='ocrx_word' id='word_1_476' title='bbox 2242 472 2278 505; x_wconf 72' lang='grc' dir='ltr'>ὅ(</span> 
     </span>
     <span class='ocr_line' id='line_1_73' title="bbox 1343 516 2279 560; baseline 0.004 -11"><span class='ocrx_word' id='word_1_477' title='bbox 1343 517 1514 551; x_wconf 78' lang='lat' dir='ltr'>sevestram</span> <span class='ocrx_word' id='word_1_478' title='bbox 1540 519 1574 551; x_wconf 89' lang='lat' dir='ltr'>in</span> <span class='ocrx_word' id='word_1_479' title='bbox 1595 516 1735 560; x_wconf 83' lang='lat' dir='ltr'>gratiam</span> <span class='ocrx_word' id='word_1_480' title='bbox 1759 516 1886 550; x_wconf 75' lang='lat' dir='ltr'>rediisse</span> <span class='ocrx_word' id='word_1_481' title='bbox 1908 518 2033 551; x_wconf 83' lang='lat' dir='ltr'>laetatur</span> <span class='ocrx_word' id='word_1_482' title='bbox 2058 541 2065 549; x_wconf 93' lang='lat'><strong>.</strong></span> <span class='ocrx_word' id='word_1_483' title='bbox 2095 516 2219 560; x_wconf 85' lang='lat' dir='ltr'>Justum</span> <span class='ocrx_word' id='word_1_484' title='bbox 2235 519 2279 553; x_wconf 85' lang='lat' dir='ltr'>est</span> 
     </span>
     <span class='ocr_line' id='line_1_74' title="bbox 1341 566 2280 610; baseline 0.003 -11"><span class='ocrx_word' id='word_1_485' title='bbox 1341 577 1421 610; x_wconf 86' lang='lat' dir='ltr'>ergo</span> <span class='ocrx_word' id='word_1_486' title='bbox 1433 590 1444 607; x_wconf 90' lang='lat'>‚</span> <span class='ocrx_word' id='word_1_487' title='bbox 1470 579 1506 600; x_wconf 87' lang='lat' dir='ltr'>ut</span> <span class='ocrx_word' id='word_1_488' title='bbox 1525 569 1565 602; x_wconf 82' lang='lat' dir='ltr'>ad</span> <span class='ocrx_word' id='word_1_489' title='bbox 1591 567 1788 610; x_wconf 89' lang='lat' dir='ltr'>obsequium</span> <span class='ocrx_word' id='word_1_490' title='bbox 1808 566 1947 601; x_wconf 84' lang='lat' dir='ltr'>vestrum</span> <span class='ocrx_word' id='word_1_491' title='bbox 1966 578 2141 601; x_wconf 87' lang='lat' dir='ltr'>revertatur</span> <span class='ocrx_word' id='word_1_492' title='bbox 2160 568 2193 602; x_wconf 77' lang='grc' dir='ltr'>δε</span> <span class='ocrx_word' id='word_1_493' title='bbox 2216 567 2280 602; x_wconf 79' lang='lat' dir='ltr'>cul·</span> 
     </span>
     <span class='ocr_line' id='line_1_75' title="bbox 1343 616 2281 661; baseline 0.003 -13"><span class='ocrx_word' id='word_1_494' title='bbox 1343 627 1411 650; x_wconf 88' lang='lat' dir='ltr'>tum</span> <span class='ocrx_word' id='word_1_495' title='bbox 1425 641 1433 649; x_wconf 91' lang='lat'><strong>.</strong></span> <span class='ocrx_word' id='word_1_496' title='bbox 1463 617 1507 651; x_wconf 85' lang='lat' dir='ltr'>Et</span> <span class='ocrx_word' id='word_1_497' title='bbox 1524 622 1590 652; x_wconf 80' lang='lat' dir='ltr'>&#39;nos</span> <span class='ocrx_word' id='word_1_498' title='bbox 1613 618 1992 661; x_wconf 82' lang='lat' dir='ltr'>propenfioremoperam</span> <span class='ocrx_word' id='word_1_499' title='bbox 2012 617 2162 652; x_wconf 87' lang='lat' dir='ltr'>dabimus</span> <span class='ocrx_word' id='word_1_500' title='bbox 2177 617 2211 651; x_wconf 68' lang='grc' dir='ltr'>ἅ.</span> <span class='ocrx_word' id='word_1_501' title='bbox 2233 616 2281 651; x_wconf 90' lang='lat' dir='ltr'>di-</span> 
     </span>
     <span class='ocr_line' id='line_1_76' title="bbox 1343 666 2279 714; baseline 0.003 -16"><span class='ocrx_word' id='word_1_502' title='bbox 1343 666 1509 714; x_wconf 83' lang='lat' dir='ltr'>ligentiam</span> <span class='ocrx_word' id='word_1_503' title='bbox 1532 692 1543 708; x_wconf 92' lang='lat'>,</span> <span class='ocrx_word' id='word_1_504' title='bbox 1570 676 1606 701; x_wconf 89' lang='lat' dir='ltr'>ut</span> <span class='ocrx_word' id='word_1_505' title='bbox 1625 667 1734 700; x_wconf 85' lang='lat' dir='ltr'>vestris</span> <span class='ocrx_word' id='word_1_506' title='bbox 1753 667 1956 701; x_wconf 74' lang='lat' dir='ltr'>devotissime</span> <span class='ocrx_word' id='word_1_507' title='bbox 1976 668 2168 710; x_wconf 80' lang='lat' dir='ltr'>juffionibus</span> <span class='ocrx_word' id='word_1_508' title='bbox 2191 666 2279 701; x_wconf 88' lang='lat' dir='ltr'>obse-</span> 
     </span>
     <span class='ocr_line' id='line_1_77' title="bbox 1341 715 2282 759; baseline 0.002 -11"><span class='ocrx_word' id='word_1_509' title='bbox 1341 716 1457 759; x_wconf 77' lang='lat' dir='ltr'>quatur</span> <span class='ocrx_word' id='word_1_510' title='bbox 1471 741 1478 749; x_wconf 92' lang='lat'>.</span> <span class='ocrx_word' id='word_1_511' title='bbox 1504 717 1639 752; x_wconf 85' lang='lat' dir='ltr'>Fuimus</span> <span class='ocrx_word' id='word_1_512' title='bbox 1661 716 1750 751; x_wconf 88' lang='lat' dir='ltr'>enirn</span> <span class='ocrx_word' id='word_1_513' title='bbox 1771 717 1894 758; x_wconf 86' lang='lat' dir='ltr'>vestri,</span> <span class='ocrx_word' id='word_1_514' title='bbox 1918 718 2053 752; x_wconf 86' lang='lat' dir='ltr'>&amp;vestri</span> <span class='ocrx_word' id='word_1_515' title='bbox 2077 719 2139 752; x_wconf 80' lang='lat' dir='ltr'>effe</span> <span class='ocrx_word' id='word_1_516' title='bbox 2164 715 2282 751; x_wconf 81' lang='lat' dir='ltr'>dende-</span> 
     </span>
     <span class='ocr_line' id='line_1_78' title="bbox 1341 766 2280 812; baseline 0.001 -12"><span class='ocrx_word' id='word_1_517' title='bbox 1341 778 1467 806; x_wconf 88' lang='lat' dir='ltr'>ramus,</span> <span class='ocrx_word' id='word_1_518' title='bbox 1493 768 1589 811; x_wconf 85' lang='lat' dir='ltr'>proni</span> <span class='ocrx_word' id='word_1_519' title='bbox 1608 768 1741 812; x_wconf 88' lang='lat' dir='ltr'>quidem</span> <span class='ocrx_word' id='word_1_520' title='bbox 1765 767 1804 801; x_wconf 86' lang='lat' dir='ltr'>ad</span> <span class='ocrx_word' id='word_1_521' title='bbox 1827 767 2043 812; x_wconf 84' lang='lat' dir='ltr'>obsequium,</span> <span class='ocrx_word' id='word_1_522' title='bbox 2068 768 2088 801; x_wconf 86' lang='lat' dir='ltr'><strong>fi</strong></span> <span class='ocrx_word' id='word_1_523' title='bbox 2112 767 2184 801; x_wconf 84' lang='lat' dir='ltr'>Rex</span> <span class='ocrx_word' id='word_1_524' title='bbox 2209 766 2280 801; x_wconf 85' lang='lat' dir='ltr'>An-</span> 
     </span>
     <span class='ocr_line' id='line_1_79' title="bbox 1339 817 2280 862; baseline 0.001 -12"><span class='ocrx_word' id='word_1_525' title='bbox 1339 817 1471 861; x_wconf 87' lang='lat' dir='ltr'>glorum</span> <span class='ocrx_word' id='word_1_526' title='bbox 1488 840 1498 856; x_wconf 93' lang='lat'>,</span> <span class='ocrx_word' id='word_1_527' title='bbox 1522 828 1620 860; x_wconf 88' lang='lat' dir='ltr'>quam</span> <span class='ocrx_word' id='word_1_528' title='bbox 1635 818 1734 852; x_wconf 85' lang='lat' dir='ltr'>corde</span> <span class='ocrx_word' id='word_1_529' title='bbox 1753 818 1896 862; x_wconf 88' lang='lat' dir='ltr'>gerimus</span> <span class='ocrx_word' id='word_1_530' title='bbox 1909 842 1921 858; x_wconf 87' lang='lat'>,</span> <span class='ocrx_word' id='word_1_531' title='bbox 1940 818 2120 853; x_wconf 84' lang='lat' dir='ltr'>officiosam</span> <span class='ocrx_word' id='word_1_532' title='bbox 2131 817 2280 860; x_wconf 82' lang='lat' dir='ltr'>expedie-</span> 
     </span>
     <span class='ocr_line' id='line_1_80' title="bbox 1339 867 2278 912; baseline 0 -12"><span class='ocrx_word' id='word_1_533' title='bbox 1339 869 1379 901; x_wconf 88' lang='lat' dir='ltr'>rit</span> <span class='ocrx_word' id='word_1_534' title='bbox 1403 867 1604 902; x_wconf 80' lang='lat' dir='ltr'>voluntatem</span> <span class='ocrx_word' id='word_1_535' title='bbox 1616 893 1624 900; x_wconf 92' lang='lat'><strong>.</strong></span> <span class='ocrx_word' id='word_1_536' title='bbox 1653 869 1725 902; x_wconf 89' lang='lat' dir='ltr'>Nec</span> <span class='ocrx_word' id='word_1_537' title='bbox 1738 868 1872 901; x_wconf 86' lang='lat' dir='ltr'>dubium</span> <span class='ocrx_word' id='word_1_538' title='bbox 1882 892 1892 908; x_wconf 82' lang='lat'>,</span> <span class='ocrx_word' id='word_1_539' title='bbox 1921 870 2001 911; x_wconf 93' lang='lat' dir='ltr'>quin</span> <span class='ocrx_word' id='word_1_540' title='bbox 2012 869 2030 902; x_wconf 70' lang='lat' dir='ltr'>a</span> <span class='ocrx_word' id='word_1_541' title='bbox 2042 869 2278 912; x_wconf 85' lang='lat' dir='ltr'>persecutorum</span> 
     </span>
     <span class='ocr_line' id='line_1_81' title="bbox 1337 917 2280 962; baseline 0.002 -12"><span class='ocrx_word' id='word_1_542' title='bbox 1337 917 1542 958; x_wconf 81' lang='lat' dir='ltr'>nostrorum,</span> <span class='ocrx_word' id='word_1_543' title='bbox 1579 929 1647 962; x_wconf 89' lang='lat' dir='ltr'>quo</span> <span class='ocrx_word' id='word_1_544' title='bbox 1669 917 1766 951; x_wconf 88' lang='lat' dir='ltr'>nobis</span> <span class='ocrx_word' id='word_1_545' title='bbox 1790 919 1941 952; x_wconf 70' lang='lat' dir='ltr'>noxiores</span> <span class='ocrx_word' id='word_1_546' title='bbox 1960 919 2103 958; x_wconf 89' lang='lat' dir='ltr'>fuerint,</span> <span class='ocrx_word' id='word_1_547' title='bbox 2142 918 2280 961; x_wconf 81' lang='lat' dir='ltr'>patroci-</span> 
     </span>
     <span class='ocr_line' id='line_1_82' title="bbox 1339 967 2281 1011; baseline 0.002 -11"><span class='ocrx_word' id='word_1_548' title='bbox 1339 967 1396 1000; x_wconf 88' lang='lat' dir='ltr'>nio</span> <span class='ocrx_word' id='word_1_549' title='bbox 1415 968 1590 1007; x_wconf 76' lang='lat' dir='ltr'>desistatis,</span> <span class='ocrx_word' id='word_1_550' title='bbox 1618 968 1776 1011; x_wconf 84' lang='lat' dir='ltr'>quoniam</span> <span class='ocrx_word' id='word_1_551' title='bbox 1795 967 1926 1009; x_wconf 88' lang='lat' dir='ltr'>iniqui,</span> <span class='ocrx_word' id='word_1_552' title='bbox 1950 970 2037 1002; x_wconf 87' lang='lat' dir='ltr'>avari</span> <span class='ocrx_word' id='word_1_553' title='bbox 2055 969 2152 1007; x_wconf 90' lang='lat' dir='ltr'>sunt,</span> <span class='ocrx_word' id='word_1_554' title='bbox 2177 969 2212 1002; x_wconf 90' lang='lat'>&amp;</span> <span class='ocrx_word' id='word_1_555' title='bbox 2233 969 2281 1002; x_wconf 87' lang='lat' dir='ltr'>fa·</span> 
     </span>
     <span class='ocr_line' id='line_1_83' title="bbox 1337 1016 2280 1062; baseline 0.003 -12"><span class='ocrx_word' id='word_1_556' title='bbox 1337 1016 1386 1050; x_wconf 88' lang='lat' dir='ltr'>bri</span> <span class='ocrx_word' id='word_1_557' title='bbox 1406 1018 1652 1052; x_wconf 89' lang='lat' dir='ltr'>mendaciorum</span> <span class='ocrx_word' id='word_1_558' title='bbox 1674 1029 1682 1048; x_wconf 73' lang='grc' dir='ltr'>ι</span> <span class='ocrx_word' id='word_1_559' title='bbox 1714 1018 1748 1050; x_wconf 90' lang='lat' dir='ltr'>in</span> <span class='ocrx_word' id='word_1_560' title='bbox 1767 1016 1921 1050; x_wconf 87' lang='lat' dir='ltr'>omnibus</span> <span class='ocrx_word' id='word_1_561' title='bbox 1941 1018 2083 1062; x_wconf 85' lang='lat' dir='ltr'>negotiis</span> <span class='ocrx_word' id='word_1_562' title='bbox 2103 1018 2280 1053; x_wconf 73' lang='lat' dir='ltr'>circumve·</span> 
     </span>
     <span class='ocr_line' id='line_1_84' title="bbox 1336 1065 2278 1106; baseline 0.002 -7"><span class='ocrx_word' id='word_1_563' title='bbox 1336 1068 1463 1101; x_wconf 89' lang='lat' dir='ltr'>nientes</span> <span class='ocrx_word' id='word_1_564' title='bbox 1488 1065 1626 1100; x_wconf 85' lang='lat' dir='ltr'>Amicos</span> <span class='ocrx_word' id='word_1_565' title='bbox 1638 1090 1649 1106; x_wconf 89' lang='lat'>,</span> <span class='ocrx_word' id='word_1_566' title='bbox 1674 1065 1708 1099; x_wconf 88' lang='lat'>&amp;</span> <span class='ocrx_word' id='word_1_567' title='bbox 1727 1065 1878 1100; x_wconf 87' lang='lat' dir='ltr'>credulos</span> <span class='ocrx_word' id='word_1_568' title='bbox 1898 1065 1953 1099; x_wconf 83' lang='lat' dir='ltr'>fibi</span> <span class='ocrx_word' id='word_1_569' title='bbox 1969 1091 1976 1097; x_wconf 95' lang='lat'>.</span> <span class='ocrx_word' id='word_1_570' title='bbox 2006 1066 2049 1099; x_wconf 87' lang='lat' dir='ltr'>Et</span> <span class='ocrx_word' id='word_1_571' title='bbox 2068 1079 2145 1102; x_wconf 84' lang='lat' dir='ltr'>cum</span> <span class='ocrx_word' id='word_1_572' title='bbox 2156 1079 2212 1103; x_wconf 75' lang='lat' dir='ltr'>eos</span> <span class='ocrx_word' id='word_1_573' title='bbox 2223 1065 2278 1101; x_wconf 87' lang='lat' dir='ltr'>de-</span> 
     </span>
     <span class='ocr_line' id='line_1_85' title="bbox 1335 1115 2278 1161; baseline 0 -10"><span class='ocrx_word' id='word_1_574' title='bbox 1335 1117 1481 1161; x_wconf 85' lang='lat' dir='ltr'>ceperint</span> <span class='ocrx_word' id='word_1_575' title='bbox 1505 1124 1561 1150; x_wconf 90' lang='lat' dir='ltr'>aut</span> <span class='ocrx_word' id='word_1_576' title='bbox 1578 1116 1711 1149; x_wconf 82' lang='lat' dir='ltr'>laeserint</span> <span class='ocrx_word' id='word_1_577' title='bbox 1727 1140 1738 1156; x_wconf 92' lang='lat'>,</span> <span class='ocrx_word' id='word_1_578' title='bbox 1763 1115 1934 1149; x_wconf 79' lang='lat' dir='ltr'>solvuntur</span> <span class='ocrx_word' id='word_1_579' title='bbox 1952 1116 1986 1148; x_wconf 90' lang='lat' dir='ltr'>in</span> <span class='ocrx_word' id='word_1_580' title='bbox 2009 1116 2107 1149; x_wconf 91' lang='lat' dir='ltr'>risum</span> <span class='ocrx_word' id='word_1_581' title='bbox 2120 1139 2131 1155; x_wconf 86' lang='lat'>,</span> <span class='ocrx_word' id='word_1_582' title='bbox 2153 1116 2187 1149; x_wconf 71' lang='grc' dir='ltr'>δι</span> <span class='ocrx_word' id='word_1_583' title='bbox 2200 1127 2278 1158; x_wconf 80' lang='lat' dir='ltr'>qua-</span> 
     </span>
     <span class='ocr_line' id='line_1_86' title="bbox 1335 1163 2281 1210; baseline 0 -9"><span class='ocrx_word' id='word_1_584' title='bbox 1335 1168 1356 1201; x_wconf 83' lang='lat' dir='ltr'><strong>fi</strong></span> <span class='ocrx_word' id='word_1_585' title='bbox 1380 1169 1420 1201; x_wconf 91' lang='lat' dir='ltr'>de</span> <span class='ocrx_word' id='word_1_586' title='bbox 1440 1165 1588 1201; x_wconf 88' lang='lat' dir='ltr'>hostibus</span> <span class='ocrx_word' id='word_1_587' title='bbox 1609 1165 1848 1209; x_wconf 88' lang='lat' dir='ltr'>triumphantes</span> <span class='ocrx_word' id='word_1_588' title='bbox 1862 1190 1871 1205; x_wconf 88' lang='lat'>‚</span> <span class='ocrx_word' id='word_1_589' title='bbox 1896 1164 1937 1199; x_wconf 87' lang='lat' dir='ltr'>de</span> <span class='ocrx_word' id='word_1_590' title='bbox 1956 1166 2008 1199; x_wconf 93' lang='lat' dir='ltr'>sua</span> <span class='ocrx_word' id='word_1_591' title='bbox 2031 1163 2188 1208; x_wconf 84' lang='lat' dir='ltr'>sapientia</span> <span class='ocrx_word' id='word_1_592' title='bbox 2207 1166 2281 1210; x_wconf 77' lang='lat' dir='ltr'>glo·</span> 
     </span>
     <span class='ocr_line' id='line_1_87' title="bbox 1335 1214 2278 1260; baseline 0 -9"><span class='ocrx_word' id='word_1_593' title='bbox 1335 1218 1474 1251; x_wconf 76' lang='lat' dir='ltr'>riantur.</span> <span class='ocrx_word' id='word_1_594' title='bbox 1503 1216 1622 1250; x_wconf 83' lang='lat' dir='ltr'>Valeat</span> <span class='ocrx_word' id='word_1_595' title='bbox 1637 1218 1760 1260; x_wconf 83' lang='lat' dir='ltr'>semper</span> <span class='ocrx_word' id='word_1_596' title='bbox 1779 1214 1874 1251; x_wconf 81' lang='lat' dir='ltr'>chara</span> <span class='ocrx_word' id='word_1_597' title='bbox 1895 1214 1989 1250; x_wconf 87' lang='lat' dir='ltr'>nobis</span> <span class='ocrx_word' id='word_1_598' title='bbox 2002 1215 2038 1250; x_wconf 87' lang='lat' dir='ltr'>in</span> <span class='ocrx_word' id='word_1_599' title='bbox 2057 1214 2210 1251; x_wconf 76' lang='lat' dir='ltr'>Domino</span> <span class='ocrx_word' id='word_1_600' title='bbox 2222 1226 2278 1251; x_wconf 63' lang='lat' dir='ltr'><em>w</em></span> 
     </span>
     <span class='ocr_line' id='line_1_88' title="bbox 1334 1266 1632 1301; baseline -0.013 0"><span class='ocrx_word' id='word_1_601' title='bbox 1334 1268 1394 1301; x_wconf 84' lang='lat' dir='ltr'>stra</span> <span class='ocrx_word' id='word_1_602' title='bbox 1418 1266 1632 1301; x_wconf 84' lang='lat' dir='ltr'>Fraternitas.</span> 
     </span>
    </p>
   </div>
   <div class='ocr_carea' id='block_1_16' title="bbox 1415 1355 2136 1402">
    <p class='ocr_par' dir='ltr' id='par_1_17' title="bbox 1415 1355 2136 1402">
     <span class='ocr_line' id='line_1_89' title="bbox 1415 1355 2136 1402; baseline 0 -3"><span class='ocrx_word' id='word_1_603' title='bbox 1415 1355 1867 1402; x_wconf 67' lang='lat' dir='ltr'>‘Epis‘roLA</span> <span class='ocrx_word' id='word_1_604' title='bbox 1941 1365 2136 1401; x_wconf 78' lang='lat' dir='ltr'>Lxxxtv.</span> 
     </span>
    </p>
   </div>
   <div class='ocr_carea' id='block_1_17' title="bbox 1333 1460 2271 1547">
    <p class='ocr_par' dir='ltr' id='par_1_18' title="bbox 1333 1460 2271 1547">
     <span class='ocr_line' id='line_1_90' title="bbox 1333 1460 2271 1508; baseline 0.003 -11"><span class='ocrx_word' id='word_1_605' title='bbox 1333 1463 1460 1498; x_wconf 81' lang='lat' dir='ltr'>Thomas</span> <span class='ocrx_word' id='word_1_606' title='bbox 1484 1460 1703 1503; x_wconf 67' lang='lat' dir='ltr'>Cantuarlenfis</span> <span class='ocrx_word' id='word_1_607' title='bbox 1723 1463 1810 1495; x_wconf 72' lang='lat' dir='ltr'>Archi</span> <span class='ocrx_word' id='word_1_608' title='bbox 1823 1482 1830 1490; x_wconf 91' lang='lat'><em>-</em></span> <span class='ocrx_word' id='word_1_609' title='bbox 1843 1462 2004 1506; x_wconf 71' lang='lat' dir='ltr'>Episcopus</span> <span class='ocrx_word' id='word_1_610' title='bbox 2029 1469 2142 1508; x_wconf 65' lang='lat' dir='ltr'>Hagen!</span> <span class='ocrx_word' id='word_1_611' title='bbox 2161 1467 2271 1500; x_wconf 71' lang='lat' dir='ltr'>cardi-</span> 
     </span>
     <span class='ocr_line' id='line_1_91' title="bbox 1658 1513 2174 1547; baseline 0.002 -1"><span class='ocrx_word' id='word_1_612' title='bbox 1658 1513 1721 1547; x_wconf 69' lang='lat' dir='ltr'>nali</span> <span class='ocrx_word' id='word_1_613' title='bbox 1744 1514 1782 1547; x_wconf 80' lang='lat' dir='ltr'>de</span> <span class='ocrx_word' id='word_1_614' title='bbox 1801 1515 1954 1547; x_wconf 67' lang='lat' dir='ltr'>Bononia.</span> <span class='ocrx_word' id='word_1_615' title='bbox 2172 1533 2174 1537; x_wconf 42' lang='grc' dir='ltr'><em>ν</em></span> 
     </span>
    </p>
   </div>
   <div class='ocr_carea' id='block_1_18' title="bbox 1326 1612 2276 2503">
    <p class='ocr_par' dir='ltr' id='par_1_19' title="bbox 1326 1612 2276 2503">
     <span class='ocr_line' id='line_1_92' title="bbox 1430 1612 2276 1660; baseline 0.001 -12"><span class='ocrx_word' id='word_1_616' title='bbox 1430 1613 1608 1650; x_wconf 83' lang='lat' dir='ltr'>RATIAS</span> <span class='ocrx_word' id='word_1_617' title='bbox 1620 1614 1747 1660; x_wconf 86' lang='lat' dir='ltr'>agimus</span> <span class='ocrx_word' id='word_1_618' title='bbox 1757 1612 1925 1648; x_wconf 74' lang='lat' dir='ltr'>dilectioni</span> <span class='ocrx_word' id='word_1_619' title='bbox 1937 1612 2041 1649; x_wconf 77' lang='lat' dir='ltr'>vestrae</span> <span class='ocrx_word' id='word_1_620' title='bbox 2051 1615 2140 1659; x_wconf 85' lang='lat' dir='ltr'>supet</span> <span class='ocrx_word' id='word_1_621' title='bbox 2150 1622 2276 1658; x_wconf 71' lang='lat' dir='ltr'>amore,</span> 
     </span>
     <span class='ocr_line' id='line_1_93' title="bbox 1453 1663 2273 1710; baseline 0.002 -12"><span class='ocrx_word' id='word_1_622' title='bbox 1453 1676 1549 1710; x_wconf 88' lang='lat' dir='ltr'>quern</span> <span class='ocrx_word' id='word_1_623' title='bbox 1570 1665 1664 1700; x_wconf 74' lang='lat' dir='ltr'>nobis</span> <span class='ocrx_word' id='word_1_624' title='bbox 1678 1666 1712 1699; x_wconf 76' lang='grc' dir='ltr'>δε</span> <span class='ocrx_word' id='word_1_625' title='bbox 1725 1665 1840 1698; x_wconf 88' lang='lat' dir='ltr'>nostris</span> <span class='ocrx_word' id='word_1_626' title='bbox 1850 1665 1974 1708; x_wconf 86' lang='lat' dir='ltr'>semper</span> <span class='ocrx_word' id='word_1_627' title='bbox 1983 1663 2205 1703; x_wconf 59' lang='lat' dir='ltr'>exhibuistis,</span> <span class='ocrx_word' id='word_1_628' title='bbox 2215 1664 2273 1700; x_wconf 67' lang='lat' dir='ltr'>dev</span> 
     </span>
     <span class='ocr_line' id='line_1_94' title="bbox 1331 1713 2273 1754; baseline 0.001 -5"><span class='ocrx_word' id='word_1_629' title='bbox 1331 1715 1503 1750; x_wconf 73' lang='lat' dir='ltr'>fidei-antes</span> <span class='ocrx_word' id='word_1_630' title='bbox 1525 1726 1562 1749; x_wconf 84' lang='lat' dir='ltr'>ut</span> <span class='ocrx_word' id='word_1_631' title='bbox 1583 1716 1755 1750; x_wconf 87' lang='lat' dir='ltr'>devotioni</span> <span class='ocrx_word' id='word_1_632' title='bbox 1779 1715 1886 1749; x_wconf 82' lang='lat' dir='ltr'>vestrae</span> <span class='ocrx_word' id='word_1_633' title='bbox 1913 1715 2100 1754; x_wconf 84' lang='lat' dir='ltr'>valeamus,</span> <span class='ocrx_word' id='word_1_634' title='bbox 2134 1713 2273 1750; x_wconf 69' lang='lat' dir='ltr'>aurbun</span> 
     </span>
     <span class='ocr_line' id='line_1_95' title="bbox 1332 1764 2274 1808; baseline -0.001 -9"><span class='ocrx_word' id='word_1_635' title='bbox 1332 1765 1485 1799; x_wconf 86' lang='lat' dir='ltr'>Domino</span> <span class='ocrx_word' id='word_1_636' title='bbox 1503 1789 1514 1806; x_wconf 90' lang='lat'>,</span> <span class='ocrx_word' id='word_1_637' title='bbox 1541 1766 1738 1808; x_wconf 86' lang='lat' dir='ltr'>promeritis</span> <span class='ocrx_word' id='word_1_638' title='bbox 1761 1764 1971 1808; x_wconf 86' lang='lat' dir='ltr'>respondere.</span> <span class='ocrx_word' id='word_1_639' title='bbox 1996 1765 2041 1797; x_wconf 89' lang='lat' dir='ltr'>Et</span> <span class='ocrx_word' id='word_1_640' title='bbox 2063 1764 2139 1808; x_wconf 82' lang='lat' dir='ltr'>quia</span> <span class='ocrx_word' id='word_1_641' title='bbox 2149 1773 2274 1807; x_wconf 69' lang='lat' dir='ltr'>exprm-</span> 
     </span>
     <span class='ocr_line' id='line_1_96' title="bbox 1331 1812 2276 1857; baseline 0.001 -11"><span class='ocrx_word' id='word_1_642' title='bbox 1331 1813 1516 1847; x_wconf 81' lang='lat' dir='ltr'>cedentium</span> <span class='ocrx_word' id='word_1_643' title='bbox 1528 1813 1737 1848; x_wconf 76' lang='lat' dir='ltr'>exhibitione</span> <span class='ocrx_word' id='word_1_644' title='bbox 1749 1813 1962 1847; x_wconf 89' lang='lat' dir='ltr'>bonorumde</span> <span class='ocrx_word' id='word_1_645' title='bbox 1971 1812 2071 1846; x_wconf 83' lang='lat' dir='ltr'>vestra</span> <span class='ocrx_word' id='word_1_646' title='bbox 2091 1813 2276 1857; x_wconf 81' lang='lat' dir='ltr'>gratia-ple·</span> 
     </span>
     <span class='ocr_line' id='line_1_97' title="bbox 1330 1861 2273 1907; baseline 0 -10"><span class='ocrx_word' id='word_1_647' title='bbox 1330 1874 1405 1897; x_wconf 85' lang='lat' dir='ltr'>nam</span> <span class='ocrx_word' id='word_1_648' title='bbox 1418 1863 1570 1898; x_wconf 81' lang='lat' dir='ltr'>fiduciam</span> <span class='ocrx_word' id='word_1_649' title='bbox 1581 1862 1791 1902; x_wconf 85' lang='lat' dir='ltr'>obtinemus,</span> <span class='ocrx_word' id='word_1_650' title='bbox 1817 1873 1973 1907; x_wconf 86' lang='lat' dir='ltr'>rogamus</span> <span class='ocrx_word' id='word_1_651' title='bbox 1991 1861 2168 1905; x_wconf 75' lang='lat' dir='ltr'>attentius,</span> <span class='ocrx_word' id='word_1_652' title='bbox 2193 1873 2273 1906; x_wconf 49' lang='lat' dir='ltr'>qua}</span> 
     </span>
     <span class='ocr_line' id='line_1_98' title="bbox 1331 1911 2273 1956; baseline 0.001 -10"><span class='ocrx_word' id='word_1_653' title='bbox 1331 1924 1424 1947; x_wconf 88' lang='lat' dir='ltr'>tenus</span> <span class='ocrx_word' id='word_1_654' title='bbox 1447 1924 1561 1949; x_wconf 90' lang='lat' dir='ltr'>contra</span> <span class='ocrx_word' id='word_1_655' title='bbox 1588 1914 1800 1956; x_wconf 85' lang='lat' dir='ltr'>persecutores</span> <span class='ocrx_word' id='word_1_656' title='bbox 1821 1911 2047 1947; x_wconf 75' lang='lat' dir='ltr'>Ecclefiasticz</span> <span class='ocrx_word' id='word_1_657' title='bbox 2075 1911 2234 1947; x_wconf 72' lang='lat' dir='ltr'>libertatis</span> <span class='ocrx_word' id='word_1_658' title='bbox 2259 1935 2273 1954; x_wconf 80' lang='lat'>,</span> 
     </span>
     <span class='ocr_line' id='line_1_99' title="bbox 1330 1961 2273 2007; baseline 0 -10"><span class='ocrx_word' id='word_1_659' title='bbox 1330 1963 1364 1997; x_wconf 86' lang='lat'>&amp;</span> <span class='ocrx_word' id='word_1_660' title='bbox 1383 1962 1474 1997; x_wconf 88' lang='lat' dir='ltr'>Sedis</span> <span class='ocrx_word' id='word_1_661' title='bbox 1485 1962 1681 2006; x_wconf 78' lang='lat' dir='ltr'>Apostolicae</span> <span class='ocrx_word' id='word_1_662' title='bbox 1697 1962 1823 2003; x_wconf 79' lang='lat' dir='ltr'>hostes,</span> <span class='ocrx_word' id='word_1_663' title='bbox 1852 1962 1910 2007; x_wconf 87' lang='lat' dir='ltr'>qui</span> <span class='ocrx_word' id='word_1_664' title='bbox 1930 1961 2016 2005; x_wconf 88' lang='lat' dir='ltr'>apud</span> <span class='ocrx_word' id='word_1_665' title='bbox 2027 1973 2089 1996; x_wconf 92' lang='lat' dir='ltr'>nos</span> <span class='ocrx_word' id='word_1_666' title='bbox 2099 1961 2165 1996; x_wconf 86' lang='lat' dir='ltr'>Dei</span> <span class='ocrx_word' id='word_1_667' title='bbox 2178 1963 2273 1998; x_wconf 72' lang='lat' dir='ltr'>uxi·</span> 
     </span>
     <span class='ocr_line' id='line_1_100' title="bbox 1332 2009 2272 2057; baseline 0.003 -13"><span class='ocrx_word' id='word_1_668' title='bbox 1332 2013 1378 2046; x_wconf 89' lang='lat' dir='ltr'>lio</span> <span class='ocrx_word' id='word_1_669' title='bbox 1397 2013 1461 2055; x_wconf 83' lang='lat' dir='ltr'>jam</span> <span class='ocrx_word' id='word_1_670' title='bbox 1482 2012 1552 2046; x_wconf 74' lang='lat' dir='ltr'>fere</span> <span class='ocrx_word' id='word_1_671' title='bbox 1576 2012 1762 2056; x_wconf 88' lang='lat' dir='ltr'>consumpti</span> <span class='ocrx_word' id='word_1_672' title='bbox 1781 2012 1855 2045; x_wconf 90' lang='lat' dir='ltr'>sunt</span> <span class='ocrx_word' id='word_1_673' title='bbox 1867 2036 1878 2051; x_wconf 90' lang='lat'>‚</span> <span class='ocrx_word' id='word_1_674' title='bbox 1899 2012 2064 2057; x_wconf 80' lang='lat' dir='ltr'>exurgatis</span> <span class='ocrx_word' id='word_1_675' title='bbox 2086 2012 2122 2047; x_wconf 85' lang='lat' dir='ltr'>in</span> <span class='ocrx_word' id='word_1_676' title='bbox 2134 2009 2272 2056; x_wconf 50' lang='lat' dir='ltr'>:dho-</span> 
     </span>
     <span class='ocr_line' id='line_1_101' title="bbox 1332 2060 2273 2110; baseline 0.001 -14"><span class='ocrx_word' id='word_1_677' title='bbox 1332 2062 1415 2097; x_wconf 86' lang='lat' dir='ltr'>tium</span> <span class='ocrx_word' id='word_1_678' title='bbox 1438 2062 1557 2096; x_wconf 84' lang='lat' dir='ltr'>nobis.-</span> <span class='ocrx_word' id='word_1_679' title='bbox 1584 2062 1677 2110; x_wconf 84' lang='lat' dir='ltr'>Qia</span> <span class='ocrx_word' id='word_1_680' title='bbox 1701 2060 1847 2096; x_wconf 90' lang='lat' dir='ltr'>fidelium</span> <span class='ocrx_word' id='word_1_681' title='bbox 1870 2062 1939 2105; x_wconf 86' lang='lat' dir='ltr'>spes</span> <span class='ocrx_word' id='word_1_682' title='bbox 1958 2063 2028 2102; x_wconf 89' lang='lat' dir='ltr'>est,</span> <span class='ocrx_word' id='word_1_683' title='bbox 2053 2060 2188 2097; x_wconf 71' lang='lat' dir='ltr'>salutem</span> <span class='ocrx_word' id='word_1_684' title='bbox 2213 2061 2273 2097; x_wconf 83' lang='lat' dir='ltr'>Ec—</span> 
     </span>
     <span class='ocr_line' id='line_1_102' title="bbox 1330 2111 2272 2155; baseline -0.001 -8"><span class='ocrx_word' id='word_1_685' title='bbox 1330 2113 1426 2147; x_wconf 81' lang='lat' dir='ltr'>clefiae</span> <span class='ocrx_word' id='word_1_686' title='bbox 1450 2113 1513 2147; x_wconf 81' lang='lat' dir='ltr'>effe</span> <span class='ocrx_word' id='word_1_687' title='bbox 1532 2113 1566 2147; x_wconf 90' lang='lat' dir='ltr'>in</span> <span class='ocrx_word' id='word_1_688' title='bbox 1587 2112 1714 2155; x_wconf 83' lang='lat' dir='ltr'>januis,</span> <span class='ocrx_word' id='word_1_689' title='bbox 1741 2111 1761 2145; x_wconf 79' lang='lat' dir='ltr'>si</span> <span class='ocrx_word' id='word_1_690' title='bbox 1774 2111 1938 2145; x_wconf 88' lang='lat' dir='ltr'>Dominus</span> <span class='ocrx_word' id='word_1_691' title='bbox 1949 2111 2039 2155; x_wconf 84' lang='lat' dir='ltr'>Papa</span> <span class='ocrx_word' id='word_1_692' title='bbox 2062 2113 2165 2146; x_wconf 80' lang='lat' dir='ltr'>totius</span> <span class='ocrx_word' id='word_1_693' title='bbox 2178 2113 2272 2146; x_wconf 86' lang='lat' dir='ltr'>mali-</span> 
     </span>
     <span class='ocr_line' id='line_1_103' title="bbox 1330 2161 2271 2206; baseline 0 -10"><span class='ocrx_word' id='word_1_694' title='bbox 1330 2163 1381 2196; x_wconf 76' lang='lat' dir='ltr'>tiae</span> <span class='ocrx_word' id='word_1_695' title='bbox 1403 2163 1603 2197; x_wconf 86' lang='lat' dir='ltr'>incentorem</span> <span class='ocrx_word' id='word_1_696' title='bbox 1618 2162 1816 2206; x_wconf 89' lang='lat' dir='ltr'>Episcopum</span> <span class='ocrx_word' id='word_1_697' title='bbox 1836 2161 2150 2197; x_wconf 82' lang='lat' dir='ltr'>Londoniensem&amp;</span> <span class='ocrx_word' id='word_1_698' title='bbox 2167 2161 2271 2200; x_wconf 82' lang='lat' dir='ltr'>Com·</span> 
     </span>
     <span class='ocr_line' id='line_1_104' title="bbox 1332 2209 2271 2257; baseline 0.002 -12"><span class='ocrx_word' id='word_1_699' title='bbox 1332 2213 1432 2255; x_wconf 86' lang='lat' dir='ltr'>plices</span> <span class='ocrx_word' id='word_1_700' title='bbox 1453 2214 1545 2252; x_wconf 89' lang='lat' dir='ltr'>suos,</span> <span class='ocrx_word' id='word_1_701' title='bbox 1573 2211 1871 2257; x_wconf 84' lang='lat' dir='ltr'>quosexigentibus</span> <span class='ocrx_word' id='word_1_702' title='bbox 1889 2209 1991 2255; x_wconf 87' lang='lat' dir='ltr'>culpis</span> <span class='ocrx_word' id='word_1_703' title='bbox 2006 2213 2271 2247; x_wconf 77' lang='lat' dir='ltr'>excommnnica-</span> 
     </span>
     <span class='ocr_line' id='line_1_105' title="bbox 1330 2259 2270 2306; baseline 0.002 -12"><span class='ocrx_word' id='word_1_704' title='bbox 1330 2263 1461 2303; x_wconf 89' lang='lat' dir='ltr'>vimus,</span> <span class='ocrx_word' id='word_1_705' title='bbox 1489 2264 1663 2298; x_wconf 85' lang='lat' dir='ltr'>severitatis</span> <span class='ocrx_word' id='word_1_706' title='bbox 1689 2260 1887 2306; x_wconf 82' lang='lat' dir='ltr'>Apostolicae</span> <span class='ocrx_word' id='word_1_707' title='bbox 1914 2259 2104 2304; x_wconf 75' lang='lat' dir='ltr'>corripuerit</span> <span class='ocrx_word' id='word_1_708' title='bbox 2123 2261 2270 2306; x_wconf 41' lang='lat' dir='ltr'>gladio)</span> 
     </span>
     <span class='ocr_line' id='line_1_106' title="bbox 1330 2309 2272 2358; baseline 0.001 -14"><span class='ocrx_word' id='word_1_709' title='bbox 1330 2312 1402 2345; x_wconf 86' lang='lat' dir='ltr'>Nec</span> <span class='ocrx_word' id='word_1_710' title='bbox 1425 2314 1590 2356; x_wconf 85' lang='lat' dir='ltr'>oportebit</span> <span class='ocrx_word' id='word_1_711' title='bbox 1612 2313 1799 2358; x_wconf 84' lang='lat' dir='ltr'>graviorem</span> <span class='ocrx_word' id='word_1_712' title='bbox 1820 2310 1956 2347; x_wconf 74' lang='lat' dir='ltr'>ulterius</span> <span class='ocrx_word' id='word_1_713' title='bbox 1989 2316 2137 2346; x_wconf 77' lang='lat' dir='ltr'>exercere</span> <span class='ocrx_word' id='word_1_714' title='bbox 2165 2309 2272 2346; x_wconf 77' lang='lat' dir='ltr'>vindi-</span> 
     </span>
     <span class='ocr_line' id='line_1_107' title="bbox 1327 2358 2271 2406; baseline 0.001 -11"><span class='ocrx_word' id='word_1_715' title='bbox 1327 2363 1411 2395; x_wconf 70' lang='lat' dir='ltr'>etam</span> <span class='ocrx_word' id='word_1_716' title='bbox 1433 2387 1443 2401; x_wconf 94' lang='lat'>,</span> <span class='ocrx_word' id='word_1_717' title='bbox 1469 2364 1491 2395; x_wconf 85' lang='lat' dir='ltr'>fi</span> <span class='ocrx_word' id='word_1_718' title='bbox 1516 2374 1578 2396; x_wconf 88' lang='lat' dir='ltr'>nos</span> <span class='ocrx_word' id='word_1_719' title='bbox 1600 2363 1779 2406; x_wconf 81' lang='lat' dir='ltr'>permiserit</span> <span class='ocrx_word' id='word_1_720' title='bbox 1805 2360 2026 2405; x_wconf 83' lang='lat' dir='ltr'>pestilentium</span> <span class='ocrx_word' id='word_1_721' title='bbox 2049 2358 2271 2396; x_wconf 61' lang='lat' dir='ltr'>membnom&#39;m</span> 
     </span>
     <span class='ocr_line' id='line_1_108' title="bbox 1326 2410 2273 2455; baseline 0 -10"><span class='ocrx_word' id='word_1_722' title='bbox 1326 2422 1436 2445; x_wconf 87' lang='lat' dir='ltr'>curare</span> <span class='ocrx_word' id='word_1_723' title='bbox 1460 2412 1671 2455; x_wconf 88' lang='lat' dir='ltr'>languorem,</span> <span class='ocrx_word' id='word_1_724' title='bbox 1696 2410 1890 2453; x_wconf 83' lang='lat' dir='ltr'>&amp;putrida,</span> <span class='ocrx_word' id='word_1_725' title='bbox 1914 2420 1983 2455; x_wconf 81' lang='lat' dir='ltr'>quae</span> <span class='ocrx_word' id='word_1_726' title='bbox 1995 2421 2106 2446; x_wconf 77' lang='lat' dir='ltr'>curam</span> <span class='ocrx_word' id='word_1_727' title='bbox 2123 2420 2195 2446; x_wconf 69' lang='lat' dir='ltr'>non</span> <span class='ocrx_word' id='word_1_728' title='bbox 2216 2411 2273 2446; x_wconf 63' lang='lat' dir='ltr'>nd,-</span> 
     </span>
     <span class='ocr_line' id='line_1_109' title="bbox 1327 2459 1844 2503; baseline -0.004 -8"><span class='ocrx_word' id='word_1_729' title='bbox 1327 2461 1495 2503; x_wconf 89' lang='lat' dir='ltr'>miserint‚</span> <span class='ocrx_word' id='word_1_730' title='bbox 1520 2461 1675 2495; x_wconf 88' lang='lat' dir='ltr'>resecare.</span> <span class='ocrx_word' id='word_1_731' title='bbox 1707 2459 1844 2494; x_wconf 88' lang='lat' dir='ltr'>Valete.</span> 
     </span>
    </p>
   </div>
   <div class='ocr_carea' id='block_1_19' title="bbox 1425 2532 2204 2597">
    <p class='ocr_par' dir='ltr' id='par_1_20' title="bbox 1425 2532 2204 2597">
     <span class='ocr_line' id='line_1_110' title="bbox 1425 2532 2204 2597; baseline -0.003 -3"><span class='ocrx_word' id='word_1_732' title='bbox 1425 2558 1833 2597; x_wconf 74' lang='lat' dir='ltr'>EplsToLA</span> <span class='ocrx_word' id='word_1_733' title='bbox 1915 2532 2204 2594; x_wconf 44' lang='lat' dir='ltr'>-nxxxvs</span> 
     </span>
    </p>
   </div>
   <div class='ocr_carea' id='block_1_20' title="bbox 1326 2631 2263 2705">
    <p class='ocr_par' dir='ltr' id='par_1_21' title="bbox 1326 2631 2263 2705">
     <span class='ocr_line' id='line_1_111' title="bbox 1326 2631 2263 2705; baseline -0.002 -9"><span class='ocrx_word' id='word_1_734' title='bbox 1326 2661 1499 2696; x_wconf 80' lang='lat' dir='ltr'>Alexandro</span> <span class='ocrx_word' id='word_1_735' title='bbox 1522 2663 1618 2703; x_wconf 81' lang='lat' dir='ltr'>Papae</span> <span class='ocrx_word' id='word_1_736' title='bbox 1636 2661 1665 2693; x_wconf 76' lang='lat' dir='ltr'><strong><em>G</em></strong></span> <span class='ocrx_word' id='word_1_737' title='bbox 1678 2683 1791 2693; x_wconf 85' lang='grc'><strong>......</strong></span> <span class='ocrx_word' id='word_1_738' title='bbox 1820 2655 2039 2703; x_wconf 70' lang='lat' dir='ltr'>Alefiodorenfis</span> <span class='ocrx_word' id='word_1_739' title='bbox 2064 2631 2263 2705; x_wconf 52' lang='lat' dir='ltr'>Epist-opus:</span> 
     </span>
    </p>
   </div>
   <div class='ocr_carea' id='block_1_21' title="bbox 1309 2757 2283 3455">
    <p class='ocr_par' dir='ltr' id='par_1_22' title="bbox 1309 2757 2283 3455">
     <span class='ocr_line' id='line_1_112' title="bbox 1387 2757 2268 2806; baseline -0.002 -10"><span class='ocrx_word' id='word_1_740' title='bbox 1387 2763 1401 2797; x_wconf 91' lang='lat'><em>1</em></span> <span class='ocrx_word' id='word_1_741' title='bbox 1428 2772 1531 2796; x_wconf 87' lang='lat' dir='ltr'>unum</span> <span class='ocrx_word' id='word_1_742' title='bbox 1547 2761 1670 2806; x_wconf 88' lang='lat' dir='ltr'>patitur</span> <span class='ocrx_word' id='word_1_743' title='bbox 1690 2757 1893 2799; x_wconf 89' lang='lat' dir='ltr'>membrum,</span> <span class='ocrx_word' id='word_1_744' title='bbox 1920 2758 2044 2793; x_wconf 74' lang='lat' dir='ltr'>necesse</span> <span class='ocrx_word' id='word_1_745' title='bbox 2065 2757 2111 2792; x_wconf 85' lang='lat' dir='ltr'>est</span> <span class='ocrx_word' id='word_1_746' title='bbox 2134 2769 2172 2793; x_wconf 89' lang='lat' dir='ltr'>ut</span> <span class='ocrx_word' id='word_1_747' title='bbox 2190 2760 2268 2795; x_wconf 76' lang='lat' dir='ltr'>reli·</span> 
     </span>
     <span class='ocr_line' id='line_1_113' title="bbox 1412 2809 2262 2858; baseline -0.004 -11"><span class='ocrx_word' id='word_1_748' title='bbox 1412 2825 1476 2858; x_wconf 84' lang='lat' dir='ltr'>qua</span> <span class='ocrx_word' id='word_1_749' title='bbox 1500 2811 1757 2855; x_wconf 85' lang='lat' dir='ltr'>compatiantur.</span> <span class='ocrx_word' id='word_1_750' title='bbox 1791 2809 1834 2842; x_wconf 87' lang='lat' dir='ltr'>Et</span> <span class='ocrx_word' id='word_1_751' title='bbox 1844 2809 1934 2851; x_wconf 88' lang='lat' dir='ltr'>quod</span> <span class='ocrx_word' id='word_1_752' title='bbox 1956 2809 2113 2843; x_wconf 85' lang='lat' dir='ltr'>fomentis</span> <span class='ocrx_word' id='word_1_753' title='bbox 2124 2819 2262 2844; x_wconf 83' lang='lat' dir='ltr'>autcau-</span> 
     </span>
     <span class='ocr_line' id='line_1_114' title="bbox 1325 2858 2266 2905; baseline -0.004 -8"><span class='ocrx_word' id='word_1_754' title='bbox 1325 2864 1408 2898; x_wconf 89' lang='lat' dir='ltr'>terio</span> <span class='ocrx_word' id='word_1_755' title='bbox 1431 2863 1534 2897; x_wconf 88' lang='lat' dir='ltr'>sanari</span> <span class='ocrx_word' id='word_1_756' title='bbox 1548 2873 1614 2897; x_wconf 89' lang='lat' dir='ltr'>non</span> <span class='ocrx_word' id='word_1_757' title='bbox 1623 2860 1740 2905; x_wconf 88' lang='lat' dir='ltr'>potest,</span> <span class='ocrx_word' id='word_1_758' title='bbox 1753 2859 1895 2893; x_wconf 86' lang='lat' dir='ltr'>abscindi</span> <span class='ocrx_word' id='word_1_759' title='bbox 1906 2858 2036 2901; x_wconf 80' lang='lat' dir='ltr'>expedit</span> <span class='ocrx_word' id='word_1_760' title='bbox 2049 2883 2061 2900; x_wconf 89' lang='lat'>‚</span> <span class='ocrx_word' id='word_1_761' title='bbox 2087 2859 2185 2902; x_wconf 74' lang='lat' dir='ltr'>quarn</span> <span class='ocrx_word' id='word_1_762' title='bbox 2207 2871 2266 2893; x_wconf 68' lang='grc' dir='ltr'>σε·</span> 
     </span>
     <span class='ocr_line' id='line_1_115' title="bbox 1326 2908 2265 2953; baseline -0.006 -5"><span class='ocrx_word' id='word_1_763' title='bbox 1326 2915 1402 2949; x_wconf 88' lang='lat' dir='ltr'>teris</span> <span class='ocrx_word' id='word_1_764' title='bbox 1424 2912 1464 2947; x_wconf 92' lang='lat' dir='ltr'>ab</span> <span class='ocrx_word' id='word_1_765' title='bbox 1486 2923 1526 2946; x_wconf 92' lang='lat' dir='ltr'>eo</span> <span class='ocrx_word' id='word_1_766' title='bbox 1548 2910 1709 2946; x_wconf 88' lang='lat' dir='ltr'>maculam</span> <span class='ocrx_word' id='word_1_767' title='bbox 1730 2908 1866 2953; x_wconf 77' lang='lat' dir='ltr'>irrogari</span> <span class='ocrx_word' id='word_1_768' title='bbox 1887 2933 1895 2940; x_wconf 90' lang='lat'><strong><em>.</em></strong></span> <span class='ocrx_word' id='word_1_769' title='bbox 1923 2908 1971 2942; x_wconf 89' lang='lat' dir='ltr'>Sit</span> <span class='ocrx_word' id='word_1_770' title='bbox 1992 2908 2173 2953; x_wconf 85' lang='lat' dir='ltr'>quamlibet</span> <span class='ocrx_word' id='word_1_771' title='bbox 2187 2909 2265 2943; x_wconf 87' lang='lat' dir='ltr'>illu-</span> 
     </span>
     <span class='ocr_line' id='line_1_116' title="bbox 1325 2957 2265 3004; baseline -0.005 -6"><span class='ocrx_word' id='word_1_772' title='bbox 1325 2965 1386 2998; x_wconf 84' lang='lat' dir='ltr'>stre</span> <span class='ocrx_word' id='word_1_773' title='bbox 1397 2963 1624 2998; x_wconf 87' lang='lat' dir='ltr'>&amp;officiosum</span> <span class='ocrx_word' id='word_1_774' title='bbox 1638 2961 1672 2993; x_wconf 89' lang='lat' dir='ltr'>in</span> <span class='ocrx_word' id='word_1_775' title='bbox 1683 2968 1841 3002; x_wconf 81' lang='lat' dir='ltr'>corpore,</span> <span class='ocrx_word' id='word_1_776' title='bbox 1868 2960 2007 2992; x_wconf 79' lang='lat' dir='ltr'>tamensi</span> <span class='ocrx_word' id='word_1_777' title='bbox 2025 2957 2176 2998; x_wconf 83' lang='lat' dir='ltr'>scandala</span> <span class='ocrx_word' id='word_1_778' title='bbox 2196 2969 2265 3004; x_wconf 56' lang='lat' dir='ltr'>getb</span> 
     </span>
     <span class='ocr_line' id='line_1_117' title="bbox 1327 3007 2264 3056; baseline -0.004 -9"><span class='ocrx_word' id='word_1_779' title='bbox 1327 3014 1450 3053; x_wconf 89' lang='lat' dir='ltr'>minat,</span> <span class='ocrx_word' id='word_1_780' title='bbox 1474 3013 1507 3047; x_wconf 93' lang='lat'>&amp;</span> <span class='ocrx_word' id='word_1_781' title='bbox 1520 3013 1636 3056; x_wconf 78' lang='lat' dir='ltr'>pestem</span> <span class='ocrx_word' id='word_1_782' title='bbox 1649 3009 1782 3053; x_wconf 86' lang='lat' dir='ltr'>ingerit,</span> <span class='ocrx_word' id='word_1_783' title='bbox 1793 3007 1872 3042; x_wconf 87' lang='lat' dir='ltr'>illud</span> <span class='ocrx_word' id='word_1_784' title='bbox 1885 3008 2031 3042; x_wconf 86' lang='lat' dir='ltr'>abscindi</span> <span class='ocrx_word' id='word_1_785' title='bbox 2043 3009 2133 3051; x_wconf 87' lang='lat' dir='ltr'>jubet</span> <span class='ocrx_word' id='word_1_786' title='bbox 2144 3008 2264 3043; x_wconf 88' lang='lat' dir='ltr'>Domi·</span> 
     </span>
     <span class='ocr_line' id='line_1_118' title="bbox 1326 3057 2264 3106; baseline -0.005 -9"><span class='ocrx_word' id='word_1_787' title='bbox 1326 3075 1386 3098; x_wconf 88' lang='lat' dir='ltr'>nus</span> <span class='ocrx_word' id='word_1_788' title='bbox 1409 3064 1443 3097; x_wconf 76' lang='grc' dir='ltr'>δε</span> <span class='ocrx_word' id='word_1_789' title='bbox 1465 3061 1601 3106; x_wconf 87' lang='lat' dir='ltr'>propelli</span> <span class='ocrx_word' id='word_1_790' title='bbox 1615 3083 1623 3092; x_wconf 86' lang='lat'><em>.</em></span> <span class='ocrx_word' id='word_1_791' title='bbox 1650 3059 1737 3093; x_wconf 89' lang='lat' dir='ltr'>Cum</span> <span class='ocrx_word' id='word_1_792' title='bbox 1762 3057 1841 3102; x_wconf 71' lang='lat' dir='ltr'>ergo</span> <span class='ocrx_word' id='word_1_793' title='bbox 1852 3058 1964 3093; x_wconf 87' lang='lat' dir='ltr'>nobile</span> <span class='ocrx_word' id='word_1_794' title='bbox 1986 3058 2169 3093; x_wconf 85' lang='lat' dir='ltr'>membrum</span> <span class='ocrx_word' id='word_1_795' title='bbox 2188 3058 2264 3092; x_wconf 78' lang='lat' dir='ltr'>uni-</span> 
     </span>
     <span class='ocr_line' id='line_1_119' title="bbox 1326 3107 2265 3153; baseline -0.005 -6"><span class='ocrx_word' id='word_1_796' title='bbox 1326 3115 1454 3148; x_wconf 75' lang='lat' dir='ltr'>versalis</span> <span class='ocrx_word' id='word_1_797' title='bbox 1468 3110 1630 3149; x_wconf 63' lang='lat' dir='ltr'>Ecclesia,</span> <span class='ocrx_word' id='word_1_798' title='bbox 1657 3110 1758 3153; x_wconf 90' lang='lat' dir='ltr'>prima</span> <span class='ocrx_word' id='word_1_799' title='bbox 1770 3108 2014 3143; x_wconf 82' lang='lat' dir='ltr'>Britanniarum</span> <span class='ocrx_word' id='word_1_800' title='bbox 2036 3109 2132 3143; x_wconf 82' lang='lat' dir='ltr'>Sedes</span> <span class='ocrx_word' id='word_1_801' title='bbox 2143 3132 2155 3148; x_wconf 92' lang='lat'>,</span> <span class='ocrx_word' id='word_1_802' title='bbox 2179 3107 2215 3142; x_wconf 75' lang='lat' dir='ltr'>dc</span> <span class='ocrx_word' id='word_1_803' title='bbox 2227 3108 2265 3142; x_wconf 80' lang='lat' dir='ltr'>si·</span> 
     </span>
     <span class='ocr_line' id='line_1_120' title="bbox 1325 3158 2260 3201; baseline -0.005 -3"><span class='ocrx_word' id='word_1_804' title='bbox 1325 3163 1377 3199; x_wconf 84' lang='lat' dir='ltr'>dei</span> <span class='ocrx_word' id='word_1_805' title='bbox 1393 3165 1500 3197; x_wconf 84' lang='lat' dir='ltr'>Mater</span> <span class='ocrx_word' id='word_1_806' title='bbox 1513 3163 1545 3196; x_wconf 91' lang='lat' dir='ltr'>in</span> <span class='ocrx_word' id='word_1_807' title='bbox 1555 3158 1739 3195; x_wconf 88' lang='lat' dir='ltr'>Occidente</span> <span class='ocrx_word' id='word_1_808' title='bbox 1749 3184 1760 3200; x_wconf 91' lang='lat'>,</span> <span class='ocrx_word' id='word_1_809' title='bbox 1787 3159 2031 3194; x_wconf 84' lang='lat' dir='ltr'>Cantuarienfis</span> <span class='ocrx_word' id='word_1_810' title='bbox 2042 3158 2180 3192; x_wconf 83' lang='lat' dir='ltr'>Ecclesia</span> <span class='ocrx_word' id='word_1_811' title='bbox 2193 3158 2260 3201; x_wconf 80' lang='lat' dir='ltr'>plu·</span> 
     </span>
     <span class='ocr_line' id='line_1_121' title="bbox 1327 3205 2283 3257; baseline -0.008 -8"><span class='ocrx_word' id='word_1_812' title='bbox 1327 3215 1446 3249; x_wconf 80' lang='lat' dir='ltr'>timum</span> <span class='ocrx_word' id='word_1_813' title='bbox 1471 3213 1625 3257; x_wconf 85' lang='lat' dir='ltr'>patiatur,</span> <span class='ocrx_word' id='word_1_814' title='bbox 1651 3210 1684 3243; x_wconf 69' lang='grc' dir='ltr'>ὃς</span> <span class='ocrx_word' id='word_1_815' title='bbox 1707 3208 1830 3243; x_wconf 73' lang='lat' dir='ltr'>diutins</span> <span class='ocrx_word' id='word_1_816' title='bbox 1846 3209 1911 3252; x_wconf 75' lang='lat' dir='ltr'>‚jam</span> <span class='ocrx_word' id='word_1_817' title='bbox 1924 3210 2006 3252; x_wconf 77' lang='lat' dir='ltr'>passa</span> <span class='ocrx_word' id='word_1_818' title='bbox 2017 3209 2055 3242; x_wconf 89' lang='lat' dir='ltr'>fit</span> <span class='ocrx_word' id='word_1_819' title='bbox 2073 3232 2087 3247; x_wconf 86' lang='lat'>,</span> <span class='ocrx_word' id='word_1_820' title='bbox 2109 3205 2152 3242; x_wconf 73' lang='grc' dir='ltr'>εὸ</span> <span class='ocrx_word' id='word_1_821' title='bbox 2172 3205 2261 3251; x_wconf 64' lang='lat' dir='ltr'>quod</span> <span class='ocrx_word' id='word_1_822' title='bbox 2279 3219 2283 3224; x_wconf 87' lang='lat'><em>·</em></span> 
     </span>
     <span class='ocr_line' id='line_1_122' title="bbox 1326 3254 2260 3307; baseline -0.011 -8"><span class='ocrx_word' id='word_1_823' title='bbox 1326 3264 1468 3307; x_wconf 81' lang='lat' dir='ltr'>filiiejus</span> <span class='ocrx_word' id='word_1_824' title='bbox 1487 3258 1666 3306; x_wconf 87' lang='lat' dir='ltr'>parricidali</span> <span class='ocrx_word' id='word_1_825' title='bbox 1703 3259 1820 3294; x_wconf 88' lang='lat' dir='ltr'>scelere</span> <span class='ocrx_word' id='word_1_826' title='bbox 1842 3258 1980 3303; x_wconf 72' lang='lat' dir='ltr'>publicae</span> <span class='ocrx_word' id='word_1_827' title='bbox 1999 3257 2169 3302; x_wconf 83' lang='lat' dir='ltr'>potestatis</span> <span class='ocrx_word' id='word_1_828' title='bbox 2189 3254 2260 3291; x_wconf 68' lang='lat' dir='ltr'>eiri-</span> 
     </span>
     <span class='ocr_line' id='line_1_123' title="bbox 1309 3304 2259 3354; baseline -0.013 -5"><span class='ocrx_word' id='word_1_829' title='bbox 1309 3313 1388 3349; x_wconf 70' lang='lat' dir='ltr'>‘bus</span> <span class='ocrx_word' id='word_1_830' title='bbox 1407 3314 1575 3347; x_wconf 84' lang='lat' dir='ltr'>abutentes</span> <span class='ocrx_word' id='word_1_831' title='bbox 1595 3335 1604 3350; x_wconf 94' lang='lat'><strong>‚</strong></span> <span class='ocrx_word' id='word_1_832' title='bbox 1632 3311 1666 3343; x_wconf 91' lang='lat' dir='ltr'>in</span> <span class='ocrx_word' id='word_1_833' title='bbox 1697 3310 1798 3354; x_wconf 90' lang='lat' dir='ltr'>ipsam</span> <span class='ocrx_word' id='word_1_834' title='bbox 1819 3309 1970 3343; x_wconf 86' lang='lat' dir='ltr'>irruerint</span> <span class='ocrx_word' id='word_1_835' title='bbox 1987 3333 1999 3349; x_wconf 94' lang='lat'>,</span> <span class='ocrx_word' id='word_1_836' title='bbox 2026 3307 2148 3343; x_wconf 77' lang='lat' dir='ltr'>neceffe</span> <span class='ocrx_word' id='word_1_837' title='bbox 2167 3304 2259 3340; x_wconf 76' lang='lat' dir='ltr'>estut</span> 
     </span>
     <span class='ocr_line' id='line_1_124' title="bbox 1326 3353 2258 3406; baseline -0.011 -9"><span class='ocrx_word' id='word_1_838' title='bbox 1326 3362 1562 3406; x_wconf 88' lang='lat' dir='ltr'>compatiamur</span> <span class='ocrx_word' id='word_1_839' title='bbox 1580 3361 1612 3394; x_wconf 89' lang='lat'>&amp;</span> <span class='ocrx_word' id='word_1_840' title='bbox 1637 3370 1697 3394; x_wconf 91' lang='lat' dir='ltr'>nos</span> <span class='ocrx_word' id='word_1_841' title='bbox 1719 3385 1730 3400; x_wconf 89' lang='lat'>‚</span> <span class='ocrx_word' id='word_1_842' title='bbox 1758 3360 1790 3394; x_wconf 78' lang='grc' dir='ltr'>δε</span> <span class='ocrx_word' id='word_1_843' title='bbox 1812 3371 1886 3393; x_wconf 90' lang='lat' dir='ltr'>cum</span> <span class='ocrx_word' id='word_1_844' title='bbox 1909 3358 1975 3403; x_wconf 87' lang='lat' dir='ltr'>ipsa</span> <span class='ocrx_word' id='word_1_845' title='bbox 1997 3364 2193 3393; x_wconf 84' lang='lat' dir='ltr'>recurramus</span> <span class='ocrx_word' id='word_1_846' title='bbox 2212 3353 2258 3388; x_wconf 84' lang='lat' dir='ltr'>ad.</span> 
     </span>
     <span class='ocr_line' id='line_1_125' title="bbox 1324 3405 2256 3455; baseline -0.012 -7"><span class='ocrx_word' id='word_1_847' title='bbox 1324 3413 1577 3455; x_wconf 83' lang='lat' dir='ltr'>dispensatorem</span> <span class='ocrx_word' id='word_1_848' title='bbox 1600 3409 1730 3450; x_wconf 85' lang='lat' dir='ltr'>salutis,</span> <span class='ocrx_word' id='word_1_849' title='bbox 1757 3409 1797 3443; x_wconf 90' lang='lat' dir='ltr'>ad</span> <span class='ocrx_word' id='word_1_850' title='bbox 1823 3409 1982 3453; x_wconf 81' lang='lat' dir='ltr'>pastorem</span> <span class='ocrx_word' id='word_1_851' title='bbox 2004 3409 2038 3443; x_wconf 86' lang='lat'>&amp;</span> <span class='ocrx_word' id='word_1_852' title='bbox 2059 3405 2256 3450; x_wconf 79' lang='lat' dir='ltr'>Episcopum</span> 
     </span>
    </p>
   </div>
   <div class='ocr_carea' id='block_1_22' title="bbox 1319 3453 2328 3503">
    <p class='ocr_par' dir='ltr' id='par_1_23' title="bbox 1319 3453 2328 3503">
     <span class='ocr_line' id='line_1_126' title="bbox 1319 3453 2328 3503; baseline -0.014 -4"><span class='ocrx_word' id='word_1_853' title='bbox 1319 3464 1506 3500; x_wconf 79' lang='lat' dir='ltr'>animarum</span> <span class='ocrx_word' id='word_1_854' title='bbox 1529 3461 1710 3497; x_wconf 79' lang='lat' dir='ltr'>nostrarum</span> <span class='ocrx_word' id='word_1_855' title='bbox 1733 3484 1740 3492; x_wconf 89' lang='lat'><strong><em>.</em></strong></span> <span class='ocrx_word' id='word_1_856' title='bbox 1775 3459 1837 3494; x_wconf 82' lang='lat' dir='ltr'>Sed</span> <span class='ocrx_word' id='word_1_857' title='bbox 1860 3459 1935 3503; x_wconf 81' lang='lat' dir='ltr'>quia</span> <span class='ocrx_word' id='word_1_858' title='bbox 1957 3470 2024 3494; x_wconf 89' lang='lat' dir='ltr'>non</span> <span class='ocrx_word' id='word_1_859' title='bbox 2046 3455 2140 3490; x_wconf 86' lang='lat' dir='ltr'>facile</span> <span class='ocrx_word' id='word_1_860' title='bbox 2158 3477 2169 3493; x_wconf 87' lang='lat'>‚</span> <span class='ocrx_word' id='word_1_861' title='bbox 2211 3453 2261 3486; x_wconf 87' lang='lat' dir='ltr'>ni·</span> <span class='ocrx_word' id='word_1_862' title='bbox 2326 3482 2328 3485; x_wconf 92' lang='lat'>.</span> 
     </span>
    </p>
   </div>
   <div class='ocr_carea' id='block_1_23' title="bbox 2073 3503 2211 3540">
    <p class='ocr_par' dir='ltr' id='par_1_24' title="bbox 2073 3503 2211 3540">
     <span class='ocr_line' id='line_1_127' title="bbox 2073 3503 2211 3540; baseline -0.022 0"><span class='ocrx_word' id='word_1_863' title='bbox 2073 3505 2095 3540; x_wconf 76' lang='lat' dir='ltr'>si</span> <span class='ocrx_word' id='word_1_864' title='bbox 2117 3503 2211 3538; x_wconf 83' lang='lat' dir='ltr'>causa</span> 
     </span>
    </p>
   </div>
  </div>
 </body>
</html>
