2358 3776
433 131 533 186 276

520 254 929 291 EPISTOLA
1015 254 1140 294 LXIV,

1349 358 1353 375 l

1347 377 1352 433 Ι

414 355 545 392 rhomas
555 356 776 398 cantuariensi}
800 351 1069 402 Archi-Epifiopus
1084 360 1231 392 Gratiano
1242 380 1250 388 .

402 505 647 542 MPIORUM
674 504 846 540 molimina
870 504 979 549 gratiae
993 505 1067 539 filiis
1085 506 1118 540 in
1132 507 1231 541 finem
1244 517 1297 540 no·

362 568 365 570 ·
426 567 498 590 cere
520 566 589 589 non
611 555 745 598 possunt
765 582 772 588 .
800 555 888 603 Qia
915 556 1006 588 Deus
1025 567 1080 590 eos
1104 558 1193 599 supra
1216 556 1297 590 vires

424 607 542 639 tentari
557 616 624 639 non
639 606 759 649 patitur
770 630 780 646 ,
795 606 836 639 ad
846 604 1021 639 electorum
1034 606 1207 640 utilitatem
1221 618 1295 640 cun·

354 658 403 690 &a
415 654 579 700 dirigens,
607 655 693 690 &de
718 655 852 700 fingulis
874 656 1044 689 eventibus
1065 666 1172 690 rerum
1193 657 1296 699 profe-

353 707 441 740 stum
453 705 645 740 mirabiliter
658 706 792 739 eliciens
811 705 992 750 gloriosum
1005 730 1012 738 .
1041 707 1084 741 Et
1106 707 1239 750 quidem
1252 707 1293 739 fi-

353 755 428 789 dem
441 756 577 790 vestram
598 756 733 800 respexit
751 756 941 796 Dominus,
967 756 1023 800 qui
1048 768 1171 791 moram
1193 757 1293 801 magi-

351 805 409 840 ssri
421 805 559 841 Viviani
572 831 583 847 ‚
609 808 643 840 &
658 805 815 850 quidquid
828 805 897 849 post
910 808 1063 840 recessum
1078 807 1214 840 vestrum
1226 808 1292 851 ges-

349 855 432 889 sitin
442 856 579 891 Francia
594 882 604 897 ‚
630 856 794 890 convertit
807 856 840 889 in
853 856 995 900 gloriam
1009 855 1156 892 nominis
1170 857 1286 897 vestri,

349 906 455 940 vosin
477 907 586 942 Deum
599 906 800 941 constituens
824 905 1007 940 Pharaoni.
1042 909 1094 941 Ex
1115 918 1183 950 quo
1201 908 1292 941 enim

347 956 517 991 Dominus
531 958 601 991 Rex
616 956 804 1000 Angiorum
817 957 1000 1004 cognovit,
1028 956 1117 1004 quod
1128 968 1202 991 cum
1220 958 1290 991 Do-

345 1005 440 1039 mino
454 1007 630 1041 Senonenfi
642 1028 652 1045 ,
678 1006 769 1048 cujus
783 1006 890 1041 zelum
902 1007 995 1042 timet
1006 1009 1097 1051 supra
1108 1007 1206 1052 quam
1220 1008 1288 1041 dici

344 1056 441 1103 poffit
454 1080 466 1095 ‚
492 1057 531 1090 ad
544 1057 679 1091 Curiam
692 1056 962 1097 revertebamini,
987 1057 1020 1091 ἀ
1040 1068 1097 1091 νος
1121 1066 1289 1101 promptos

341 1104 578 1140 animadvertit
593 1107 632 1140 ad
644 1106 803 1149 justitiam
815 1105 1032 1142 exercendam
1043 1131 1054 1147 ,
1081 1107 1173 1141 illico
1185 1118 1239 1151 per
1255 1108 1286 1142 se

340 1154 375 1188 &
387 1166 441 1199 per
452 1157 524 1190 suos
538 1158 695 1200 prefatum
710 1156 891 1192 vivianum
903 1157 1074 1191 sollicitare
1087 1156 1210 1192 studuit
1222 1182 1234 1200 ,
1248 1167 1284 1192 ut

340 1203 456 1239 rediret
468 1229 478 1245 ,
506 1208 700 1250 promittens
713 1208 742 1240 se
753 1207 793 1242 ad
805 1207 967 1242 honorem
981 1208 1046 1242 Dei
1060 1208 1094 1241 <Sc
1110 1208 1284 1243 utilitatem

341 1254 490 1290 Ecclesia,
528 1267 583 1300 per
607 1268 682 1290 eum
710 1268 820 1299 pacem
841 1260 904 1292 effe
939 1258 1098 1291 facturum
1135 1281 1146 1297 ‚
1172 1259 1192 1290 si
1229 1258 1287 1291 ille

342 1315 530 1348 procuraret
542 1329 552 1345 ,
577 1316 614 1339 ut
631 1316 705 1339 cum
718 1316 759 1340 eo
769 1306 975 1349 colloquium
990 1306 1197 1340 haberemus.
1226 1307 1285 1341 Di·

338 1351 478 1389 cebatff'e
488 1357 577 1389 enim
598 1354 742 1389 hancilli
756 1355 1037 1398 velleimpendere
1059 1357 1220 1401 gratiam,
1242 1357 1283 1390 eo

337 1405 428 1446 quod
453 1406 653 1452 morigerum
680 1406 812 1439 senserat
834 1405 889 1440 fibi
909 1428 920 1450 ³
945 1417 1020 1439 cum
1047 1417 1155 1440 tamen
1179 1408 1283 1451 magis

336 1452 485 1488 absentia
499 1454 600 1487 vestra
612 1476 621 1491 ,
631 1454 726 1496 quam
741 1453 896 1496 presentia
905 1455 977 1496 ejus
987 1478 997 1494 ,
1009 1455 1117 1497 gratiae
1127 1455 1194 1488 Dei
1209 1467 1284 1489 coo·

337 1513 498 1547 peraretur
515 1526 526 1542 ‚
552 1503 584 1542 ὰ
604 1514 787 1546 perurgeret
801 1502 840 1536 ad
858 1514 969 1547 pacem
982 1527 990 1534 .
1016 1504 1053 1541 ln
1068 1505 1119 1546 spe
1132 1514 1211 1550 ergo
1226 1516 1285 1549 pa-

335 1552 404 1594 cis,
429 1553 508 1587 ficut
530 1553 657 1596 plenius
682 1550 866 1586 innotescet
886 1564 927 1587 ex
951 1553 1069 1587 litteris
1096 1555 1284 1588 vocationis

333 1602 470 1643 nostrae,
507 1602 693 1638 acceffimus
716 1603 755 1637 ad
779 1602 983 1648 colloquium
1007 1627 1018 1644 ,
1052 1603 1087 1637 in
1113 1616 1180 1648 quo
1204 1604 1283 1648 quid

334 1655 443 1688 aetum
456 1655 494 1688 fit
507 1679 517 1694 ,
548 1665 589 1688 ex
600 1653 649 1687 his
661 1664 730 1697 quae
744 1652 981 1697 subscripsimus
1007 1655 1161 1690 Domino
1183 1654 1283 1690 Seno-

335 1705 424 1739 nenfi
438 1704 471 1737 δι
487 1703 591 1737 Sociis
603 1703 719 1736 nostris
733 1727 742 1743 ,
764 1704 859 1738 facile
870 1704 1023 1739 discretio
1034 1704 1136 1739 vestra
1150 1717 1284 1750 perpen-

335 1753 412 1787 det.
441 1753 618 1786 Timemus
629 1753 718 1786 enim
732 1777 742 1793 ‚
769 1763 808 1786 ne
822 1755 842 1786 fi
856 1755 972 1788 cuneta
983 1765 1185 1795 retexamus,
1213 1767 1282 1798 pro·

336 1804 448 1840 lixitas
469 1803 628 1841 orationis
651 1802 816 1837 fastidium
842 1814 992 1852 generet,
1020 1805 1183 1851 presertim
1204 1816 1279 1839 cum

336 1863 463 1888 eertum
477 1861 649 1887 teneamus
660 1852 864 1900 diligentiam
880 1855 1024 1889 'vestram
1043 1856 1126 1890 circa
1141 1856 1279 1900 plurima

334 1912 530 1947 occupatam
545 1927 552 1934 .
566 1903 627 1937 Sed
643 1904 723 1937 ficut
736 1915 802 1937 non
817 1905 918 1946 potest
926 1905 1063 1949 aethiops
1074 1917 1198 1943 mutare
1212 1908 1276 1950 pel-

329 1954 395 1991 lem
410 1977 420 1994 ,
448 1964 503 1987 aut
527 1953 644 1997 pardus
668 1954 836 1988 varietates
859 1956 928 1988 suas
949 1979 959 1995 ,
997 1955 1039 1988 fic
1063 1955 1224 1990 fallaciam
1245 1957 1278 1990 ἀ

332 2004 481 2043 fraudem
494 2015 614 2040 exuere
640 2004 788 2038 nesciunt
802 2028 812 2044 ,
840 2004 893 2047 qui
918 2004 959 2038 ab
980 2004 1078 2038 initio
1093 2006 1280 2049 vitaeusque

331 2053 374 2091 ad
384 2064 513 2088 aetatem
529 2055 739 2088 maturiorem
763 2053 946 2088 docuerunt
961 2054 1107 2099 linguam
1132 2055 1279 2089 suamlo·

328 2104 385 2149 qul
402 2104 612 2139 mendacium
628 2130 636 2144 ,
649 2106 682 2139 &
694 2104 855 2149 utfinique
867 2115 999 2150 agerent
1011 2129 1022 2145 ‚
1041 2103 1278 2140 laboraverunt.

334 2154 391 2190 Ut
414 2166 494 2200 ergo
517 2156 661 2199 magistri
696 2155 831 2188 Viviani
857 2155 963 2189 verbis
987 2166 1139 2196 utamur,
1167 2154 1276 2189 hocin

332 2202 499 2239 tantarum
512 2206 761 2252 promiffionum
776 2206 898 2238 summa
912 2205 1046 2238 demum
1054 2203 1278 2248 reperit,quod

332 2255 409 2288 Rex
421 2255 475 2289 ille
488 2267 547 2299 prae
559 2257 681 2290 cunetis
695 2254 887 2288 mortalibus
899 2253 1069 2295 sophistice
1084 2255 1165 2286 vivit
1192 2254 1225 2287 ὅ(
1239 2254 1281 2287 lo-

330 2305 461 2347 quitur,
488 2315 526 2338 ut
539 2304 660 2338 Deo&
674 2303 865 2336 hominibus
889 2301 1003 2336 debeat
1028 2302 1091 2336 effe
1112 2302 1245 2337 odibilis
1272 2328 1279 2336 .

330 2354 434 2388 Ceffit
457 2353 589 2388 tandem
611 2354 758 2396 praefatus
781 2352 931 2396 magister
954 2353 987 2385 in
1011 2353 1204 2386 sententiam
1227 2365 1278 2388 ve-

330 2404 427 2440 stram
440 2427 451 2443 ‚
476 2404 510 2436 δε
526 2404 607 2436 ficut
622 2403 664 2435 ab
677 2403 722 2436 eis
744 2404 925 2444 accepimus
938 2426 948 2441 ‚
976 2403 1097 2445 quibus
1120 2403 1199 2437 fides
1221 2404 1279 2438 ad-

330 2451 477 2487 hibenda
500 2452 546 2486 est
569 2474 579 2491 ,
606 2452 768 2486 fallaciam
794 2451 896 2495 Regis
920 2454 1004 2495 apud
1029 2453 1061 2485 S.
1078 2454 1278 2495 Dionysium

332 2512 479 2549 patenter
501 2502 631 2547 arguit,
657 2502 689 2536 &
715 2501 793 2534 ficut
818 2500 1006 2536 audivimus
1030 2526 1041 2542 ,
1069 2504 1241 2548 pecuniam
1271 2528 1281 2545 ,

330 2566 430 2601 quam
445 2554 474 2588 ei
488 2552 648 2587 recessuro
675 2552 827 2591 miserat,
855 2552 998 2594 accipere
1023 2553 1198 2594 recusavit,
1224 2554 1275 2588 de-

328 2605 449 2639 testans
462 2603 690 2645 duplicitatem
705 2603 738 2637 δε
754 2600 911 2635 malitiam
929 2602 999 2644 eius
1015 2627 1021 2634 .
1051 2603 1155 2644 Eique
1168 2605 1274 2637 rescri-

333 2654 394 2701 psit
415 2653 647 2695 increpatorias
660 2677 670 2692 ,
696 2649 939 2686 exhortatorias
960 2674 971 2691 ‚
1006 2653 1039 2686 δε
1059 2654 1273 2687 comminato-

331 2704 395 2738 rias
417 2702 557 2742 litteras,
584 2701 667 2734 sicut
692 2701 787 2735 nobis
809 2702 1029 2745 significatum
1042 2703 1085 2735 est
1099 2728 1109 2743 ‚
1135 2714 1271 2746 quarum

332 2752 521 2796 exemplum
545 2751 640 2785 vobis
662 2751 806 2794 juffimus
829 2754 1024 2794 praesentari.
1060 2753 1272 2799 Qicumque

331 2803 409 2839 vero
432 2802 661 2837 familiaritatis
684 2801 772 2835 initae
799 2802 947 2836 viderunt
974 2803 1121 2844 exitum,
1147 2815 1202 2838 aut
1214 2804 1272 2837 Vi-

331 2854 466 2888 vianum
476 2853 668 2897 loquentem
678 2851 855 2899 audierunt
868 2876 878 2891 ,
906 2852 1035 2896 publice
1056 2853 1272 2897 protestaban-

331 2913 386 2938 tur
400 2903 505 2937 solum
520 2914 568 2936 ex
594 2900 772 2941 omnibus,
797 2903 852 2946 qui
877 2903 916 2936 ad
933 2904 1057 2948 Regem
1085 2904 1271 2949 Anglorum

330 2953 415 2989 miffi
440 2954 586 2992 fuerant,
615 2953 722 2998 sapere
744 2951 937 2986 Gratianum
960 2979 966 2986 .
1004 2954 1036 2988 Si
1059 2953 1220 2988 Vivianus
1238 2954 1271 2986 in

331 3005 433 3043 Curia
445 3002 674 3038 consonaverit
689 3001 755 3035 istis
765 3025 776 3040 ‚
797 3000 919 3036 ibidem
934 3004 993 3036 illo
1005 3003 1142 3038 authore
1154 3028 1165 3045 ‚
1194 3005 1271 3038 velit

330 3056 440 3095 nolit,
467 3054 612 3088 nominis
636 3051 730 3085 vestri
751 3052 865 3086 titulus
888 3052 1004 3085 clarius
1026 3055 1208 3088 elucescet.
1238 3054 1271 3087 Si

332 3115 455 3150 partem
470 3129 481 3144 ‚
502 3115 600 3148 quam
613 3102 697 3147 apud
710 3113 771 3136 nos
785 3100 960 3136 detestatus
971 3103 1015 3135 est
1031 3128 1039 3141 ‚
1054 3105 1163 3138 fovere
1177 3105 1272 3138 ausus

331 3156 429 3192 ssierit
441 3180 451 3196 ,
477 3153 596 3199 dignus
607 3153 653 3187 est
664 3162 739 3186 cum
751 3153 918 3195 proditore
929 3152 1051 3185 Christi
1072 3154 1272 3197 ignominio-

332 3209 402 3243 sam
425 3203 583 3248 suspendii
610 3203 718 3237 subire
743 3202 1011 3236 damnationem.
1038 3202 1205 3244 Speramus
1219 3215 1270 3237 au-

332 3268 399 3293 tem
412 3256 453 3290 de
464 3255 524 3289 illo
539 3253 804 3288 viciniorasaiuti
817 3253 850 3286 ὃς
863 3252 1046 3293 honestati,
1074 3255 1150 3295 quia
1173 3264 1271 3297 quan-

332 3319 404 3341 tum
415 3302 654 3348 deprehendere
666 3304 834 3346 potuimus
848 3326 856 3341 ,
865 3303 899 3338 δε
909 3303 966 3349 qui
976 3302 1145 3336 nobiscum
1160 3313 1249 3336 erant
1258 3328 1269 3344 ,

333 3357 368 3390 ἀ
381 3357 459 3390 ficut
470 3355 694 3389 indubitanter
706 3352 723 3385 ὰ
737 3352 849 3386 multis
857 3353 1041 3394 accepimus
1055 3375 1065 3391 ,
1103 3352 1192 3388 lauda
1201 3352 1270 3387 bili·

332 3414 380 3439 ter
395 3405 428 3437 in
442 3406 593 3439 extremis
605 3405 745 3438 versatus
755 3401 801 3436 est
815 3427 823 3434 .
851 3402 914 3436 Rei
928 3403 1022 3436 series
1037 3401 1130 3435 vobis
1142 3402 1269 3437 innote-

332 3457 398 3491 scet
411 3466 455 3492 cx
465 3455 599 3491 ordine.
627 3453 723 3494 Vos,
747 3452 771 3486 fi
784 3452 910 3498 placet,
936 3452 1137 3489 necessitates
1148 3452 1270 3489 nostras

1287 2483 1293 2520 l

1285 2522 1292 2606 l

787 3566 807 3581 Χ

1063 117 1613 170 EPISTOLAE

1366 206 1399 241 ἀ
1408 205 1610 240 honestatem
1629 205 1774 239 Ecclefiae
1784 202 1931 239 adhibita
1942 205 2122 253 diligentia.
2131 221 2298 255 promove.

1362 266 1397 291 te
1408 282 1415 289 .
1436 258 1525 291 Nam
1538 256 1558 290 fi
1574 256 1741 290 Dominus
1755 255 1844 299 Papa
1857 280 1867 295 ,
1877 256 1912 290 ὅ(
1930 255 2230 297 ΕσοΙείὶαἸὶοηιαῃε
2243 271 2301 296 ex.

1364 306 1502 341 tenderit
1514 316 1648 340 manum
1660 308 1750 340 suam
1771 307 1805 339 in
1816 305 2053 345 retribuendo,
2077 311 2170 346 nobis
2189 311 2300 347 citiffi.

1363 356 1415 390 me
1426 358 1516 401 quies
1527 356 1655 390 dabitur
1669 379 1679 396 ‚
1704 357 1737 390 ἃ.
1748 354 1928 390 authoritas
1948 356 2094 391 Ecclefiae
2105 358 2259 397 Romame
2284 384 2298 403 ,

1361 409 1471 441 tamin
1489 407 1615 452 Anglia
1628 431 1638 447 ‚
1666 408 1764 450 quam
1779 408 1812 439 in
1826 406 2006 441 cismarinis
2022 407 2112 442 tetris
2124 407 2207 456 Regi
2220 412 2297 447 An.

1360 455 1434 500 gliae
1445 457 1578 493 subditis
1590 482 1602 498 ‚
1628 456 1827 492 inflorescet.

1532 559 1562 592 E
1583 557 1608 591 P
1635 557 1651 591 1
1676 558 1698 592 S
1723 557 1760 591 T
1785 558 1819 591 Ο
1845 557 1875 591 L
1902 556 1934 591 A
2017 557 2130 593 LXV.

1382 656 1512 694 Thomas
1539 656 1761 699 Cantuarienfis
1790 656 2060 701 Arche-Epifioput
2090 662 2213 704 Joannl
2235 661 2271 696 θ

1601 711 1771 743 Alexandro
1796 710 1922 743 Clericis
1943 707 2013 753 suis
2027 734 2036 742 .

1453 857 1546 894 UAE
1573 859 1606 893 in
1627 859 1798 904 colloquio
1812 860 1942 904 Regum
1965 861 2000 894 in
2014 862 2124 896 ostava
2136 861 2167 896 S.
2178 860 2294 896 Marti·

1477 909 1510 951 ni
1522 910 1605 953 apud
1619 910 1650 943 S.
1663 910 1859 953 Dionyfium
1876 908 1987 944 habito
1999 912 2086 956 gesta
2111 912 2205 950 sunt,
2227 912 2297 955 ple·

1466 959 1539 992 nius
1552 960 1737 1006 agnoscetis
1750 970 1789 992 ex
1802 961 1954 1003 rescripto
1976 962 2155 996 litterarum
2167 985 2179 1002 ,
2211 970 2293 1004 quas

1355 1008 1507 1042 Domino
1518 1009 1691 1043 Senonenfi
1715 1010 1964 1043 transmisimus.
1989 1011 2049 1045 Sed
2062 1011 2137 1056 quia
2157 1010 2294 1046 vereba-

1354 1067 1429 1091 mur
1452 1058 1643 1097 sastidium‚
1671 1058 1832 1092 nonnulla
1853 1069 1923 1099 quae
1937 1058 1979 1093 ibi
2006 1059 2146 1102 desunt,
2171 1061 2202 1095 ei
2224 1060 2293 1095 Do-

1354 1108 1446 1142 mino
1461 1108 1495 1142 δι
1508 1107 1631 1142 Amico
1644 1109 1758 1141 nostro
1768 1119 1824 1151 per
1841 1117 1899 1141 vos
1919 1110 2196 1143 communicanda
2210 1110 2292 1144 litte-

1353 1159 1395 1191 ris
1418 1158 1624 1201 praesentibus
1644 1157 1829 1192 curavimus
1841 1169 1988 1192 exarare.
2017 1158 2106 1192 Nam
2127 1157 2171 1192 fic
2189 1159 2221 1193 ei
2244 1170 2292 1194 res

1351 1207 1480 1242 facilius
1505 1208 1712 1248 innotescet,
1737 1209 1812 1243 cum
1836 1208 1910 1242 viva
1934 1219 2016 1242 voce
2037 1210 2153 1244 referte
2165 1208 2291 1252 poffitis

1353 1258 1490 1299 plutima
1503 1282 1514 1297 ‚
1540 1269 1610 1301 quae
1631 1257 1745 1292 litteris
1757 1258 1823 1292 illis
1843 1258 1981 1292 minime
2003 1259 2188 1293 censuimus
2207 1258 2291 1296 ins·-

1350 1306 1446 1340 reuda
1461 1331 1469 1338 .
1499 1308 1688 1351 Exegerunt
1699 1308 1716 1339 ὲ
1731 1308 1827 1341 nobis
1849 1307 2018 1342 Dominus
2037 1307 2293 1354 Rothomagen-

1347 1355 1406 1395 fis,
1431 1357 1465 1391 δι
1488 1356 1668 1399 Episcopus
1691 1357 1870 1401 sagiensis,
1895 1358 1952 1400 qui
1975 1359 2061 1401 pacis
2073 1359 2289 1394 reformande

1349 1406 1547 1439 mediatores
1559 1406 1622 1439 effe
1635 1405 1814 1439 debuerant
1826 1429 1837 1444 ,
1862 1415 2023 1450 quatenus
2033 1409 2288 1453 exprimeremus

1349 1454 1571 1488 immobilium
1592 1453 1727 1487 nomina
1747 1455 1996 1497 poffeffionutn‚
2021 1468 2101 1497 quas
2114 1457 2288 1492 nobiscum

1350 1503 1496 1537 Ecclefiae
1508 1503 1732 1538 Cantuarienfi
1753 1502 1876 1538 restitui
1899 1504 2088 1547 petebamus
2108 1528 2120 1546 ,
2145 1505 2186 1540 ad
2196 1507 2287 1550 quod

1348 1553 1572 1595 respondimus
1594 1564 1676 1594 nos,
1703 1554 1759 1598 qui
1783 1564 1878 1588 tanto
1897 1564 2045 1598 tempore
2067 1555 2214 1590 absentes
2223 1555 2288 1591 fui·

1347 1614 1442 1643 mus,
1468 1604 1501 1639 &
1525 1605 1689 1638 caruimus
1710 1603 1851 1638 omnino
1872 1605 1980 1649 gentis
2005 1606 2039 1639 ἀ
2063 1615 2152 1640 terrae
2170 1606 2286 1642 nostrn

1345 1654 1546 1688 commercio
1557 1678 1568 1694 ,
1597 1654 1676 1688 scire
1688 1665 1755 1688 non
1771 1654 1881 1698 posse,
1911 1665 1993 1699 quas
2002 1664 2101 1689 terras
2117 1654 2287 1693 Dominus

1347 1705 1419 1739 Rex
1431 1715 1487 1738 aut
1503 1704 1672 1740 Officiales
1682 1703 1751 1748 ejus
1763 1704 1976 1740 alienaverint
1986 1714 2042 1740 aut
2052 1703 2288 1749 distraxerint,

1344 1755 1396 1789 sed
1410 1767 1527 1791 omnes
1539 1754 1637 1791 nobis
1653 1754 1776 1791 restitui
1800 1753 2013 1797 volebamus,
2039 1766 2118 1800 quas
2141 1757 2285 1791 anteces-

1344 1806 1395 1838 sor
1408 1806 1515 1839 noster
1526 1806 1620 1840 bone
1632 1806 1795 1839 memoriae
1803 1803 2019 1840 Theobaldus
2030 1804 2286 1850 Archi-Episco-

1344 1866 1402 1898 pus
1416 1854 1555 1895 habuit‚
1583 1855 1700 1899 quoad
1717 1856 1822 1895 vixit,
1848 1855 1883 1889 δε
1901 1866 1962 1889 nos
1985 1855 2064 1898 ipsi,
2092 1855 2287 1899 quandoad

1343 1904 1490 1949 regimen
1503 1904 1746 1940 Cantuariensis
1773 1904 1922 1939 Ecclefiae
1940 1904 2149 1945 acceffimus,
2172 1904 2208 1940 δε
2226 1916 2289 1950 po-

1344 1955 1405 1989 stea
1421 1954 1555 1998 quando
1567 1953 1701 1998 profesti
1715 1955 1823 1988 sumus
1833 1953 1873 1988 ad
1885 1954 2075 1989 Concilium
2095 1954 2285 1990 Turoneu*

1344 2005 1397 2044 se,
1422 2004 1588 2048 &semper
1599 2003 1775 2048 antequam
1788 2004 1862 2038 Rex
1885 2015 1947 2038 nos
1969 2005 2004 2039 δε
2026 2004 2203 2040 Ecclesiam
2214 2016 2284 2049 per-

1344 2053 1527 2097 sequeretur
1547 2078 1554 2085 .
1585 2053 1627 2088 Et
1653 2063 1761 2097 praeter
1783 2054 1859 2088 istas
1884 2054 2061 2097 petivimus
2083 2055 2118 2090 δι
2137 2055 2282 2099 petimus
2350 2100 2352 2102 v

1344 2113 1461 2137 terram
1470 2129 1481 2145 ‚
1509 2114 1607 2147 quam
1631 2104 1796 2138 Henricus
1817 2103 1858 2137 de
1883 2103 1997 2138 Elexia
2019 2104 2150 2140 tenebat
2169 2104 2212 2140 de
2223 2115 2282 2140 no-

1345 2152 1392 2186 bis
1406 2176 1417 2192 ,
1441 2154 1516 2197 quia
1530 2153 1589 2187 illo
1611 2163 1651 2187 ex
1676 2155 1734 2188 tali
1758 2154 1853 2188 causa
1864 2153 2067 2189 exhaeredato
2077 2178 2088 2194 ‚
2114 2155 2149 2189 in
2161 2154 2283 2190 Domi·

1344 2204 1433 2237 nium
1449 2203 1482 2237 δε
1495 2203 1725 2248 proprietatem
1753 2202 1903 2238 Ecclefiae
1917 2203 2020 2238 redire
2029 2202 2143 2239 debuit
2159 2227 2173 2245 ,
2197 2204 2282 2240 fient

1343 2253 1404 2287 illae
1415 2264 1492 2297 quas
1503 2254 1544 2288 de
1558 2253 1651 2297 Rege
1663 2252 1814 2295 tenebat,
1839 2253 1881 2287 ad
1896 2253 1991 2289 illurn
2002 2253 2177 2289 redierunt.
2199 2253 2281 2289 Feu·

1342 2303 1421 2336 dum
1441 2315 1574 2348 quoque
1589 2303 1763 2339 Wilhelmi
1775 2304 1816 2339 de
1827 2303 1898 2338 Ros
1910 2302 2004 2338 nobis
2016 2303 2172 2344 abstulit,
2197 2314 2279 2339 con-

1341 2363 1386 2385 tra
1399 2352 1619 2394 juramentum
1632 2354 1721 2398 quod
1736 2354 1821 2399 Regi
1835 2351 1999 2396 Stephano
2012 2353 2167 2397 praeflitit,
2176 2364 2280 2398 quan·

1339 2401 1382 2434 do
1392 2412 1467 2435 eum
1480 2402 1648 2445 adoptavit
1661 2405 1699 2436 in
1712 2404 1837 2442 filium,
1848 2403 1881 2435 δε
1893 2413 2029 2445 accepto
2045 2403 2198 2438 hominIo
2209 2403 2280 2447 ejus

1341 2452 1444 2495 ipsum
1457 2451 1568 2496 Regni
1584 2452 1727 2484 instituit
1753 2451 1910 2484 haeredem
1922 2475 1929 2483 .
1959 2451 2080 2494 Juravit
2093 2453 2184 2486 enim
2197 2463 2278 2488 tunc

1340 2502 1529 2536 solemniter
1543 2503 1575 2535 ἀ
1588 2500 1718 2544 publice
1731 2525 1740 2541 ‚
1766 2500 1854 2543 quod
1879 2510 1978 2534 terras
1988 2524 1999 2539 ‚
2025 2511 2104 2544 quas
2121 2501 2196 2535 Rex
2207 2502 2277 2536 Ste-

1339 2551 1481 2595 pharius,
1501 2551 1669 2585 Dominus
1680 2552 1714 2584 ἀ
1724 2550 1915 2593 adoptionis
1926 2550 1994 2591 jure
2008 2548 2104 2584 Pater
2116 2548 2206 2592 suus,
2215 2552 2278 2587 Ec·

1336 2602 1436 2636 clefiis
1450 2601 1637 2636 contulerat
1651 2625 1662 2640 ,
1688 2601 1734 2634 eis
1746 2597 1899 2643 perpetuo
1909 2600 2109 2635 conservaret
2122 2624 2130 2632 .
2155 2598 2276 2636 Abstu-

1337 2651 1374 2685 lit
1387 2653 1486 2685 etiam
1505 2650 1599 2685 nobis
1611 2661 1726 2684 terram
1739 2651 1778 2684 de
1789 2648 1992 2683 Mundeham
2003 2674 2015 2690 ,
2046 2659 2142 2694 quam
2157 2662 2274 2687 contra

1337 2702 1447 2735 Deum
1463 2701 1495 2735 &
1509 2701 1643 2735 salutem
1656 2701 1745 2734 suam
1758 2723 1770 2740 ,
1792 2701 1826 2734 ἀ
1836 2710 1968 2734 omnem
1980 2700 2165 2743 equitatem
2178 2701 2275 2744 Joan·

1337 2751 1372 2785 ni
1384 2750 1603 2785 Mareschallo
1616 2750 1757 2785 contulit
1767 2774 1776 2790 ‚
1805 2749 1860 2794 qui
1874 2758 1954 2784 nutu
1966 2748 2110 2791 Divino,
2125 2761 2160 2785 ut
2173 2751 2271 2793 scitis,

1337 2801 1519 2836 beatiffimo
1531 2801 1692 2836 Anselmo
1707 2802 1794 2834 suam
1806 2799 1994 2833 vindicante
2008 2798 2159 2842 injuriam
2171 2824 2182 2840 ,
2192 2810 2271 2834 eum

1337 2851 1444 2886 liberis
1456 2852 1520 2886 suis
1529 2873 1539 2890 ,
1565 2861 1647 2893 quos
1658 2850 1764 2894 praedae
1775 2850 1901 2883 futuros
1913 2850 2103 2884 successores
2111 2850 2272 2894 opinaba-

1336 2911 1389 2935 tur
1401 2926 1412 2941 ,
1432 2902 1503 2944 post
1524 2911 1640 2945 paucos
1650 2899 1718 2934 dies
1729 2900 1897 2933 defunctus
1908 2898 1953 2932 est
1964 2924 1972 2931 .
2002 2899 2073 2933 Has
2083 2910 2193 2934 autem
2205 2910 2271 2936 tres

1337 2952 1543 2995 poffeffiones
1553 2974 1565 2990 ,
1590 2948 1712 2984 scilicet
1724 2948 1861 2982 Henrici
1873 2973 1884 2989 ‚
1912 2947 2110 2983 VVilhelmi
2121 2974 2133 2991 ,
2156 2948 2192 2983 δε
2210 2959 2272 2985 oetb

1335 3011 1403 3035 ram
1425 3012 1524 3045 quam
1547 2999 1665 3045 Joanni
1687 2998 1833 3033 contulit
1847 3022 1858 3039 ,
1883 2999 2027 3041 expresse
2045 3000 2270 3046 petivimus&

1334 3052 1476 3094 petimus
1490 3076 1500 3092 ‚
1529 3050 1683 3085 malentes
1704 3049 1836 3083 exulare
1855 3050 2011 3093 perpetuo
2031 3073 2043 3089 ,
2077 3050 2174 3094 quam
2199 3049 2267 3084 istis

1333 3100 1450 3135 ablatis
1464 3098 1701 3145 dispendiosam
1715 3098 1864 3132 Ecclesiae
1876 3101 1979 3133 facere
1991 3110 2103 3143 pacem
2113 3124 2121 3132 .
2139 3098 2266 3134 Media·

1333 3161 1419 3185 tores
1438 3161 1547 3186 autem
1569 3160 1628 3183 nos
1650 3149 1683 3182 in
1711 3149 1798 3182 bona
1811 3149 1864 3192 spe
1884 3158 2039 3184 terrarum
2056 3148 2266 3184 restituenda-

1331 3212 1404 3235 rum
1417 3202 1521 3236 verbis
1531 3209 1649 3244 ponere
1660 3198 1860 3239 nitebantur,
1870 3199 1921 3234 sed
1934 3199 2019 3233 circa
2033 3197 2184 3241 mobilia,
2194 3203 2270 3244 quas

1330 3250 1485 3293 abstulit,
1509 3249 1730 3293 loquebantur
1742 3249 1883 3292 tepidius
1894 3272 1906 3287 ,
1929 3249 2076 3293 quamvis
2086 3248 2263 3293 sagiensis,

1329 3302 1362 3335 δε
1377 3301 1528 3345 magister
1542 3298 1703 3333 Vivianus
1714 3299 1810 3333 nobis
1823 3297 1912 3333 mille
1923 3309 2045 3332 marcas
2058 3323 2068 3338 ,
2087 3299 2108 3333 fi
2119 3310 2180 3342 pax
2191 3308 2266 3341 pro-

1327 3350 1453 3386 cederet
1469 3372 1480 3389 ,
1507 3348 1719 3384 restituendas
1730 3351 1898 3384 assererent
1913 3373 1921 3381 .
1949 3350 2029 3383 Hoc
2039 3349 2127 3382 enim
2139 3346 2264 3381 sedice-

1327 3399 1404 3434 bant
1420 3399 1575 3442 accepisse
1589 3411 1631 3433 ex
1642 3411 1697 3433 ore
1708 3399 1774 3441 ejus
1786 3425 1792 3431 .
1820 3398 1894 3433 Nos
1902 3409 2014 3433 autem
2024 3398 2188 3443 exegimus
2197 3407 2267 3430 me-

1327 3449 1486 3487 dietatem
1508 3449 1694 3486 ablatorum
1717 3449 1759 3486 ad
1787 3449 1978 3485 neceffarios
1997 3449 2093 3489 usur,
2120 3446 2262 3532 gemini

2149 3507 2215 3542 apa
