2358 3776
116 120 2047 356 aanaannannnanasnnnnnnsna

468 363 884 455 LIBER
1002 376 1728 465 TERTIUS,v

1880 121 1975 169 >43

114 420 616 625 ΑΒΕ
716 494 2047 664 GATIONE

262 668 984 740 GRATIANI
1054 672 1104 735 E

302 838 707 877 EPJSTOLA
822 839 847 873 1.

162 940 341 981 ‚alexander
376 943 465 986 Papa
488 941 608 1034 Τὶοῗα
637 938 854 982 Cantuaeienfi
873 937 976 974 mbi-

494 995 558 1035 Epi
571 999 658 1034 copo.

130 1105 213 1154 ’,Ὗ
271 1109 317 1142 «v,
375 1091 612 1129 LLUsTms
637 1091 744 1136 Regis
757 1089 945 1135 Anglotutn
953 1089 1049 1124 Nun·

123 1112 364 1336 ᾖῊΙρἰρᾸ
397 1142 486 1183 cios,
510 1142 546 1176 &
565 1140 689 1176 litteras
699 1141 903 1197 recepimus,
926 1137 1046 1174 &cum

201 1202 209 1212 '
336 1212 362 1230 κ
392 1191 416 1226 ὲ
447 1191 543 1226 nobis
563 1202 619 1234 per
640 1190 771 1226 eosdem
792 1191 943 1224 Nunctos
968 1198 1047 1230 quaa·

122 1211 214 1296 {Q
260 1221 361 1300 ἱᾏ
396 1239 470 1274 dam
492 1241 660 1286 magna&
679 1239 825 1273 difficilia
850 1237 1047 1281 postulasset,

138 1288 196 1334 (Jg
257 1291 358 1332 ’(*ν
395 1285 429 1323 dc
450 1291 541 1332 super
573 1289 625 1322 his
658 1286 846 1320 obtinendis
876 1285 960 1328 apud
984 1295 1045 1318 nos

228 1341 236 1344 ’
260 1340 272 1344 ”
394 1338 524 1373 Nuneii
546 1338 614 1381 ejus
639 1336 847 1370 vehementer
864 1335 898 1369 ἀ
917 1334 1044 1369 fortiter

104 1393 313 1434 institissent,
347 1387 497 1428 animum
517 1388 663 1422 nostrum
684 1386 726 1422 ad
738 1385 940 1420 voluntatem
954 1386 1042 1419 suam

111 1443 317 1488 nequaquam
346 1443 471 1477 flectere
491 1446 687 1482 potuerunt.
714 1436 777 1472 Sed
799 1445 836 1469 ut
855 1446 923 1469 non
942 1436 1042 1477 posset

106 1494 211 1533 ullam
235 1494 403 1528 materiam
427 1490 460 1524 &
491 1489 696 1523 occasionem
716 1485 759 1520 de
789 1487 896 1521 nostra
922 1484 1043 1518 duritia

103 1543 331 1586 'conquerendi
345 1567 357 1584 ,
380 1543 415 1577 δε
437 1538 526 1581 quod
548 1538 606 1572 sibi
628 1536 791 1571 nollemus
811 1536 846 1570 in
877 1544 1042 1578 quoquam

99 1591 234 1628 'deferre
248 1618 259 1634 ,
286 1594 454 1637 sequentes
474 1587 608 1632 vestigia
627 1588 661 1621 δε
691 1585 839 1629 exempla
870 1583 1044 1618 Praedeces·
1097 1624 1099 1628 ,

105 1642 216 1677 sorum
239 1643 447 1681 nostrorum,
473 1649 557 1682 quos
575 1637 707 1671 Sanaos
726 1635 790 1670 esse
810 1646 879 1669 non
911 1633 1043 1668 dubita—

106 1699 183 1727 mus
208 1716 220 1733 ,
247 1691 430 1736 praedictum
457 1688 586 1733 Regem
603 1698 679 1721 cum
704 1685 796 1720 omni
818 1684 1044 1729 benignitate,

107 1740 269 1777 modestia
281 1765 299 1782 ,.
317 1742 352 1775 δε
373 1737 620 1774 mansuetudine
638 1735 657 1768 a
678 1735 906 1771 suo-sevocare
929 1744 1043 1776 propo·

104 1791 166 1828 fito
182 1813 194 1830 ,
218 1790 254 1824 ἀ
276 1789 346 1832 ejus
367 1788 518 1831 mitigare
553 1785 701 1823 animum
734 1806 746 1822 ,
772 1783 805 1816 ἀ
828 1781 975 1816 emollire
996 1781 1044 1814 di-

103 1840 290 1884 sposuimus
307 1837 463 1872 duritiam
475 1859 482 1866 .
509 1833 589 1867 Inde
610 1833 723 1876 utique
742 1831 806 1864 fuit
818 1855 829 1871 ,
857 1829 945 1874 quod
959 1840 1020 1863 nos
1032 1852 1044 1869 ,

101 1889 186 1924 {icut
205 1889 247 1923 de
266 1887 403 1923 consalin
426 1886 460 1920 δε
479 1883 715 1918 deliberatione
736 1881 886 1915 Fratrum
919 1879 1043 1914 nostro-

104 1948 180 1974 rum
203 1938 355 1983 praeceffit
377 1961 390 1978 ,
414 1935 548 1970 dileetos
583 1933 670 1967 filios
693 1930 818 1965 nostros
848 1929 1043 1964 Gratianum

102 1983 351 2024 subdiaconum
373 1987 409 2021 δε
428 1984 606 2019 Notarium
618 1981 764 2016 nostrum
776 2005 787 2021 ,
814 1979 920 2013 virum
943 1977 1043 2013 hone·

104 2039 190 2074 stum
209 2039 244 2073 δε
269 2039 470 2076 litteratum,
497 2044 596 2077 quem
609 2032 654 2067 ob
664 2030 855 2065 memoriam
877 2029 987 2062 sanstae
1001 2039 1044 2062 re-

105 2086 308 2123 cordationis
328 2086 433 2121 Patris
452 2086 486 2119 δε
505 2080 742 2117 Praedecefforis
763 2079 865 2114 nostri
902 2077 1044 2123 Eugenii

101 2136 224 2181 Papae,
251 2139 286 2173 δι
302 2136 428 2172 intuitu
450 2133 662 2169 fiuceriffimae
679 2130 755 2165 fidei
779 2130 813 2164 &
834 2128 982 2173 obsequii
997 2128 1044 2162 sui

105 2185 243 2222 charum
262 2184 466 2221 omnimodis
490 2192 724 2226 acceptumque
735 2189 883 2214 tenemus
897 2202 908 2218 ,
934 2179 966 2212 &
980 2189 1046 2212 ma-

105 2237 243 2281 gistrum
266 2237 448 2270 Vivianum
464 2257 476 2273 ,
501 2243 599 2276 quem
615 2231 664 2266 ob
681 2230 851 2274 antiquam
872 2228 1045 2263 familiari·-

106 2296 211 2321 tatem
224 2310 236 2326 ‚
262 2284 468 2328 prudentiam
487 2306 499 2323 ,
533 2283 567 2316 δι
589 2282 801 2316 litteraturam
822 2279 891 2322 ejus
922 2278 1046 2313 fincero

100 2334 217 2370 =cordis
234 2336 350 2370 affeetu
371 2333 539 2378 diligimus
553 2357 564 2372 ,
590 2332 630 2366 ad
654 2330 776 2374 praefati
790 2329 894 2373 Regis
917 2329 1045 2371 praesen·

105 2385 188 2420 tiam
206 2383 361 2419 duximus
379 2382 588 2418 destinandos
607 2406 618 2422 ‚
645 2392 701 2424 per
724 2389 806 2422 quos
827 2379 860 2412 δε
881 2389 936 2421 per
962 2378 1045 2412 litte-

106 2446 157 2470 ras
180 2435 303 2468 nostras
323 2434 430 2477 ipsum
453 2441 528 2465 cum
548 2429 641 2465 omni
663 2429 772 2462 studio
791 2429 825 2462 &
858 2427 1043 2462 solicitudi-

101 2496 150 2520 ne
162 2507 172 2522 ‚
201 2483 371 2518 districtius
393 2481 490 2524 quam
505 2480 655 2524 poffimus
671 2503 682 2519 ,
708 2489 956 2512 commonemus
970 2502 981 2518 ,
1007 2487 1042 2511 ut

103 2535 172 2570 tibi
194 2544 305 2577 pacem
325 2533 359 2565 δε
383 2533 522 2576 gratiam
539 2530 707 2564 restituens
720 2553 731 2570 ‚
756 2538 790 2562 te
811 2526 852 2562 ad
866 2528 1042 2562 Ecclesiam

107 2593 200 2618 tuam
224 2581 409 2617 honorifice
430 2588 581 2620 revocet,
605 2580 640 2613 &
657 2588 726 2613 tam
747 2578 807 2612 tibi
831 2578 928 2620 quam
939 2576 1042 2613 eidem

108 2633 260 2669 Ecclefiae
281 2633 418 2674 antiqua
440 2630 509 2674 jura
522 2629 557 2663 &
575 2627 737 2663 libertates
751 2650 763 2667 ,
787 2627 984 2672 dignitates,
1010 2628 1044 2661 &

106 2682 253 2717 honores
275 2679 400 2726 integre
422 2682 457 2715 δε
478 2677 603 2714 illibate
623 2676 809 2715 conservet,
835 2676 869 2709 δε
890 2679 965 2710 te&
990 2686 1044 2710 tua

108 2744 188 2768 cum
207 2732 301 2766 omni
322 2742 400 2777 pace
419 2731 455 2765 δε
485 2728 721 2773 tranquillitate
751 2726 814 2760 esse
848 2727 1012 2769 permittat
1037 2750 1043 2757 .

108 2784 321 2831 Qapropter
342 2791 496 2826 rogamus
504 2778 749 2813 Fraternitatem
760 2785 848 2810 tuam
871 2786 965 2819 atque
973 2786 1044 2810 mo-

111 2844 246 2873 nemus,
274 2831 434 2877 quatenus
453 2828 610 2864 malitiam
632 2828 666 2862 δε
686 2826 870 2871 angustiam
892 2826 1045 2868 temporis

112 2881 286 2926 diligenter
305 2881 527 2921 considerans,
553 2880 587 2912 &
612 2877 781 2912 attendens
798 2875 1042 2919 quomoddma·

112 2931 196 2975 jores
217 2932 314 2966 nostri
337 2941 483 2975 tempora
520 2927 723 2964 redemerunt
753 2935 884 2970 propter
916 2926 1042 2959 dierum

111 2980 274 3015 malitiam
301 3005 312 3021 ,
346 2981 386 3015 ad
407 2978 655 3023 recuperandam
677 2977 813 3023 gratiam
836 2976 869 3010 &
900 2986 1041 3010 amorem

115 3030 288 3073 supradicti
307 3029 430 3075 Regis,
455 3029 609 3064 omnibus
631 3028 757 3066 modis,
783 3035 942 3069 quantum
956 3026 1042 3060 salvo

111 3079 229 3115 ordine
250 3080 283 3113 &
304 3080 416 3113 officio
435 3088 493 3113 tuo
515 3079 584 3112 fieri
606 3077 723 3122 poterit
748 3100 759 3117 ,
793 3075 935 3111 elabores
961 3101 973 3116 ,
1010 3077 1042 3110 δε

111 3130 181 3173 ejus
202 3131 325 3173 satagas
346 3128 492 3163 animum
512 3128 681 3171 mitigare,
709 3126 797 3160 illam
826 3127 1019 3169 patientiam
1032 3151 1041 3166 ,

114 3178 395 3214 mansuetudinem
406 3202 417 3219 ‚
443 3179 476 3211 &
489 3177 723 3222 benignitatem
736 3175 907 3211 ostendens
921 3200 932 3217 ,
953 3175 1041 3217 quod

113 3229 132 3263 ὲ
153 3228 245 3262 nullo
265 3228 381 3263 merito
400 3228 494 3271 possit
514 3227 580 3260 dici
602 3238 656 3270 per
680 3237 712 3261 te
728 3226 905 3261 remansisse
928 3248 938 3264 ,
964 3237 1042 3270 quo-

112 3278 226 3315 minus
244 3279 382 3321 gratiam
401 3278 434 3311 δε
453 3276 573 3311 bonam
594 3277 791 3311 voluntatem
820 3276 907 3309 illius
928 3299 939 3314 ,
978 3276 1040 3317 ple-

114 3328 189 3363 nius
199 3326 313 3362 debeas
332 3327 479 3371 adipisci.
506 3327 673 3370 Rogamus
685 3326 824 3369 praeterea
838 3324 1040 3369 prudentiam

114 3388 204 3412 tuam
233 3401 245 3418 ‚
270 3387 439 3411 monemus
464 3399 475 3414 ,
508 3375 709 3409 consulimus
733 3399 745 3415 ,
768 3376 814 3410 ⁷&
835 3376 987 3410 volumus
1006 3385 1042 3410 ut

113 3428 212 3473 usque
233 3426 274 3460 ad
296 3426 464 3461 discessum
475 3426 682 3460 Nunciorum
704 3425 910 3468 nostrorum,
935 3426 1041 3461 necin

209 3475 319 3518 christ.
331 3481 410 3520 Lupi
428 3481 528 3519 Opera
545 3478 624 3511 Tom.
649 3476 690 3508 Χ.

1139 660 1897 752 ΤνΙνΙΑΝῙΑ

1113 789 1239 835 Regem
1249 812 1262 830 ,
1271 787 1377 823 necin
1390 788 1539 832 personas
1549 788 1660 834 Regni
1669 797 1724 823 aut
1738 788 1893 834 Regnum
1903 789 2047 835 aliquam

1114 838 1302 876 sententiam
1315 840 1456 882 proferas
1465 862 1477 879 ,
1488 839 1521 873 &
1530 838 1550 872 fi
1561 837 1645 874 forte
1655 863 1667 880 ,
1693 839 1781 884 quod
1793 851 1860 874 non
1872 840 2047 881 credimus,

1112 890 1176 934 jam
1189 888 1349 934 protulisti
1360 913 1372 930 ,
1398 889 1499 933 ipsam
1512 889 1613 933 usque
1631 888 1673 923 ad
1692 898 1817 934 tempus
1828 890 1909 925 illud
1922 892 2051 935 suspen'·

1112 941 1169 975 das
1189 963 1197 972 .
1236 938 1316 974 Hoc
1335 949 1443 974 autem
1465 938 1539 973 ideo
1558 938 1697 974 dicimus
1718 962 1730 980 ,
1762 950 1799 974 ut
1828 941 1878 975 illi
1911 952 2049 976 ornnem

1112 989 1330 1034 conquerendi
1365 989 1569 1023 occasionem
1588 990 1622 1025 dc
1654 990 1821 1025 materiam
1854 990 2009 1027 tollamus
2034 1006 2049 1032 ᾗ

1111 1041 1146 1075 ἀ
1167 1040 1237 1083 ejus
1256 1036 1477 1074 duritiamtali
1497 1039 1599 1074 modo
1621 1039 1808 1075 vincamus.
1836 1041 1871 1076 Si
1893 1041 1981 1075 enirn
2004 1042 2050 1075 sei-

1111 1100 1194 1132 cus,
1219 1089 1308 1135 quod
1330 1089 1409 1124 abfit
1429 1114 1441 1131 ‚
1464 1090 1670 1134 contingeret
1691 1114 1703 1132 ,
1740 1101 1801 1126 nos
1822 1090 1883 1126 tibi
1905 1090 2049 1125 authoria

1110 1150 1210 1174 tatem
1230 1149 1319 1175 tuam
1341 1139 1526 1180 nullatenus
1549 1139 1731 1175 subtrahere
1762 1140 1912 1175 volumus
1938 1165 1950 1180 ,
1991 1139 2048 1174 sed

1111 1188 1218 1231 potius
1237 1190 1426 1224 conservare
1449 1214 1460 1230 ‚
1497 1191 1532 1224 &
1550 1190 1720 1224 consilium
1742 1191 1775 1225 δι
1797 1190 1956 1225 auxilium
1989 1201 2049 1224 noe

1109 1239 1208 1272 strum
1227 1237 1403 1282 diligenter
1435 1241 1583 1273 conferre
1609 1265 1616 1272 .
1649 1240 1773 1274 Caetera
1811 1241 1890 1275 vero
1924 1242 1958 1273 in
1991 1249 2049 1274 ore

1109 1286 1316 1320 Nunciorum
1339 1286 1525 1320 nostrorum
1540 1286 1726 1328 posuimus,
1752 1298 1891 1329 quorum
1910 1288 2004 1323 dietis
2015 1288 2052 1321 si-

1107 1335 1182 1370 dem
1206 1334 1434 1370 incunctanter
1453 1333 1630 1376 adhibeas,
1655 1335 1690 1370 &
1713 1346 1828 1372 eorum
1850 1337 1996 1375 consiliis
2015 1338 2050 1374 &

1107 1383 1392 1441 adhortationibus
1411 1384 1599 1441 adquiesfas
1608 1410 1616 1419 .

1306 1482 1717 1519 EPISTOLA
1818 1487 1871 1520 11.

1204 1581 1390 1619 Alexander
1414 1581 1503 1628 Papa
1528 1581 1678 1617 Henrico
1703 1583 1790 1630 Regi
1816 1582 1957 1632 Angliae.

1157 1733 1329 1767 Alexander
1368 1730 1553 1773 Episcopus,
1577 1732 1689 1763 Servus
1716 1732 1874 1765 Servorum
1902 1738 1959 1768 Del
1985 1758 1998 1776 ,
2042 1747 2047 1754 2

1205 1781 1364 1820 cbaertffimo
1387 1786 1421 1812 in
1447 1778 1559 1819 christo
1581 1780 1668 1822 filio,
1694 1783 1815 1815 Heni-ico
1838 1783 1949 1823 illustri

1254 1833 1328 1875 Regi
1355 1830 1534 1872 Anglarum,
1555 1828 1690 1872 salutem
1716 1832 1750 1865 (ν
1784 1832 1905 1875 Aposto-

1392 1880 1479 1914 licaem
1504 1880 1765 1917 Benedidionem.

1111 2027 1224 2112 ET
1250 2031 1388 2065 naturali
1408 2032 1667 2075 ratione&juris
1683 2034 1788 2070 forma
1811 2035 1954 2072 diCtante
1980 2050 2049 2082 pro-

1211 2081 1393 2115 videntiam
1419 2088 1510 2116 tuam
1538 2082 1699 2119 credimus
1731 2086 1884 2122 edoctam
1921 2088 2011 2123 fixisse
2037 2115 2050 2131 ,

1107 2130 1195 2179 quod
1217 2130 1341 2174 quanto
1361 2131 1433 2175 quis
1456 2132 1498 2167 ab
1527 2133 1640 2177 aliquo
1663 2135 1783 2179 majora
1809 2139 1972 2180 suscepisse
1995 2140 2043 2174 di-

1106 2181 1295 2224 gnoscitur,
1321 2181 1415 2215 tanto
1435 2183 1464 2215 ei
1488 2183 1652 2219 obnoxior
1676 2186 1710 2219 δι
1742 2187 1847 2231 magis
1884 2187 2050 2233 obligatus

1107 2239 1234 2264 tenetur
1262 2254 1270 2262 .
1298 2231 1405 2264 Novit
1426 2242 1530 2266 autem
1551 2234 1741 2269 excellentia
1767 2247 1821 2271 tua
1846 2262 1860 2277 ,
1893 2239 1982 2282 quod
2005 2250 2049 2273 ex

1107 2290 1174 2323 quo
1198 2279 1379 2313 misericors
1397 2280 1431 2313 &
1451 2282 1661 2323 omnipotens
1683 2285 1852 2321 Dominus
1869 2288 1902 2320 in
1916 2298 2046 2324 tantum

1107 2331 1275 2373 personam
1298 2339 1386 2363 tuam
1410 2329 1493 2363 inter
1518 2330 1603 2364 filios
1628 2333 1802 2369 hominum
1824 2337 1929 2371 voluit
1952 2338 2050 2372 subus

1107 2390 1192 2414 mare
1216 2404 1227 2420 ,
1251 2389 1288 2412 ut
1310 2389 1343 2413 te
1365 2379 1492 2424 Regem
1519 2381 1552 2414 ἀ
1573 2380 1759 2427 Principem
1784 2396 1849 2421 tam
1862 2398 2044 2430 potentem,

1107 2441 1172 2464 tam
1193 2428 1409 2474 magnificum
1435 2430 1746 2471 constituerentot
1767 2434 1893 2468 divitiis
1914 2460 1925 2475 ,
1954 2446 2046 2471 tanta

1106 2479 1209 2524 gloria
1224 2491 1284 2522 prae
1294 2479 1415 2515 caeteris
1426 2481 1595 2522 ampliaret
1606 2504 1617 2519 ‚
1643 2481 1736 2515 decet
1749 2482 1939 2518 industriam
1951 2496 2042 2521 tuam

1106 2530 1145 2563 ad
1166 2541 1203 2564 ea
1230 2530 1349 2572 semper
1370 2530 1449 2563 totis
1472 2529 1591 2562 viribus
1612 2531 1693 2563 eniti
1715 2555 1726 2571 ,
1765 2542 1835 2573 quae
1868 2536 1951 2568 tanti
1985 2536 2046 2570 Be-

1107 2580 1275 2613 befastoris
1298 2579 1499 2621 beneplacita
1519 2580 1714 2623 cognoveris
1738 2583 1899 2616 voluntati
1936 2610 1943 2616 .
1985 2585 2042 2620 Ue

1106 2630 1295 2664 immensam
1323 2630 1357 2662 &
1384 2627 1695 2671 superabundantem
1716 2630 1805 2664 illius
1826 2632 2042 2668 clementiam*

1106 2682 1185 2714 reela
1209 2678 1342 2714 videaris
1363 2677 1624 2713 consideratione
1646 2681 1839 2723 perpendere
1856 2706 1866 2722 ,
1906 2684 1940 2717 &
1975 2695 2041 2719 tam

1105 2730 1230 2775 magnis
1250 2740 1308 2773 pro
1331 2727 1538 2770 possibilitate
1571 2729 1652 2762 velle
1672 2728 1838 2765 beneficiis
1869 2734 2042 2776 responde·

1104 2790 1155 2813 re.
1186 2779 1239 2814 Ut
1259 2787 1368 2812 autem
1392 2777 1510 2812 Beatus
1530 2779 1712 2823 Gregorius
1734 2781 1813 2815 dicit
1837 2806 1847 2821 ,
1863 2778 2040 2828 ‘Evangelia

1103 2840 1138 2862 ca
1159 2835 1275 2863 veritas
1294 2826 1421 2869 sollum
1443 2827 1619 2870 confiderare
1650 2842 1702 2862 nos
1724 2833 1863 2866 admonet
1876 2857 1886 2872 ‚
1928 2845 1965 2867 ne
1987 2846 2040 2867 nos

1104 2885 1154 2921 qur·
1171 2881 1239 2921 plus
1272 2881 1385 2910 caeteris
1406 2882 1437 2910 in
1468 2878 1520 2911 hoc
1550 2880 1660 2912 mundo
1691 2884 1823 2924 accepisse
1854 2889 2000 2916 cernimur
2027 2894 2041 2925 ‚'

1104 2929 1142 2961 ab
1173 2928 1294 2962 authore
1325 2929 1428 2960 mundi
1441 2930 1572 2972 gravius
1607 2931 1679 2963 inde
1703 2933 1874 2971 judicemur*
1896 2958 1903 2965 .

1085 2978 1180 3054 {enim
1204 2985 1343 3021 augentur
1367 2979 1445 3011 dona
1475 3003 1486 3019 ,

1955 2935 2036 2966 Cam

1520 2985 1649 3012 rationes
1672 2986 1764 3013 eriam
1785 2982 1913 3026 crescunt
1946 2985 2034 3015 dono·

1103 3039 1187 3061 rum.
1217 3031 1312 3061 Tam&
1332 3030 1398 3072 erg&
1420 3028 1469 3070 effi’
1489 3028 1623 3063 humilior
1652 3040 1739 3071 atque
1765 3034 1810 3064 ad
1831 3027 2033 3074 serviendum'

1098 3083 1260 3120 promptior
1281 3076 1400 3120 quisque
1416 3079 1503 3112 deber
1522 3091 1561 3112 ex
1585 3089 1702 3114 munere
1721 3105 1731 3121 ,
1758 3085 1867 3124 quant&
1897 3081 1932 3125 se
1965 3082 2035 3115 obl'i-

1098 3133 1243 3171 gatiorrm
1266 3129 1319 3171 effe
1343 3127 1481 3170 conspicit
1506 3136 1540 3161 in
1566 3131 1720 3163 reddenda
1746 3137 1860 3165 ratione
1887 3157 1894 3164 .
1921 3131 2023 3178 Qod

1102 3179 1214 3221 utique
1238 3187 1305 3211 tam
1332 3177 1541 3212 Ecclesiarum
1571 3177 1720 3213 Praelatos
1759 3205 1770 3220 ‚
1805 3183 1900 3224 quam
1935 3190 2031 3223 pote-

1102 3229 1197 3262 states
1223 3228 1322 3261 etiarn
1350 3228 1509 3261 saeculares
1535 3227 1575 3261 ad
1602 3230 1750 3263 animum
1786 3232 1923 3264 sollicita
1950 3241 2026 3262 con·

1102 3279 1190 3311 venit
1214 3277 1431 3311 meditatione
1465 3276 1615 3311 reducere
1640 3305 1647 3311 .
1686 3280 1729 3313 Et
1765 3291 1806 3312 ne
1831 3278 1870 3312 de
1905 3279 2030 3313 talento

1101 3326 1158 3361 fibi
1185 3327 1357 3361 commisso
1396 3327 1429 3361 in
1465 3337 1610 3361 extremo
1645 3330 1793 3363 examine
1818 3328 1945 3371 gravius
1983 3339 2030 3370 Ju-

1102 3377 1249 3411 dicentur
1269 3401 1280 3416 ,
1305 3376 1345 3410 de
1370 3376 1545 3411 ratiocinio
1572 3378 1738 3411 studiofius
1762 3378 1906 3420 cogitare
1932 3403 1938 3408 .
1981 3379 2031 3411 ln-

1100 3425 1141 3460 de
1175 3425 1330 3469 siquidem
1363 3425 1410 3460 cst
1447 3451 1461 3469 ,
1506 3425 1594 3471 quod
1633 3437 1691 3459 nos
1718 3450 1729 3465 ‚
1771 3428 1825 3471 qui
1861 3428 2030 3472 personam

1591 3475 1625 3509 X
1676 3487 1698 3512 2
1896 3487 1986 3512 tuam
