2358 3776
515 90 558 139 S.
606 84 911 138 THOMAE
966 76 1378 135 CANTU'AR.
1428 89 1569 136 L113,
1611 94 1683 139 11,

108 172 266 219 tionem,v
294 176 346 211 vel
364 175 507 211 favorem
518 176 618 210 unius
638 173 762 219 aliquid
786 170 954 211 statuatis,
982 168 1070 204 unde

125 225 421 265 akerlscandalizari
432 226 547 266 debeat
557 249 566 267 ‚
597 235 653 260 aut
667 234 801 268 quoquo
814 220 915 256 modo
927 219 1046 253 turbari
1060 246 1067 252 .

128 275 183 315 Ad
196 277 261 312 haee
275 276 366 311 vobis
377 276 546 310 distristius
558 273 765 322 prohibemus
776 298 786 312 ,
810 283 852 305 ne
867 280 1001 313 uterque
1017 281 1069 305 ve·

125 328 223 362 strum
237 350 247 365 ‚
262 327 322 360 'vel
334 327 412 361 alter
424 327 578 371 Regnum
592 325 779 368 Anglorum
793 323 913 355 intrare
924 343 935 360 ,
963 320 1013 353 vel
1029 320 1069 353 de

96 379 269 422 »negotiis
289 376 430 419 eiusdem
452 377 562 421 Regni
585 376 716 409 trastare
733 398 743 413 ,
775 373 809 406 ὅ(
833 370 1003 414 praesertim
1028 370 1068 403 de

111 444 114 449 >
128 425 429 461 consecrationibus
452 424 683 469 Episcoporum
704 422 828 465 aliquid
841 420 984 464 unquam
996 421 1068 453 effi-

122 485 227 518 cere,
248 478 301 510 vel
312 477 462 510 ordinare
472 476 656 518 praesumat,
685 472 742 506 nisi
757 470 842 516 prius
864 469 1067 504 Venerabilis

123 524 235 561 Frater
248 527 353 560 noster
366 526 517 559 Thomas
529 523 768 558 Cantuariensis
790 517 896 554 Archi
907 538 919 544 -
930 521 1066 563 Episco-

97 589 98 592 ’
121 578 253 620 pusjam
268 577 356 610 dieto
370 571 556 620 Anglorum
567 572 653 618 Regi
664 585 705 607 ex
729 573 860 614 integro
883 569 1066 604 reconcilie-

120 631 174 659 tur
188 653 194 659 .
221 626 323 674 Quod
336 635 389 668 per
401 624 543 658 studium
556 647 567 663 ,
590 623 622 657 ἀ
634 634 689 667 per
697 630 829 665 operam
843 619 975 654 vestram
988 632 1067 654 coo·

122 686 254 720 perante
267 675 416 709 Domino
426 673 468 708 ad
487 674 632 707 effectum
661 673 747 716 poffe
772 670 907 714 produci
929 670 1066 704 confidi·

98 737 217 766 ·mus,
242 724 425 760 &omnino
448 724 603 765 speramus
629 747 637 755 .
666 721 858 756 Sicutenim
883 731 923 754 ex
949 720 1063 754 litteris

101 802 103 804 -
124 777 311 810 multorum·
323 775 536 809 discretorum
559 772 717 806 Virorum
738 770 922 815 accepimus
942 795 952 812 ,
980 768 1065 804 nihil

100 825 189 864 est,
215 824 302 861 unde
322 825 467 867 praefatus
489 823 689 857 Francorum
712 821 807 860 Rex,
828 822 865 854 ἀ
889 829 958 854 tota
981 829 1065 854 terra

97 890 102 894 ·
120 874 218 917 ipfius
241 874 556 916 ampliuscommota
567 871 665 905 suerit
678 895 689 912 ,
717 871 780 905 vel·
793 870 919 905 turbata
933 895 943 910 ,
967 871 1065 914 quam

100 933 106 952 ς
120 935 162 958 ex
172 920 222 955 his
233 946 245 961 ,
270 933 339 964 quae
350 922 491 965 Ioannes
501 919 739 955 Saresberienfis
761 921 915 954 Decanus
940 919 959 953 ὲ
972 920 1067 954 nobis

119 971 248 1012 rediens
261 969 448 1016 inpartibus
458 971 527 1005 'illis
537 971 655 1006 dicitur
676 970 891 1005 disseminasse
903 995 910 1003 .
940 972 1065 1005 Datum

100 1048 105 1055 .
121 1022 322 1064 Beneventi,
348 1022 523 1060 undecima
536 1020 692 1056 Kalendis
713 1021 910 1066 Septembris
924 1044 932 1052 .

246 1167 653 1208 EPISTO'LA
754 1170 939 1207 XXXV.

222 1272 414 1307 Alexandro
424 1289 430 1295 ·
440 1270 484 1304 Pa
488 1282 532 1313 pae
557 1270 710 1304 Thomas
720 1267 967 1304 Cantuariensis

396 1329 398 1333 ’
420 1317 736 1362 Archi-Episcopus
756 1340 764 1349 .

123 1421 297 1462 Amanffimo
309 1422 430 1453 Domino
439 1445 449 1460 ‚
475 1420 510 1453 Θ
525 1422 612 1451 Patri
622 1416 794 1457 sanffifflnw
807 1415 989 1454 Alexandro,
1008 1415 1063 1446 Dei

104 1479 135 1500 :a
166 1478 272 1515 gratia
286 1473 304 1504 5
306 1482 402 1503 ummo
416 1469 551 1510 Pontifici
569 1491 580 1506 ‚
590 1468 717 1500 Thomas
731 1466 845 1510 miserae
858 1470 1062 1498 Cantuarien-

164 1519 351 1561 fis-Ecclefiae
362 1520 482 1552 humilis
493 1543 503 1558 ,
530 1529 563 1551 ac
575 1516 663 1560 miser
675 1542 685 1557 ‚
711 1519 744 1551 (5
758 1516 942 1560 miserabilis
955 1516 1042 1547 Exul
1053 1538 1064 1554 ‚

172 1568 474 1612 debltaesubjefflont:
481 1567 663 1609 famulatum
676 1592 686 1607 ‚
713 1569 747 1601 et
764 1575 818 1610 per
834 1571 932 1598 omma
941 1566 1062 1607 depra-

171 1626 267 1662 cipuli
279 1619 409 1661 Ecclefiae
423 1623 550 1652 immicis
563 1616 752 1659 triumphare
762 1640 770 1648 .

127 1715 398 1801 CELEBRE
426 1716 628 1762 proverbium
639 1715 707 1752 est.-
733 1712 1062 1761 Quadredimipoteft,

228 1765 293 1808 five
315 1772 453 1809 temporis
460 1768 673 1808 prodthone,
692 1766 755 1806 five
777 1767 876 1803 allas,
901 1775 958 1796 non
979 1766 1065 1794 rime-

123 1824 175 1849 tur
185 1840 192 1847 .
222 1816 275 1849 Est
287 1816 320 1849 &
329 1815 418 1849 aliud
430 1816 548 1857 quippe
556 1814 713 1847 celebrius
724 1825 735 1845 .·
762 1813 900 1845 Facilius
912 1811 950 1851 est
962 1816 1066 1844 vitare

123 1863 303 1908 discordem,
329 1866 418 1908 qua‘m
429 1866 582 1897 declinare
583 1862 749 1904 fallacem.
777 1862 858 1895 Inde
879 1861 923 1894 est
940 1885 949 1901 ,
975 1858 1063 1903 quod

123 1913 318 1950 Celfitudini
339 1914 444 1948 vestrae
464 1914 672 1948 notificamus
695 1937 706 1953 ,
734 1912 874 1955 qualiter
898 1909 1066 1944 Dominus

123 1965 232 1999 noster
245 1965 318 1998 Rex
332 1965 457 2008 Anghae
468 1963 607 1998 fallaciis
618 1989 628 2004 ,
655 1963 689 1997 ὅ(
701 1963 782 1996 falsis
803 1959 1066 2005 promissionibus

122 2015 188 2049 suis
202 2013 297 2055 ,cum
310 2015 491 2049 videremur
501 2014 564 2048 esse
576 2012 609 2046 in
624 2013 732 2056 januis
743 2013 830 2054 pacis
843 2034 854 2050 ,
874 2010 954 2043 sicut
966 2010 1065 2043 etiam

68 2102 69 2106 Ἰ
108 2062 164 2099 -ab
182 2064 338 2098 omnibus
362 2065 425 2098 suis
445 2063 626 2107 sperabatur
647 2063 680 2096 δε
701 2061 911 2099 credebatur,
939 2058 1067 2092 noviter

112 2126 184 2149 -nos
202 2113 330 2158 decepit
348 2114 518 2148 occasione
537 2111 742 2158 quorundam
767 2110 978 2143 Nunciorum
998 2109 1067 2142 suo-

111 2175 194 2199 vrum
207 2164 226 2198 ὲ
237 2165 402 2207 majestate
417 2163 513 2198 vestra
530 2163 735 2197 redeuntium
750 2186 761 2201 ,
786 2160 843 2204 qui
866 2158 1068 2202 instabant&

118 2213 310 2248 simulabant
328 2215 359 2248 se
369 2214 547 2248 obtinuisse
557 2214 574 2246 a
589 2212 692 2252 vobis,
704 2211 744 2245 ad
759 2211 860 2254 Regis
876 2209 1066 2253 petitionem

120 2264 155 2298 &
178 2264 365 2296 instantiam
389 2285 401 2302 ,
436 2263 635 2297 Mandatum
656 2263 689 2295 δε
707 2260 940 2295 authoritatem
962 2259 997 2293 in
1016 2256 1064 2291 de·

121 2314 316 2356 pressionem
328 2312 568 2356 cantuariensis
583 2311 730 2346 Ecclesiae
742 2309 981 2354 irreparabilem
994 2332 1005 2349 ‚
1031 2309 1064 2342 ἀ

111 2362 287 2402 nostram,
314 2362 402 2404 quod
417 2364 505 2396 Deus
517 2371 659 2400 avertat,
686 2363 720 2395 &
734 2360 919 2394 Coexulum
946 2358 1066 2391 nostro-

122 2422 194 2446 rum
213 2413 357 2449 ruinam.
406 2411 544 2454 Decepit
565 2413 677 2454 utique
700 2421 760 2444 nos
783 2408 844 2443 hac
858 2410 931 2443 vice
949 2432 960 2448 ‚
987 2409 1066 2441 ficut

122 2461 161 2495 ὃ(
184 2460 313 2503 saepius,
351 2470 409 2494 nec
431 2461 537 2495 solnm
553 2472 634 2502 nos,
661 2459 713 2493 sed
735 2459 770 2494 ὅ(
791 2458 890 2493 Viros
912 2458 1066 2502 Religio-

122 2511 173 2544 sos
199 2521 362 2553 portantes
385 2510 480 2544 nobis
500 2523 542 2545 ex
566 2522 654 2554 parte
677 2511 731 2544 sua
749 2508 842 2544 verba
860 2510 970 2553 paciS,
998 2518 1066 2551 quae

122 2559 281 2596 sanctitati
294 2559 399 2594 vestrae
410 2571 466 2602 per
486 2561 640 2594 Latorem
662 2560 861 2602 praesentiutn
884 2558 1065 2592 intimanda

121 2610 343 2648 commisimus
355 2633 368 2650 ,
391 2619 530 2643 necnon
546 2609 859 2652 Archi-Episcopum
881 2608 1067 2643 Rothoma-

122 2661 277 2704 gensem,
302 2660 336 2694 &
358 2661 543 2703 Sagiensem
566 2660 764 2702 Episcopum
782 2683 792 2700 ,
817 2660 983 2692 mittentes
1008 2669 1061 2692 no-

123 2710 174 2744 bis
185 2711 228 2744 de
237 2709 438 2744 conscientia
451 2734 462 2749 ‚
484 2710 703 2742 &voluntate
714 2720 752 2742 ac
763 2707 918 2742 mandato
935 2709 996 2741 suo
1016 2708 1065 2742 lit-

122 2770 205 2794 teras
223 2784 234 2801 ,
258 2771 394 2803 quatum
419 2760 645 2802 transcriptum
667 2758 760 2792 vobit
783 2758 1030 2791 transmittimus
1059 2782 1065 2789 .

121 2809 523 2854 Veruntamenquidquid
533 2810 574 2844 de
600 2810 694 2843 nobis
715 2807 844 2848 fecerit,
872 2810 998 2840 utinam
1013 2807 1060 2842 Se-

122 2860 294 2894 renitatem
306 2860 441 2894 vestram
456 2860 582 2894 blandis
602 2860 634 2893 &
655 2858 808 2893 inanibus
833 2857 993 2901 promissis
1015 2857 1066 2891 vel

123 2907 184 2942 hac
197 2911 265 2944 viee
275 2921 342 2944 non
353 2909 524 2950 deluserit,
552 2910 632 2943 sicut
655 2909 813 2953 gloriatur
837 2908 954 2952 pluries
982 2907 1065 2941 sefe

121 2959 217 2999 cisse,
242 2969 277 2992 ut
288 2961 503 3002 prottastione
516 2962 675 3004 temporis
685 2962 858 3002 contingat
871 2958 1042 3001 inopinate
1055 2982 1066 2998 ,

123 3007 214 3053 quod
229 3009 394 3051 nunquam
408 3010 538 3044 videant
550 3010 618 3052 ejus
627 3010 715 3043 oculi
729 3021 783 3042 aut
797 3008 930 3042 audiant
953 3019 1044 3042 aures
1058 3034 1064 3040 .

121 3059 167 3093 Et
177 3057 332 3102 quoniam
358 3058 522 3094 multoties
541 3059 727 3103 opportune
749 3083 760 3099 ,
787 3057 976 3102 impor‘tune
998 3069 1065 3101 pru-

118 3107 268 3144 dentiam
290 3106 713 3149 vestramwsollicitavimuh
740 3109 906 3143 multoties
931 3108 1063 3152 pulsavi-

1912 113 1929 142 1
1938 113 2009 152 99

1134 178 1193 202 nos
1202 179 1243 201 ex
1254 166 1409 210 patientia
1420 166 1455 201 δε
1467 170 1706 211 exspestatione
1718 174 1817 211 vestra
1825 200 1836 218 ‚
1862 187 1932 222 quar
1944 179 2073 212 utinam

1132 218 1300 253 delusoriis
1311 216 1574 261 promistionibus
1586 219 1717 255 ulterius
1728 235 1794 260 non
1805 227 1936 261 fallatur
1945 251 1958 268 ,
1985 238 2075 262 exer.

1128 275 1217 302 cetur
1227 266 1337 302 durior
1349 268 1383 302 ὅ(
1394 267 1540 302 acerbior
1549 292 1561 309 ‚
1574 267 1609 302 in
1623 278 1750 304 tantum
1763 285 1798 307 ut
1814 277 1865 311 rix
1879 277 2002 312 amodo
2012 278 2073 322 spi-

1100 334 1101 337 *
1129 329 1194 352 rare
1207 317 1368 352 valeamus
1380 343 1388 352 .
1404 318 1478 353 Nec
1489 317 1534 352 est
1549 317 1643 352 nobis
1654 318 1741 352 inter
1752 324 1875 359 nostros
1887 327 2073 372 quisquam,

1126 369 1180 412 qui
1192 368 1233 401 de
1243 379 1354 410 cetero
1367 367 1444 402 velit
1455 368 1487 402 se
1509 367 1587 403 huic
1609 368 1755 413 periculo
1780 371 1985 418 supponere,
2002 377 2073 412 sub-

1126 419 1222 462 jicere
1235 427 1328 452 tanto
1340 419 1542 459 discrimini,
1568 420 1740 463 praesertim
1752 419 1827 454 cum
1843 424 1962 459 multos
1980 427 2021 461 de
2034 427 2076 460 il·

1127 468 1208 501 lisin
1229 468 1324 510 hujus
1346 469 1471 513 negotii
1494 469 1721 512 prosecutione
1742 480 1830 504 mors
1855 481 1963 506 amara
1986 486 2073 511 corn-

1127 515 1348 562 prehenderit.
1377 518 1544 553 Mittimus
1557 520 1715 554 sanctitati
1728 520 1835 556 vestrae
1855 520 1992 555 latorem
2006 534 2075 565 pre-

1126 568 1265 602 sentium
1275 591 1286 608 ‚
1313 568 1367 613 qui
1382 570 1504 603 intuitu
1516 568 1674 603 libertatis
1685 570 1719 604 ὅ(
1732 570 1798 605 sola
1809 570 2005 605 liberalitate
2015 573 2074 606 sua

1126 618 1260 662 suscepit
1272 619 1443 663 negotium
1455 618 1600 654 nostrum
1611 619 1652 653 ad
1668 630 1726 654 vos
1736 620 1962 663 perferendum
1986 620 2076 655 beni-

1126 669 1190 713 gne
1203 693 1214 708 ,
1241 668 1367 702 utinam
1381 670 1573 704 efficaciter.
1602 670 1705 703 Hunc
1716 671 1858 713 petimus
1869 694 1882 711 ‚
1905 671 1929 703 fi
1943 671 2048 714 placet
2062 695 2074 712 ,

1127 719 1204 751 sicut
1217 717 1400 753 desideratis
1421 719 1462 754 ab
1482 732 1523 754 eo
1545 719 1693 753 exauditi
1706 720 1741 754 in
1753 721 1869 754 ultima
1890 720 2077 755 neceffitate

1127 767 1248 809 vestra,
1275 768 1330 812 qui
1341 768 1398 803 dat
1417 770 1552 804 salutem
1576 769 1746 815 Regibus,
1772 770 1829 814 qui
1853 771 1958 806 aufert
1987 771 2077 815 spiri-

1128 828 1197 853 tum
1210 817 1401 862 Principum
1415 843 1426 860 ,
1452 820 1473 853 si
1484 831 1558 854 cura
1566 819 1611 853 est
1623 819 1716 854 vobis
1727 819 1767 854 de
1787 820 1853 854 vita
1881 822 1989 856 nostra
2002 845 2013 861 ,
2039 821 2073 855 δε

1129 868 1227 903 salute
1237 892 1248 908 ,
1274 869 1292 903 ὲ
1305 866 1507 915 benignitate
1517 869 1616 905 vestra
1626 868 1768 915 benigne
1780 870 1879 913 recipi
1892 895 1903 910 ‚
1937 871 1971 905 ὅ(
1984 870 2073 905 beni-

1128 917 1223 965 gnius
1233 919 1381 963 exaudiri
1391 921 1480 963 super
1491 919 1541 954 his
1552 920 1570 960 ,‘
1588 932 1659 965 quae
1671 919 1870 963 postulamus
1882 921 1900 954 a
1913 920 2071 955 Serenita-

1128 968 1268 1006 tevestra
1294 980 1350 1014 per
1369 969 1496 1014 ipsum,
1523 971 1578 1015 qui
1603 970 1828 1005 effestisumus
1853 969 2073 1014 proscripti&

1130 1019 1256 1059 miseri,
1284 1030 1396 1053 nonut
1411 1020 1549 1054 securius
1560 1021 1706 1055 vivamus
1731 1021 1765 1055 δε
1783 1020 1948 1065 quietius,
1973 1020 2075 1055 decli-

1129 1068 1239 1103 nando
1248 1070 1552 1114 tantipersecutoris
1573 1071 1852 1114 importunitatem
1865 1094 1876 1111 ,
1903 1070 1957 1104 sed
1979 1081 2015 1105 ut
2027 1070 2073 1106 vi·

1128 1123 1202 1163 g'eat
1214 1119 1354 1153 Ecclesia
1363 1120 1449 1161 Dei,
1476 1121 1510 1154 δι
1523 1120 1625 1154 valeat
1635 1121 1835 1165 temporibus
1848 1120 1964 1154 nostris
1976 1144 1987 1160 ,
2013 1131 2073 1163 po-

1121 1169 1216 1203 ‘steris
1226 1171 1386 1204 efficacius
1399 1163 1550 1213 respirare
1562 1172 1595 1204 in
1610 1170 1802 1205 libertatem.
1815 1171 1967 1205 Feliciter
1983 1179 2076 1203 nam·

1127 1229 1189 1260 que
1199 1219 1277 1252 dura
1291 1222 1322 1254 ἃ
1333 1221 1443 1264 gravia
1456 1220 1652 1254 sustinentur
1664 1221 1703 1254 ad
1717 1231 1846 1264 tempus
1861 1245 1873 1259 ,
1897 1229 1933 1253 ut
1951 1218 2074 1254 felicio-

1128 1278 1160 1299 ra
1172 1269 1342 1301 succedant
1355 1293 1362 1300 .
1397 1269 1440 1302 Et
1452 1270 1585 1311 quidem
1599 1270 1620 1301 fi
1633 1270 1674 1303 de
1686 1269 1780 1314 Rege
1802 1269 1912 1303 nostro
1933 1269 1999 1311 jam
2015 1268 2075 1302 diu

1127 1314 1222 1349 nobis
1232 1316 1337 1351 fuisset
1349 1317 1509 1350 creditum
1522 1341 1533 1357 ,
1559 1316 1623 1358 jam
1636 1318 1760 1359 pridem
1771 1339 1783 1356 ‚
1807 1317 1885 1351 sicut
1911 1329 1969 1361 pro
1981 1327 2076 1351 certo

1103 1365 1105 1369 ’
1128 1365 1287 1400 credimus
1300 1389 1310 1406 ,
1328 1378 1383 1410 per
1396 1366 1461 1401 Dei
1473 1366 1732 1401 misericordiam
1754 1366 1946 1401 obtinuisset
1959 1367 2076 1401 Eccle*

1110 1585 1118 1967 ι

1108 2798 1119 3070 ι

1127 1415 1192 1456 sia,
1219 1416 1321 1451 &vos
1331 1416 1370 1450 de
1384 1415 1454 1459 ipso
1477 1415 1665 1456 vistoriam,
1691 1426 1789 1460 atque
1811 1417 1965 1459 exemplo
1988 1417 2077 1451 illius

1130 1467 1162 1498 in
1186 1467 1299 1507 ceteris
1324 1465 1525 1509 principibus
1543 1467 1682 1509 gloriam
1706 1466 1740 1499 δε
1766 1467 1928 1500 honorem
1952 1490 1959 1496 ·
1998 1467 2075 1501 sors

1129 1526 1270 1559 namque
1292 1517 1531 1558 Tyrannorum
1553 1515 1621 1549 haec
1641 1516 1686 1549 est
1700 1538 1711 1554 ,
1737 1526 1772 1548 ut
1785 1521 1838 1559 qut
1857 1523 1952 1550 terret
1971 1516 1983 1556 ,
2003 1515 2076 1558 phas

1129 1563 1193 1608 lpse
1202 1570 1308 1598 timeat
1321 1590 1330 1598 .

1282 1714 1694 1750 EPISTOLA
1765 1713 1930 1750 xxxv1.

1155 1812 1297 1854 Ioannes
1322 1812 1562 1898 Saresberiengs
1588 1812 1782 1896 &meatui
1807 1813 2054 1850 Cantuariensis

1558 1875 1593 1898 CC
1608 1875 1625 1897 e
1639 1874 1675 1896 1ae
1687 1887 1694 1894 .

1129 1961 1320 2003 Univerfitatl
1342 1963 1515 1996 &tibiarum
1537 1989 1548 2003 ,
1589 1968 1645 2004 qut
1664 1967 1695 1994 in
1709 1967 1811 2004 prima
1841 1966 2078 1998 Britanniarum

1178 2013 1252 2045 Sede
1262 2012 1372 2045 sanda
1385 2011 1604 2054 cantuariensi*
1614 2015 1740 2046 Domino
1745 2012 1942 2055 famulantur
1958 2041 1967 2056 ‚
1980 2027 2079 2048 eorum

1179 2063 1214 2095 Q&
1225 2064 1372 2094 Fratrum
1384 2067 1526 2096 minimus
1535 2065 1568 2096 ὁ·
1579 2060 1738 2104 conservus
1743 2061 1871 2107 salutem
1888 2087 1899 2103 ,
1909 2069 1942 2101 <y
1953 2074 2078 2109 gratam

1181 2114 1244 2145 Deo
1255 2111 1453 2146 obedientiam
1465 2112 1600 2147 waimis
1614 2113 1748 2147 omnibus
1760 2112 1924 2156 amefirre.

1227 2259 1353 2301 NDE,
1379 2263 1586 2297 amantissimi
1607 2264 1751 2298 Domini
1775 2264 1862 2306 mei,
1888 2264 2079 2301 &dulcissi-

1250 2311 1294 2344 mi
1308 2311 1455 2352 Fratres,
1476 2312 1656 2346 exordiar?
1682 2312 1788 2348 Unde
1799 2315 1924 2358 spiritus
1934 2316 2030 2350 tristis
2044 2317 2078 2350 ὃ(

1129 2360 1241 2394 alieno
1267 2361 1491 2396 consternatus
1515 2373 1624 2396 errore
1649 2362 1739 2397 verbi
1768 2364 1871 2399 sumet
1898 2366 2031 2401 initium
2060 2367 2077 2398 ,ἲ

1127 2410 1209 2458 Qo
1233 2410 1370 2452 miserae,
1398 2411 1432 2445 ὅ(
1451 2422 1513 2455 prae
1533 2411 1648 2446 dolore
1669 2410 1858 2456 languentis
1879 2417 1994 2449 animae
2006 2426 2080 2458 pro-

1128 2459 1293 2504 gredietur
1314 2461 1446 2495 oratio?
1471 2462 1606 2495 Poterat
1628 2460 1782 2496 haetenus
1801 2463 1901 2496 vestra
1915 2486 1926 2501 ‚
1953 2475 1988 2497 ut
2011 2475 2078 2497 ver·

1128 2510 1448 2554 botemperatiffimo
1472 2510 1626 2555 &digno
1647 2511 1805 2545 Dominis
1829 2523 1920 2553 utar,
1947 2513 2076 2547 excusa-

1128 2559 1153 2593 ri
1165 2560 1382 2606 negligentia.
1411 2560 1473 2594 Sed
1483 2571 1583 2599 ecce,
1609 2560 1715 2603 siquis
1730 2560 1820 2607 vulgi
1835 2563 1984 2606 sequatur
2007 2564 2078 2607 opi‘

1128 2610 1282 2650 taionem,
1308 2621 1399 2654 tepor
1422 2610 1457 2643 in
1479 2609 1595 2650 odium
1614 2621 1835 2645 commutatus
1865 2614 1910 2647 est
1937 2638 1947 2653 ,
1974 2614 2077 2658 negli-

1127 2662 1238 2705 gentia
1250 2660 1370 2694 transiit
1382 2659 1417 2692 in
1439 2670 1694 2704 contemptum,
1721 2659 1914 2697 charitatem
1937 2664 2076 2697 mentita

1127 2711 1289 2744 simulatio
1324 2710 1431 2752 erupit
1467 2709 1501 2743 in
1541 2709 1687 2745 fraudem
1713 2736 1724 2751 ,
1752 2712 1787 2746 ἂ.
1826 2712 1858 2745 se
1895 2713 2075 2747 manifestis

1127 2771 1232 2794 rerum
1244 2759 1443 2804 argumentis
1454 2760 1599 2794 convicit
1609 2761 1674 2794 'effe
1699 2761 1864 2803 perfidiam
1881 2788 1888 2795 .
1915 2763 1964 2796 Ita
1987 2787 1999 2803 ,
2026 2763 2075 2796 in-

1127 2820 1223 2855 quam
1235 2835 1245 2850 ‚
1257 2810 1277 2842 fi
1290 2810 1379 2854 vulgi
1391 2809 1586 2844 convalescit
1598 2810 1716 2854 opinio
1730 2822 1737 2841 :
1768 2811 1829 2847 Sed
1843 2812 1962 2856 quibus
1972 2812 2012 2847 de
2025 2823 2077 2858 ce-

1126 2870 1196 2894 tero
1235 2858 1351 2904 poterit
1388 2859 1645 2905 allegationibus
1686 2860 1843 2895 infirmari
1869 2864 1882 2896 ?
1919 2862 2072 2897 Profert&

1127 2912 1214 2951 quod
1248 2910 1281 2943 in
1304 2907 1448 2943 standem
1483 2910 1548 2944 Dei
1573 2911 1733 2954 praesumit
1758 2913 1916 2955 sapientia
1937 2915 2043 2947 carnis
2063 2938 2073 2952 ,

1129 2962 1248 3002 semper
1274 2958 1309 2993 in
1335 2960 1535 2994 contrarium
1563 2962 1726 3004 proposito
1753 2962 1858 3006 pergit
1897 2973 2071 2997 eventum.

1134 3010 1173 3043 Et
1194 3009 1282 3043 unde
1309 3009 1518 3052 sperabantur
1533 3012 1730 3055 compendia
1758 3012 1936 3055 voluptatis
1956 3036 1966 3051 ‚
1993 3012 2073 3046 inde

1127 3060 1229 3093 totius
1254 3059 1408 3094 utilitatis
1432 3061 1586 3095 oriuntur
1621 3059 1810 3103 dispendia.
1852 3064 1905 3097 Sic
1934 3061 2033 3104 Judaei
2059 3086 2070 3102 ,

1126 3121 1167 3143 ne
1194 3109 1305 3143 locum
1332 3109 1498 3152 perderent
1530 3134 1539 3149 ‚
1571 3122 1632 3143 nec
1659 3112 1872 3146 Sacerdotum
1900 3112 2069 3153 Principes

119 3169 195 3193 mus
206 3158 245 3192 ad
258 3168 348 3193 aures
357 3157 544 3192 Serenitatis
557 3159 666 3193 vestrae
676 3184 687 3200 ,
714 3170 750 3193 ut
764 3157 962 3193 authoritate
974 3159 1063 3192 Beati
1125 3159 1234 3204 gentis
1259 3160 1447 3194 amitterent
1472 3160 1663 3203 potestatem
1678 3184 1689 3200 ,
1717 3160 1849 3196 Christo
1862 3162 2068 3195 tetenderunt

123 3208 210 3242 Petri
224 3208 302 3241 huic
317 3217 411 3241 tanto
424 3208 511 3240 malo
525 3232 534 3248 ,
545 3218 641 3243 tantae
652 3210 871 3252 persecutioni
887 3210 1065 3243 severitatis
1126 3210 1273 3251 insidias,
1300 3211 1332 3244 ἀ
1352 3219 1538 3245 corruentes
1550 3210 1581 3242 in
1595 3209 1722 3244 foveam
1737 3237 1747 3251 ,
1774 3223 1870 3255 quam
1882 3213 2030 3244 fecerunt
2056 3235 2068 3250 ‚

121 3259 253 3293 censura
266 3259 364 3291 finem
378 3257 525 3291 debitum
535 3256 763 3302 imponeretis,
774 3272 832 3293 nec
842 3257 948 3293 adhuc
961 3285 970 3299 ,
995 3271 1063 3302 pec-

119 3309 203 3342 catis
216 3307 333 3341 nostris
346 3306 558 3351 exigentibus
570 3331 580 3346 ‚
604 3310 748 3343 exauditi
762 3311 871 3343 sumus
882 3333 893 3349 ,
919 3310 959 3343 ad
985 3311 1064 3343 salu-

1127 3259 1332 3294 venientibus
1365 3260 1528 3293 Romanis
1563 3261 1672 3294 locum
1702 3260 1911 3304 perdiderunt
1932 3259 1966 3292 &
1989 3268 2070 3302 gen-

1105 3277 1109 3354 i
1125 3321 1190 3344 tem
1206 3335 1213 3341 .
1241 3311 1294 3345 Sic
1306 3310 1407 3343 &vos
1418 3334 1428 3349 ,
1455 3309 1476 3342 fi
1491 3320 1600 3343 tamen
1616 3321 1688 3344 vera
1700 3312 1774 3344 sunt
1788 3320 1858 3353 quae
1878 3308 1995 3353 vulgus
2006 3307 2069 3342 cla-

116 3368 189 3395 tem
213 3356 404 3400 Anglicanae
429 3356 599 3397 Ecclefiae,
630 3358 670 3391 ad
691 3360 921 3394 revelationem
943 3358 1063 3402 depres-
1105 3356 1107 3387 ²,
1126 3370 1193 3393 mat
1206 3384 1216 3400 ‚
1243 3359 1449 3400 nequeenim
1463 3359 1556 3393 facile
1567 3360 1777 3399 crediderim,
1793 3358 1880 3399 quod
1893 3359 1927 3392 in
1941 3369 2066 3391 tantam

121 3408 218 3444 sionis
240 3406 354 3441 nostrae
375 3407 408 3440 δε
430 3407 611 3442 nostrorum
625 3431 636 3447 ,
661 3419 731 3452 quae
751 3411 785 3444 in
807 3410 876 3445 dies
895 3409 1063 3446 adversum
1103 3408 1331 3454 ivigilantiam
1363 3409 1399 3443 ἀ
1429 3409 1685 3444 sollicitudinem
1714 3408 1845 3442 coecitas
1878 3417 1968 3443 tanta
1990 3408 2070 3441 ceci-

1916 3457 2000 3492 derit
2014 3480 2024 3496 ,
