2358 3776
448 75 689 128 EP’IS'T.
742 81 782 126 s.
838 73 1134 125 THOMAE
1179 46 1408 125 εΑΝῑῖῑ
1466 84 1602 131 LIB.
1639 88 1711 134 11.

116 174 150 210 δε
163 171 287 208 fideles.
305 166 429 205 Melius
439 178 549 204 tamen
561 167 745 204 consoletur
755 177 828 201 eam
838 165 948 204 Deus,
961 161 1058 206 quam

119 221 176 259 sibi
186 219 362 267 providerit·
371 245 382 261 ,
406 220 442 254 δε
453 219 600 254 Ecclesiae
612 218 806 265 Anglicanae
816 228 854 251 ac
875 212 971 249 uobis
984 236 995 252 ,
1021 224 1058 248 ac

117 272 239 311 miseris
257 265 378 306 *nostris
400 271 435 305 in
454 276 544 314 parte
567 269 626 304 ista
646 293 655 301 .
681 269 758 303 Scio
781 266 913 311 quidem
932 287 944 304 ,
970 264 1058 298 und-e

118 322 222 367 tnagis
233 321 332 356 doleo
343 335 355 355 .·
381 321 458 364 quia
472 328 650 363 numquam
668 318 730 354 aevi
753 317 843 352 senio
866 314 988 350 crimen
1001 314 1058 348 ob·

114 373 221 409 ruitur
233 396 244 411 ,
270 370 438 417 nunquam
450 370 553 405 scelus
564 368 733 404 oblivione
744 367 909 411 repellitur
922 388 933 405 ,
944 363 1055 398 verum

115 422 264 465 exempla
287 421 391 462 fiunt,
419 432 489 465 qna
509 418 652 454 facinora
672 419 734 452 effe
753 417 965 452 destiterunt.
993 413 1056 449 Va-

112 473 341 517 leatdcvigeat
357 470 508 507 &annas
524 469 646 509 vestra,
670 468 704 502 ἃ
725 467 845 505 eitius,
867 466 889 499 fi
912 464 1019 508 placet
1046 488 1057 506 ,

110 522 266 567 dignetur
282 521 448 557 miseriam
456 517 769 555 nostumsublevare
784 541 797 558 ,
828 526 865 551 ut
887 515 999 549 saltem
1011 514 1056 549 vi-

111 582 186 607 vere
196 572 359 608 valeamus
371 595 384 612 ,
409 569 654 615 quincumque
664 560 805 604 vivendo
819 566 969 613 perimus.
985 565 1056 601 No·

115 621 162 656 vit
175 622 267 658 Deus
277 644 290 663 ,
313 621 402 666 quod
415 617 580 655 immerito
590 643 598 651 .

313 767 723 807 EPIS‘TOLA
782 767 895 810 LV.»

230 847 360 906 ihomas
388 869 610 913 camunimfie
638 867 935 913 Archi-Epistopus

401 920 566 963 Memftedo
591 920 775 954 cardinali.

212 1019 393 1057 RATIAS
403 1021 532 1067 agitnus
541 1021 620 1056 Deo
630 1022 642 1061 '‚
667 1020 724 1065 qui
737 1031 796 1055 vos
807 1018 848 1055 ad
861 1018 1060 1055 consolatio-

236 1082 312 1107 nem
324 1071 472 1107 Ecclefiae
482 1072 546 1106 suae
558 1069 679 1115 aipuit
690 1071 731 1105 de
741 1083 797 1106 ore
808 1070 931 1106 Leonis
944 1094 956 1110 ,
972 1069 1006 1104 &
1018 1069 1061 1103 de
1082 1070 1083 1081 ¹

117 1131 219 1157 manu
241 1122 348 1157 bestia
376 1121 526 1156 liberavit
546 1143 560 1162 ‚
595 1121 631 1155 dt
649 1121 692 1156 de
711 1122 804 1155 omni
826 1119 1062 1164 exspectatione

116 1172 302 1207 Cremensis
337 1170 559 1206 Haerefiarchae
574 1195 586 1213 ,
611 1172 647 1206 δε
683 1171 866 1210 Frederici,
890 1171 924 1204 ὅτ.
958 1164 1083 1204 totius⁴

117 1221 297 1256 Plebeculae
307 1219 606 1256 schismaticorum.
633 1221 820 1261 Sensimus,
846 1229 934 1254 utex
954 1218 1059 1253 animi

116 1272 220 1306 nostri
232 1270 390 1305 sententia
402 1271 595 1313 loquamur,
620 1270 773 1303 absentia:
785 1269 892 1303 vestrae
902 1268 1024 1302 damna
1048 1289 1060 1307 ,
1082 1312 1083 1316 Ἰ

116 1320 225 1366 quiad
238 1319 428 1364 petitionem
452 1319 555 1362 Regis
575 1317 706 1362 Angliae
722 1340 734 1358 ,
759 1317 873 1351 nostro
897 1328 966 1351 non
989 1327 1063 1360 prae-

116 1370 253 1406 cedente
273 1369 388 1403 merito
402 1393 413 1409 ‚
438 1367 574 1411 suspensi
598 1367 707 1401 sumus
726 1391 739 1407 ,
772 1364 826 1401 die
845 1366 1062 1402 restitutionis

116 1418 255 1460 nostrae',
281 1429 318 1454 ιε
328 1419 474 1462 jactitat,
499 1418 620 1452 collata
633 1417 669 1451 in
688 1416 859 1451 arbitrium
876 1417 963 1460 ejus.
988 1418 1061 1451 Do·

116 1473 210 1505 mine
229 1469 297 1511 mi,
324 1471 346 1503 si
372 1468 507 1502 fuissetis
528 1467 607 1508 hic,
631 1466 999 1512 vigorEcclefiasticns‚
1024 1476 1061 1501 ut

115 1518 266 1563 (μισῶ,
292 1527 362 1552 non
381 1518 425 1552 ita
442 1526 593 1551 nonnus
612 1518 690 1551 effet
699 1525 757 1551 aut
779 1515 975 1561 languidus,
1000 1527 1062 1551 nec

116 1564 286 1612 iffifflogh
311 1579 373 1602 nec
382 1566 600 1611 complicibus
610 1567 694 1607 suis,
723 1565 926 1601 satellitibus
939 1563 1059 1600 Satha-

114 1628 184 1659 οι,
205 1617 329 1654 ‘collata
337 1616 519 1652 authoritas
536 1617 575 1651 in
599 1616 780 1652 Ecclesiam
802 1615 935 1651 interim
947 1615 1061 1650 debac-

112 1667 257 1705 cha-di.
284 1667 346 1701 Sed
359 1679 447 1702 nune
467 1676 594 1701 certum
614 1665 684 1707 est,
709 1664 799 1711 quod
818 1665 871 1700 his
885 1664 1064 1711 perversita-

116 1716 205 1753 tibus
215 1725 288 1751 toto
299 1727 445 1758 conatu,
468 1716 627 1760 quoniam
648 1715 772 1751 timetis
792 1716 1004 1757 Dominum,
1028 1715 1064 1750 δι

117 1767 257 1811 diligitis
268 1767 420 1801 acorem
443 1765 576 1799 Domus
595 1765 686 1810 ejus,
711 1764 881 1798 studebitis
895 1764 1030 1799 obviare
1054 1787 1062 1796 .

116 1815 250 1851 Placeat
259 1815 369 1857 itaque
378 1813 549 1848 dilectioni
561 1812 670 1847 vessrae
679 1813 853 1856 impetrare
868 1812 888 1845 ὺ
906 1811 1062 1847 Domino

115 1865 229 1910 Papa,
253 1873 291 1899 ut
299 1862 538 1908 suspensionem
548 1861 675 1902 solvat,
699 1870 755 1896 aut
767 1860 945 1896 terminum
967 1872 1062 1896 coar-

116 1917 203 1956 ἂεῐ,
227 1912 368 1950 scribens
379 1913 466 1959 Regi
476 1911 674 1948 Francorum
692 1912 727 1946 ὅτ
751 1910 899 1947 Beelessae
920 1910 1061 1947 Gallica-

117 1976 170 2000 no
187 1963 372 2009 patentibus
393 1963 508 1999 litteris
526 1987 539 2004 ,
573 1962 663 2006 quod
685 1962 744 1996 nili
767 1961 843 1996 Rex
869 1960 1061 2007 Anglorum

116 2013 511 2060 jamcommonitiouem
539 2013 630 2046 suam
643 2012 676 2047 &
696 2011 991 2046 comminationem
1007 2021 1063 2044 no·

115 2066 165 2103 lu's
175 2074 287 2110 pacem
295 2089 307 2106 ,
318 2065 351 2099 δε
362 2063 470 2098 ablata
482 2074 559 2098 curn
571 2061 718 2107 Ecclesia:
729 2061 877 2095 libertate
890 2060 1040 2095 restituat
1051 2082 1063 2100 ,

114 2114 234 2151 exinde
243 2115 304 2149 nos
315 2114 350 2148 iu
360 2124 438 2149 eum
449 2113 484 2148 ἀ
494 2121 612 2147 terram
623 2112 713 2146 suam
734 2111 836 2146 officii
861 2110 962 2146 nostri
974 2118 1065 2154 pote-

114 2166 194 2202 state
205 2163 439 2205 uticoncedat,
465 2163 498 2198 dc
510 2162 705 2198 sententiam
718 2185 731 2203 ,
756 2170 856 2206 quam
874 2161 910 2194 in
925 2160 1063 2195 malefa-

114 2218 219 2252 ctores
240 2214 433 2250 Ecclefiz&
453 2212 582 2247 nostros
602 2212 790 2252 tulerimus,
818 2219 920 2246 ratam
941 2209 1062 2245 haben·

113 2265 190 2299 dam
207 2265 273 2299 effe
291 2264 465 2303 decernat,
491 2263 524 2296 de
545 2262 706 2305 praecipiat
735 2260 777 2296 ab
795 2260 951 2296 omnibus
973 2270 1062 2295 terrae

118 2318 179 2350 suas
193 2313 360 2358 Episcopis
370 2310 603 2347 inviolabiliter
613 2311 774 2346 observari
786 2335 798 2353 ,
823 2311 929 2346 donec
942 2310 1064 2345 satisfa-

116 2377 189 2400 cere
198 2364 454 2407 compellantur.
478 2360 631 2396 Proeterea
644 2370 810 2404 precamur
820 2360 998 2402 attentius,
1025 2370 1063 2394 ut

118 2414 268 2449 Eeclofiae
280 2411 504 2449 cantuariensi
515 2410 550 2444 in
561 2411 694 2444 miseric
705 2411 765 2445 sure
775 2409 942 2445 ‘solatium
963 2411 1061 2455 impe·

116 2462 345 2507 tretisplenam
356 2461 623 2496 reformationem
641 2460 804 2496 primatus
826 2461 874 2494 sui
888 2484 899 2502 ‚
926 2469 963 2494 ut
988 2471 1060 2504 prae·

115 2515 256 2558 cipiatur
266 2510 550 2555 Archi-Episcopo
562 2511 597 2545 ἀ
609 2510 756 2545 Ecclefiae
779 2509 975 2545 Eboracensi
987 2534 999 2551 ,
1024 2520 1061 2545 ut

118 2564 217 2598 nobis
226 2560 452 2597 obedientiam
462 2571 620 2604 tanquam
632 2559 834 2595 Primatisuo
854 2559 1034 2595 exhibeant
1055 2586 1062 2594 .

117 2614 206 2648 Gum
232 2612 323 2647 enim
343 2610 488 2654 ejusdem
510 2608 673 2644 primatus
694 2621 750 2653 per
763 2620 821 2645 vos
841 2610 1063 2646 confirmatio-

118 2674 194 2699 nem
205 2661 466 2701 obtinuerimus,
492 2657 602 2694 honor
623 2660 684 2693 erit
704 2659 800 2694 vobis
821 2661 855 2694 ἀ
879 2660 984 2705 gloria
1005 2685 1016 2702 ‚
1041 2661 1063 2694 si

119 2715 252 2759 plenum
263 2711 360 2749 robur
370 2711 521 2746 obtineat
542 2709 752 2757 confirmatio
772 2710 791 2743 a
813 2709 1064 2752 vobisimpetra·

118 2774 154 2798 ta
167 2788 175 2796 .
200 2762 256 2798 Ut
266 2772 374 2797 autem
387 2760 525 2795 charitas
537 2759 636 2794 vestra
647 2758 780 2804 aliquod
797 2757 914 2793 habeat
934 2759 1063 2794 tribula-

120 2813 222 2848 tionis
232 2811 344 2846 nostrae
357 2812 529 2850 solatium,
555 2810 732 2849 noveritis,
759 2809 848 2853 quod
861 2808 1062 2844 Christianis-

123 2862 218 2898 simus
229 2863 303 2898 Rex
314 2863 479 2897 fortunam
493 2859 635 2895 nostram
648 2870 775 2904 reputat
790 2862 878 2893 suam
891 2885 898 2892 .

221 2958 961 2996 EPISTOLALVL

148 3061 279 3096 Thomas
313 3060 534 3104 cantuarienfis
557 3060 677 3095 Archi·
692 3059 859 3105 Episcopus
885 3060 1039 3095 mcbardo

434 3112 536 3146 EleHo
560 3109 734 3155 &recusam
749 3137 757 3144 .

244 3209 429 3247 ULTAM
462 3209 556 3245 nobis
581 3211 843 3246 consolationem
878 3209 1061 3246 dilectionis

267 3260 374 3296 vestra:
385 3261 497 3294 litterae
507 3261 682 3295 attulerunt
692 3286 703 3305 ‚
720 3272 789 3305 quae
808 3260 914 3295 vestrae
927 3286 938 3302 ,
963 3272 1060 3304 quam

128 3311 305 3354 plurimum
324 3320 518 3354 exoptamus
533 3334 544 3351 ,
569 3310 677 3344 salutis
696 3310 836 3352 indices,
861 3312 986 3355 eloquii
1010 3321 1061 3345 ve-

127 3360 307 3400 nustatem,
334 3360 411 3394 fidei
446 3358 658 3393 sinceritatem
680 3384 691 3400 ,
716 3362 892 3404 prudentiae
926 3361 1060 3405 gratiam

129 3410 330 3452 referebant,
354 3410 388 3443 &
402 3409 489 3453 quod
502 3409 710 3444 hisomnibus
719 3411 820 3456 majus
843 3411 888 3446 est
903 3435 914 3451 ‚
939 3410 1057 3457 singuli

1881 103 1978 138 211

1124 159 1362 207 apicesfervore
1370 163 1428 197 ssxo
1438 164 1481 198 ad
1492 176 1637 202 amorem
1659 170 1724 205 Dei
1744 170 1781 208 ac
1799 169 1980 210 honestatis
1989 176 2062 211 cul*-

1124 223 1194 248 tum
1207 236 1220 254 ,
1244 224 1317 247 non
1326 211 1431 248 modo
1442 223 1624 259 tepentem,
1652 218 1706 252 sed
1727 222 1759 256 δε
1771 223 1992 269 frigescentem
2005 237 2063 270 po-

1123 272 1228 298 terant
1249 264 1454 299 inflammare
1467 289 1475 297 .
1505 265 1558 300 Ex
1580 266 1646 300 illis
1671 276 1779 305 autem
1801 284 1947 315 patente.-
1967 275 2064 310 inoffi

1122 313 1184 347 tuit
1198 337 1210 355 ,
1235 314 1327 358 quod
1341 325 1401 349 nec
1411 314 1549 351 fortunae
1561 316 1744 358 temeritas,
1770 331 1829 355 nec
1847 324 1999 361 distantia
2013 326 2064 361 ιο.

1121 373 1233 421 corum
1246 388 1258 405 ,
1283 376 1343 400 nec
1352 367 1509 410 temporis
1522 369 1640 402 trastus
1659 367 1828 420 exinanire
1846 378 1953 414 potuit
1964 401 1976 417 ,
2002 378 2066 411 im-

1120 424 1176 448 mo
1195 423 1256 449 nec
1279 415 1465 457 infirmare,
1490 428 1589 460 quam
1601 426 1758 476 necaquae
1767 419 1876 453 multae
1892 427 2063 464 praevalent

1119 462 1346 510 exstinguere,
1367 465 1561 503 charitatem
1586 493 1595 502 .
1623 468 1738 503 Preces
1772 468 1862 504 enim
1883 491 1896 509 ‚
1921 472 1957 504 ὅ(
1991 475 2064 509 illas

1110 514 1306 557 ¹affetstuosas
1315 542 1326 559 ,
1351 516 1540 561 porrexistis
1549 529 1608 562 pro
1622 518 1719 555 nobis
1730 519 1856 557 Amico
1877 518 1983 554 vestro
1996 522 2067 556 Do-

1110 564 1213 603 mino
1226 567 1422 603 Wilhelmo
1433 567 1601 612 Papienss:
1617 568 1651 603 ὅ(
1663 571 1790 605 utinam
1801 581 1871 605 non
1883 570 1919 604 in
1934 570 2068 605 caffum.

1110 614 1181 649 Sed
1197 614 1253 649 ille
1264 638 1275 655 2
1299 616 1322 650 fi
1333 619 1435 662 posset
1445 618 1575 654 licitum
1586 617 1685 654 libito
1697 631 1884 665 coaequare,
1912 620 2068 655 nobises-

1110 665 1166 709 sset
1184 665 1297 701 clavus
1317 668 1353 702 in
1379 668 1504 710 oculo,
1529 670 1562 704 δε
1578 668 1696 714 sagitta
1718 670 1753 704 in
1776 672 1876 706 latere
1895 694 1907 710 ,
1932 671 2072 705 mortifi-

1110 725 1196 768 {cans
1207 716 1355 758 animas,
1377 729 1448 763 quz
1467 730 1536 754 non
1560 720 1769 762 moriuntur,
1792 721 1826 756 ἀ
1848 719 2071 755 vivificansil-

1112 765 1190 808 ias,
1214 777 1287 809 quae
1306 768 1488 812 reiecerunt
1508 769 1760 815 &proiecerunt
1784 771 1887 806 vitam
1914 795 1922 802 .
1950 770 2070 806 Parcas

1112 815 1173 850 'illi
1193 817 1283 851 Deus
1296 818 1331 852 ἀ
1345 818 1565 855 Consortibus
1585 820 1673 863 suis,
1699 831 1741 856 ne
1764 819 1801 855 in
1820 830 1971 856 extremo
1992 832 2072 856 exa·

1121 866 1212 901 mine
1230 867 1339 903 noster
1359 870 1586 906 &coexulum
1611 871 1819 912 nostrorum,
1845 870 1995 906 immo&
2007 870 2071 906 Ec·

1112 916 1227 951 'elesiae
1242 918 1376 964 sanguis
1397 919 1438 954 de
1459 921 1615 956 manibus
1633 932 1751 957 eorum
1778 922 1958 966 requiratur
1979 943 1993 961 ,
2027 919 2072 956 «ὀ

1122 965 1373 1012 qnoddederint
1386 981 1510 1005 cornua
1532 971 1777 1015 peccatoribus,
1803 972 1838 1006 &
1857 972 2073 1015 quantumin

1115 1014 1247 1059 eiust,
1273 1020 1509 1064 profanandam
1527 1021 1683 1067 gentibus
1699 1047 1712 1064 ‚
1747 1023 1783 1057 δε
1805 1020 2072 1058 conculcandam

1122 1068 1340 1112 exposuerunt
1355 1071 1485 1116 legem.
1511 1072 1576 1107 Sed
1589 1072 1668 1118 quid
1681 1073 1740 1108 ista
1765 1071 1986 1113 revolvimus,
2010 1070 2073 1104 nisi

1114 1128 1160 1158 ⁸ut
1181 1119 1328 1154 Eeclefioe
1347 1123 1620 1166 compatiamini,
1646 1122 1789 1157 &nobis
1812 1122 1900 1167 apud
1914 1121 2074 1156 Deum&

1123 1167 1299 1204 Ecclesiam
1311 1170 1522 1212 Romanam,
1549 1174 1571 1206 fi
1583 1172 1667 1208 sorte
1689 1173 1787 1208 suerit
1807 1181 2032 1217 opportunum
2057 1194 2071 1211 2

1123 1217 1286 1260 praebeatis
1297 1224 1486 1257 orationum
1498 1222 1646 1268 suffragia
1657 1224 1675 1255 ἒ
1699 1224 1793 1258 Facit
1813 1232 1932 1257 contra
1955 1232 2012 1256 eos
2026 1230 2078 1254 te·

1120 1267 1315 1303 stimonium
1331 1271 1432 1312 majus
1443 1274 1570 1315 Joanne
1585 1295 1596 1311 ,
1623 1273 1702 1314 quia
1713 1283 1811 1314 opera
1824 1283 1896 1314 qnae
1912 1272 2041 1306 faciunt
2067 1289 2080 1308 ς.

1120 1315 1350 1352 testimonium
1371 1318 1547 1362 perhibent
1568 1320 1611 1352 de
1636 1320 1700 1353 ei's.
1731 1320 1874 1354 Ecclesia
1895 1315 2028 1363 quidem
2041 1318 2078 1351 li-

1120 1365 1289 1400 berabitur
1299 1391 1311 1408 ,
1335 1367 1371 1402 &
1381 1378 1443 1403 nos
1457 1394 1469 1410 ‚
1496 1366 1655 1412 quamdiu
1666 1368 1824 1412 placuerit
1848 1369 1926 1405 Deo
1937 1393 1949 1410 ,
1975 1368 2079 1403 liben-

1120 1426 1169 1450 ter
1182 1416 1275 1451 exilii
1298 1419 1508 1463 naufragium
1528 1418 1716 1462 patiemur,
1742 1419 1872 1463 dispersi
1893 1420 1928 1454 in
1939 1428 2076 1454 omnem

1121 1474 1342 1501 ventumcum
1354 1467 1477 1502 miseris
1486 1467 1606 1502 nostris
1617 1491 1630 1507 ,
1654 1479 1794 1513 quorum
1808 1478 1895 1502 unus
1917 1467 1963 1503 est
1989 1468 2076 1501 lator

1122 1516 1321 1559 presentium
1340 1517 1410 1551 G..
1422 1539 1467 1551 ...
1482 1541 1490 1549 .
1504 1542 1512 1550 .
1528 1518 1648 1552 sotoris
1669 1518 1786 1551 nostrae
1808 1518 1914 1551 Filius
1939 1541 1950 1557 ‚
1976 1527 2076 1559 quem

1125 1565 1181 1599 ubi
1195 1566 1320 1601 auxilio
1334 1566 1439 1602 vestro
1455 1567 1609 1611 eguerit„
1620 1568 1718 1601 tanto
1730 1567 1824 1601 vobis
1836 1567 1977 1602 securius
1988 1579 2079 1602 com-

1127 1615 1320 1650 mendamus
1332 1640 1344 1657 ‚
1370 1616 1498 1659 quanto
1508 1616 1550 1652 de
1563 1618 1665 1652 vestra
1677 1617 1855 1654 dilectione
1869 1617 1973 1663 magis
1990 1629 2079 1652 con-

1123 1665 1257 1700 fidimus
1268 1690 1280 1706 ,
1304 1676 1441 1711 agentes
1451 1667 1664 1711 Deo-gratias
1675 1691 1687 1707 ,
1710 1667 1801 1710 quod
1818 1678 1879 1702 nos
1892 1670 1975 1702 tanti
1986 1669 2080 1708 fecit,

1125 1724 1163 1748 ut
1173 1724 1233 1757 pro
1243 1726 1286 1749 eo
1296 1724 1386 1750 totns
1398 1715 1531 1759 sanguis
1553 1715 1663 1750 noster
1674 1715 1707 1749 dc
1727 1715 1913 1751 nostrorum
1933 1721 2083 1764 exquira-

1126 1774 1180 1798 tur
1189 1764 1230 1797 ad
1241 1773 1374 1807 poenam
1388 1787 1395 1796 .
1499 1776 1502 1781 ·

1301 1911 1714 1950 EPISTOLA
1790 1915 1899 1952 Lvn.

1151 2008 1281 2044 Thomas
1305 2012 1530 2056 Camarienfis
1558 2014 1671 2049 Atcbi-
1685 2014 1855 2061 Episcopus
1891 2020 2054 2054 Bernardo

1426 2064 1580 2107 Portaenfi
1601 2065 1767 2111 Episcopo.

1129 2156 1579 2243 CONSOLATIONIS
1604 2165 1710 2201 vestra:
1737 2166 1834 2203 verba
1861 2169 1979 2204 animo
2000 2180 2081 2214 gau-

1211 2259 1219 2267 ·
1236 2210 1338 2246 dente
1358 2215 1561 2257 recepimus,
1588 2215 1642 2251 sed
1662 2218 1705 2252 ab
1729 2217 1868 2253 adverso
1889 2221 2028 2262 receptis
2043 2220 2079 2253 in

1125 2261 1316 2294 continenti
1338 2260 1478 2303 litteris,
1505 2275 1585 2307 quas
1607 2266 1684 2301 Rex
1706 2268 1888 2312 Angliaein
1914 2269 2078 2304 laefionem

1125 2308 1269 2345 nostram
1282 2332 1293 2350 ,
1314 2309 1350 2343 δε
1370 2310 1571 2356 Apostolicae
1581 2315 1675 2349 Sedis
1684 2319 1914 2354 consutionem
1938 2320 2017 2353 facit
2039 2320 2076 2354 in

1125 2359 1292 2403 utriusque
1304 2360 1416 2406 Regni
1427 2364 1630 2406 compitis&
1653 2367 1875 2402 conventibus
1893 2368 2075 2413 publicari,

1127 2409 1268 2444 versaest
1278 2409 1314 2444 in
1330 2409 1457 2447 lunum
1464 2411 1593 2449 eithara
1607 2415 1716 2449 nostra
1729 2439 1742 2457 ,
1767 2418 1972 2461 &gaudium
1989 2428 2078 2452 tran-

1125 2458 1177 2494 siit
1213 2459 1249 2494 in
1286 2469 1456 2497 maerorem
1499 2487 1507 2495 .
1533 2463 1623 2497 Nam
1661 2463 1919 2500 benefactoribus
1957 2468 2076 2501 nostris

1125 2510 1251 2544 onerofi
1285 2510 1454 2548 reddimur
1488 2513 1524 2547 dc
1559 2512 1682 2546 taediosi
1708 2537 1720 2554 ,
1742 2522 1784 2548 ex
1823 2526 1893 2558 quo
1934 2516 1968 2549 in
2007 2516 2077 2550 des-

1125 2561 1323 2603 perationem
1352 2562 1440 2604 pacis
1459 2560 1576 2595 nostrae
1598 2561 1682 2594 miffi
1705 2563 1779 2598 sunt
1803 2587 1814 2604 ,
1840 2564 1956 2599 audito
1979 2565 2072 2608 quod

1127 2610 1311 2654 persecutor
1337 2610 1486 2645 Ecclefiae
1506 2611 1540 2644 δι
1562 2609 1696 2653 noster,
1722 2613 1780 2656 qui
1800 2624 1862 2649 nos
1887 2614 2003 2658 spoliis
2015 2627 2074 2650 no-

1126 2659 1197 2695 stris
1217 2661 1386 2705 impugnat
1407 2668 1523 2694 contra
1544 2658 1701 2703 justitiam
1721 2662 1810 2705 Dei,
1837 2664 2005 2707 praevaluit
2033 2665 2070 2700 in

1126 2708 1442 2745 comminationibus
1452 2709 1537 2752 suis,
1562 2709 1598 2744 ἀ
1610 2711 1756 2747 vanitate
1770 2737 1781 2754 ,
1800 2713 1973 2749 &malitia
1982 2715 2073 2749 mul-

1125 2769 1175 2795 ta.
1203 2759 1335 2795 Viderit
1346 2759 1458 2800 Deus,
1486 2759 1810 2803 &judicetinterme
1830 2764 2007 2807 &ipsum,
2033 2766 2067 2799 ἃς

1125 2811 1206 2845 alios
1219 2820 1358 2852 quorum
1378 2809 1562 2853 patrocinio
1581 2811 1656 2845 usus
1668 2812 1713 2846 est
1726 2836 1738 2853 ,
1763 2823 1801 2847 ut
1823 2815 1920 2856 possit
1935 2814 2068 2849 licitum

1126 2853 1221 2895 libito
1233 2870 1398 2904 coaequare
1409 2884 1421 2901 ,
1439 2859 1472 2894 ἀ
1485 2859 1521 2896 iu
1537 2860 1712 2896 Ecclesiam
1725 2863 1790 2897 Dei
1801 2863 1939 2907 impune
1949 2863 2069 2899 debac-

1124 2909 1235 2951 chari,
1261 2909 1392 2944 nemine
1415 2910 1626 2946 reclamante.
1665 2913 1699 2947 Si
1721 2912 1786 2947 Dei
1810 2914 1962 2949 voluntas
1983 2914 2027 2948 est
2055 2939 2066 2955 ‚

1126 2972 1161 2995 ut
1174 2961 1208 2994 in
1221 2960 1323 2995 exilio
1334 2971 1392 3004 pro
1414 2959 1559 2995 libertate
1581 2962 1726 2996 Ecclesiae
1746 2964 1926 2998 moriamur
1945 2988 1957 3004 ,
1982 2963 2065 2998 odo·

1125 3020 1209 3044 retur
1229 3009 1421 3045 sacrificium
1434 3034 1446 3051 ,
1479 3012 1557 3055 quia
1578 3011 1782 3048 decrevimus
1810 3013 1899 3048 mori
1919 3013 2029 3057 potitis
2055 3035 2066 3052 ‚

1125 3060 1221 3103 quam
1242 3059 1285 3095 nd
1304 3060 1542 3103 qualecumque
1563 3062 1678 3096 mundi
1715 3063 1853 3107 pretium
1891 3061 2063 3098 distrahere

1124 3110 1274 3144 Ecclesiae
1296 3110 1495 3146 libertatem.
1523 3111 1618 3145 Abfit
1638 3111 1728 3147 enim
1749 3112 1768 3147 ὲ
1781 3114 1898 3155 nobis,
1925 3123 1960 3148 ut
1974 3113 2064 3157 Regi

1125 3161 1226 3205 impio
1246 3160 1425 3196 vendamus
1447 3159 1661 3196 haereditatem
1682 3161 1817 3198 Petrum
1837 3164 2021 3198 nostrorum
2046 3184 2060 3202 ,

1123 3222 1220 3254 quarn
1233 3211 1339 3255 legem
1349 3212 1414 3245 Dei
1433 3211 1494 3244 esse
1505 3210 1659 3254 scriptura
1681 3213 1767 3248 sacra
1788 3214 1885 3248 docet
1906 3212 1941 3245 in
1963 3210 2058 3254 Spiri-

1123 3271 1180 3295 tu,
1216 3259 1343 3296 Verum
1363 3262 1439 3304 quia
1470 3262 1583 3294 sanciae
1604 3262 1847 3298 Cantuarienfis
1872 3259 2022 3294 Ecclesia:
2047 3284 2060 3301 ‚

1122 3321 1192 3354 quae
1230 3322 1318 3349 nunc
1351 3310 1418 3344 ferd
1451 3308 1607 3346 destructa
1646 3312 1692 3347 est
1729 3337 1740 3354 ‚
1788 3313 1807 3346 a
1843 3309 1956 3344 multis
1978 3305 2057 3344 ‘die-

1125 3361 1183 3395 bus
1205 3360 1425 3405 patrocinium
1453 3361 1655 3403 impendistis
1675 3385 1685 3400 ‚
1711 3361 1925 3404 supplicamus
1945 3360 2057 3394 sansti-

1124 3412 1181 3447 tati
1209 3410 1337 3453 vessrae,
1362 3418 1522 3452 quatenus
1547 3413 1578 3446 ei
1605 3422 1715 3453 nunc,
1739 3409 1831 3446 velut
1852 3409 1887 3443 in
1905 3411 2059 3446 extremis

1872 3462 2006 3504 agenti,
