2358 3776
281 148 323 193 s.
394 141 776 213 THQMAE
847 134 1806 186 CANTUARIENSJS.

67 236 195 282 eulpam
213 234 380 270 excusaret
403 257 414 274 ,
439 232 587 277 quamvis
607 242 648 266 ex
668 228 759 265 Cleri
781 228 875 262 causa
895 227 1026 283 causam

66 289 156 322 suam
164 284 351 330 justificaret
361 309 373 325 ,
384 293 494 318 tamen
506 283 523 316 a
536 281 636 326 seipso
646 303 657 318 ,
679 279 844 322 tamquam
855 287 913 322 pro
923 277 1026 320 serpso

68 336 274 373 commisisset
285 344 395 380 poenas
407 334 536 378 exegit,
560 329 683 375 Jejunio
702 329 735 362 δε
757 326 1028 382 asperitate-vesti·

67 392 254 423 mentorum
276 387 308 421 se
328 383 504 430 affligens,
525 381 610 417 &se
620 379 751 413 interim
774 377 814 412 ab
825 377 948 411 Altarrs
957 376 1027 410 offi-

64 435 119 472 eIo
128 434 322 481 suspendens
332 460 340 467 .

264 486 302 519 H
328 485 357 519 E
383 485 416 519 R
439 483 457 516 1
481 481 508 514 Β
535 479 564 514 Ε
590 481 622 515 R
649 478 686 512 T
714 478 752 513 U
780 478 819 512 S.

117 535 265 571 POST
291 545 409 580 paucos
427 529 502 565 ver&
523 529 590 564 dies
614 555 624 571 ‚
661 530 701 563 eo
723 529 814 572 quod
841 539 883 563 ex
918 526 1027 561 Gestis

66 586 277 621 cauteriatam
297 591 415 631 gereret
438 580 693 619 conscientiam,
721 588 794 612 cum
820 578 921 613 multa
943 577 1027 612 festi-

67 637 205 671 natione
223 636 264 671 ad
296 635 485 668 Romanum
516 631 619 664 mittit
641 630 840 664 Pontificem
862 654 872 668 ‚
913 628 1028 673 utpote

69 686 162 729 cujus
182 685 226 720 est
244 686 352 718 finare
370 683 532 715 contritos
553 679 671 720 corde,
698 680 731 713 δε
754 678 887 723 alligare
906 679 1027 713 contri-

67 735 175 770 tiones
202 743 333 769 eorutn.
371 731 475 776 Igitur
508 732 588 766 ficut
618 730 732 764 absens
755 740 811 773 per
833 728 949 773 scripta
973 740 1027 773 po—

66 794 171 826 terat,
204 783 322 816 vulnus
354 780 501 827 detegit,
539 780 738 815 medicinam
761 781 876 823 quaerit
899 803 910 819 ,
952 789 1027 814 toto

66 834 198 869 interim
221 842 366 877 tempore
381 831 412 866 se
432 832 586 876 affligens
607 855 617 871 ,
645 830 752 865 donec
780 831 906 864 reverso
927 829 1028 863 Nun-

67 883 142 925 cio,
175 881 194 916 a
214 883 343 916 summo
365 881 549 922 Pontifice,
583 880 640 925 qui
663 890 792 924 propter
820 878 956 914 schisma
975 879 1028 914 Se·

65 943 155 969 none
178 931 386 972 morabatur,
411 932 503 976 super
524 931 594 972 his,
620 931 738 974 quibus
763 929 796 964 se
822 929 990 965 accusabat
1017 953 1027 969 ,

65 992 121 1028 per
132 981 321 1026 Apostolica
333 982 457 1026 Scripta
470 980 688 1016 absolutionis
699 980 838 1027 gratiam
849 980 1012 1015 obtineret
1022 1004 1029 1011 .

65 1031 176 1077 Aquo
188 1043 295 1075 praeter
306 1032 525 1067 absolutionis
555 1030 752 1066 beneficium
765 1056 775 1071 ,
801 1031 941 1066 multam
952 1041 1030 1064 con·

66 1081 263 1118 solationem
275 1079 416 1126 accepit.
443 1082 646 1130 Qietiam,
673 1091 709 1116 ut
722 1081 917 1115 Pastoralem
938 1081 1032 1115 sarci·

66 1143 144 1167 nam
155 1134 281 1167 fortiter
291 1134 323 1167 &
336 1132 481 1166 alacriter
494 1131 680 1173 sustineret,
707 1133 741 1166 ὅ(
755 1132 882 1165 strenue
902 1130 942 1164 ad
957 1142 1032 1174 ope-

66 1193 101 1217 ra
112 1181 287 1216 Pastoralia
299 1184 330 1218 se
341 1182 546 1227 accingeret,
573 1193 708 1225 paterno
730 1179 961 1215 exhortabatur
982 1182 1032 1214 af-

67 1231 173 1267 festu.
203 1231 309 1266 Unde
328 1232 362 1265 ὅ(
384 1232 451 1275 ipse
474 1230 705 1274 Apostolicum
729 1231 928 1265 Mandatum
954 1240 1033 1264 tam-

67 1280 166 1323 quam
178 1279 319 1316 hostiam
340 1280 471 1315 coelitus
482 1280 538 1315 fibi
552 1282 677 1316 missam
692 1307 702 1322 ‚
730 1281 763 1314 in
776 1282 869 1314 omni
884 1280 1035 1323 jucundi-

65 1340 132 1367 tate
143 1331 302 1376 suscepit,
329 1331 473 1376 ficutqui
485 1333 517 1366 ὃς
529 1331 640 1376 spiritu
658 1330 908 1366 ferventiffimus
920 1339 987 1365 erat
1000 1356 1008 1363 .

230 1431 262 1467 C
312 1432 345 1467 A
397 1432 425 1466 P
477 1431 517 1465 U
570 1431 607 1466 T
707 1431 866 1466 xxul.
1002 1434 1012 1452 ⁴

272 1534 320 1567 De
345 1538 444 1578 prima
468 1534 559 1565 Beati
585 1531 704 1566 Tbomae
722 1531 819 1576 fuga.

325 1631 809 1683 ALANus3

109 1727 496 1764 NNOTUITinterim
511 1727 543 1759 id
557 1723 764 1768 ipsunsslegi
777 1749 787 1763 ,
813 1724 902 1768 quod
918 1723 1038 1770 Archi-

130 1777 310 1821 Episcopus
331 1775 373 1810 ab
396 1775 452 1809 illa
475 1774 653 1822 supradista
666 1774 954 1817 compromissione
975 1775 1038 1809 vel-

130 1827 176 1862 let
187 1823 323 1861 resilire:
351 1825 386 1859 in
399 1836 439 1859 eo
451 1823 607 1869 praecipue
617 1823 696 1857 dum
710 1823 817 1866 palam
832 1824 970 1865 restitit,
995 1836 1037 1858 ne

62 1875 228 1921 Scriptum
242 1876 370 1910 illarum
384 1875 693 1913 consuetudinum,
718 1874 798 1907 ficut
810 1874 944 1917 quidem
964 1875 1038 1908 fue·-

63 1936 115 1961 rat
129 1951 140 1969 ,
159 1925 227 1961 fiio
237 1925 344 1971 figillo
355 1924 598 1960 corroboraret.
627 1925 758 1958 Exinde
784 1925 859 1959 Rex
876 1926 1036 1967 asperatus

65 1976 274 2022 gravioribus
296 1976 330 2011 &
351 1977 513 2020 exquisitis
534 1974 633 2018 coepit
646 1974 966 2018 Archi-Episcopum
987 1986 1037 2009 ve-

66 2036 142 2063 xare
152 2026 380 2063 exastionibus
393 2051 404 2066 ,
431 2027 475 2060 ita
490 2036 526 2060 ut
538 2025 643 2069 palam
655 2027 743 2059 fieret
757 2024 1036 2069 intelligentibus,

66 2073 260 2123 sanguinem
267 2075 336 2120 ejus
348 2076 381 2110 δε
392 2076 492 2110 vitam
506 2076 623 2119 requiri
639 2085 656 2108 .’

288 2127 326 2160 Η
351 2126 379 2159 E
402 2126 434 2160 R
455 2127 470 2159 l
492 2127 518 2159 Β
544 2127 570 2159 Ε
594 2126 623 2159 R
650 2124 687 2157 T
713 2124 751 2159 U
776 2125 819 2159 S.

117 2175 307 2212 VERUM
330 2175 426 2220 quia,
452 2186 487 2210 ut
500 2175 847 2214 diximus,Dominus
868 2172 954 2217 Papa
965 2185 1036 2218 pro-

69 2225 110 2270 pe
129 2237 221 2267 erat,
247 2227 364 2261 videns
386 2227 419 2260 δε
440 2227 541 2259 sciens
563 2226 611 2258 vir
633 2226 698 2258 Dei
720 2248 732 2264 ,
769 2225 845 2269 quia
867 2223 1036 2259 Confeffio

69 2287 124 2320 per
135 2276 281 2317 Scripta,
308 2285 368 2309 nec
381 2274 565 2315 fierisolet*‚
593 2286 654 2308 nec
674 2272 791 2313 debet,
817 2272 1035 2309 vidensetiam

70 2324 126 2369 qui
140 2334 269 2369 propter
284 2334 341 2364 ea,
368 2335 440 2367 quae
460 2325 551 2367 supra
572 2324 737 2364 diximus,
765 2323 800 2357 in
825 2323 956 2367 Populo
979 2325 1036 2358 suo

70 2375 125 2408 vix
145 2375 283 2410 frutetum
306 2374 423 2407 faceret
445 2398 456 2413 ,
494 2375 528 2409 in
550 2372 679 2417 propria
704 2373 838 2416 persona
859 2375 1033 2409 Summum

69 2422 268 2464 Pontificem
290 2423 377 2457 adire
400 2423 577 2468 disposuit.
607 2423 716 2457 Unde
738 2423 1037 2470 &suisignoranti-

73 2474 164 2514 bus,
187 2474 396 2516 praeterquam
409 2474 538 2508 duobus
549 2474 711 2512 tribusve,
737 2473 933 2518 quossecum
945 2472 1040 2509 duce·

70 2523 148 2562 bat,
174 2526 271 2557 ποθι]
295 2523 380 2558 clam
406 2526 609 2558 transfretare
630 2524 825 2558 attentavit.
850 2525 924 2559 Nec
947 2526 1036 2559 enim

68 2572 212 2618 fipaia‘rn
226 2574 344 2614 vellet,
370 2586 489 2618 pateret
511 2574 665 2618 egressus.
692 2575 782 2608 Inter
804 2585 926 2617 ceteras
947 2576 1038 2620 quip-

72 2632 113 2665 pe
134 2622 401 2664 Consuetudines
421 2624 542 2669 Regias
567 2625 629 2658 fuit
652 2624 686 2658 &1
702 2622 769 2658 haec
783 2637 794 2657 .·
820 2624 925 2672 Qdd
940 2636 1038 2660 nemo

69 2671 274 2708 Pontificum
288 2674 338 2708 vel
351 2674 528 2711 Procerum
542 2674 653 2718 Regni
673 2673 794 2718 absque
827 2676 960 2709 licentia
975 2676 1035 2710 Re*

70 2721 143 2768 gis,
172 2724 220 2757 vel
235 2723 400 2767 Iustitiarii
423 2725 511 2767 ejus,
538 2734 655 2758 terram
678 2724 902 2769 egrederetur.
931 2724 1039 2760 Unde

72 2772 350 2808 &Archi-Praesul
372 2775 457 2808 clam
474 2775 584 2819 egredi
612 2774 787 2808 attentavit
801 2798 808 2805 .
835 2774 891 2809 Bis
903 2774 1037 2818 quidem

72 2831 160 2857 mare
178 2824 358 2869 ingressus,
384 2825 438 2858 sed
454 2824 610 2870 ingressus
634 2824 846 2868 &repulsus,
881 2835 1038 2867 tanquam

74 2871 153 2908 Deo
162 2883 215 2917 per
228 2874 281 2909 sua
298 2875 462 2909 elementa
477 2876 532 2918 ipfi
547 2876 580 2908 in
594 2875 679 2909 facto
690 2872 754 2909 hoc
766 2874 930 2909 refistenre
939 2900 946 2908 .

380 2924 412 2958 A
439 2925 469 2959 L
498 2924 527 2959 A
556 2924 592 2957 N
621 2924 661 2959 U
689 2925 727 2958 S.

119 2970 351 3022 DENIQUE
378 2986 543 3018 comperta
563 2973 709 3008 discessio
730 2975 904 3010 familiares
925 2976 1038 3019 eius&

74 3021 216 3056 famulos
238 3024 378 3069 singulos
399 3025 561 3069 dispersit.
603 3026 729 3067 Ceteris
752 3036 861 3060 tamen
884 3036 967 3059 unus
988 3039 1037 3060 au·

72 3070 210 3113 dacior,
243 3074 377 3108 veniens
397 3075 612 3110 cantuariam
633 3100 643 3114 ,
681 3076 714 3110 in
739 3075 915 3110 Cameram
937 3077 1036 3119 ipsam

71 3121 343 3166 Archi-Episcopi
379 3127 472 3159 noste
496 3127 526 3159 se
550 3124 689 3168 recepit.
727 3126 771 3160 Et
803 3126 872 3169 post
909 3137 1036 3160 coenam

73 3170 236 3206 sollicitus
258 3174 358 3216 coepit
384 3175 566 3211 contristari
590 3176 630 3209 de
652 3176 726 3210 casu
749 3177 782 3210 δε
805 3177 954 3221 angustia
969 3178 1035 3211 Do·

73 3222 156 3257 mini
177 3221 244 3255 sui.
271 3223 416 3257 Plurima
449 3225 558 3268 itaque
595 3235 683 3269 parte
707 3227 811 3260 nostis
841 3229 999 3261 transasta
1028 3252 1037 3266 ‚

72 3271 199 3307 volenti
222 3273 403 3314 quiescere,
429 3276 509 3306 vade
527 3298 537 3315 ,
562 3275 691 3319 inquit,
724 3278 817 3309 Puero
840 3302 850 3317 ‚
880 3279 914 3311 <5
940 3278 1043 3310 claude

73 3322 196 3356 dlterlus
228 3321 329 3362 ostium
350 3325 431 3357 Aulae
453 3350 463 3365 ,
500 3333 531 3355 ut
560 3324 688 3367 securim
724 3327 905 3360 dormiamus
929 3350 936 3358 .
976 3327 1037 3360 Ve-

70 3372 164 3407 niens
200 3381 311 3407 autem
346 3372 422 3407 illuc
457 3385 536 3415 puer
567 3376 703 3409 accenso
731 3377 855 3410 lumine
880 3401 891 3417 ,
931 3387 1042 3419 aperto

74 3421 181 3460 ostio,
207 3421 291 3455 vidit
317 3421 633 3466 Archi-Episcopum
657 3426 690 3458 in
713 3427 839 3470 angulo
853 3426 982 3469 sedere,
1011 3427 1041 3460 ὅ(

72 3470 373 3518 ibium.Qoviso
385 3474 510 3507 territus
521 3474 649 3517 aufugit
665 3499 675 3516 ‚
703 3485 819 3519 putans
845 3479 875 3512 se
888 3475 1041 3512 Phantas-

172 3521 278 3561 christ.
295 3526 372 3565 Lupi
385 3527 483 3565 Opera
496 3528 573 3557 Tom.
589 3527 629 3556 X.

1084 233 1138 258 ma
1158 221 1271 257 vidisse
1291 247 1298 254 .
1334 222 1388 256 Eo
1411 221 1583 268 suggesto,
1622 222 1770 257 Clericus
1787 224 1844 260 ille
1863 224 2049 264 nullatenus

1087 272 1191 308 voluit
1210 272 1310 307 fidem
1330 270 1507 314 adhibere,
1532 273 1639 308 donec
1660 273 1696 307 in
1717 274 1773 306 sua
1791 278 1925 316 persona
1938 285 2048 313 verum

1085 322 1233 367 probaret
1255 348 1262 356 .
1290 323 1334 357 Et
1346 323 1570 358 veniensficut
1579 322 1705 358 dictum
1720 322 1768 356 est
1787 322 1915 360 invenit
1927 352 1935 359 .
1960 326 2052 362 Con·

1086 371 1207 408 vocatis
1229 373 1330 419 igitur
1354 372 1549 417 quibusdam
1567 372 1735 409 Fratribus
1746 372 1895 408 Ecclefiae
1911 375 2051 412 cautua-

1084 423 1212 462 rieufis,
1237 424 1391 467 exposuit
1410 424 1458 458 eis
1481 422 1799 468 Archi-Episcopus,
1825 423 1907 467 quid
1925 425 1983 458 fibi
2001 422 2051 461 'ac-

1084 472 1223 513 ciderit,
1247 474 1283 508 &
1304 473 1380 516 quia
1402 473 1550 508 nondum
1571 474 1667 508 fuerit
1681 474 1835 509 voluntas
1846 474 1934 514 Dei,
1960 484 1998 508 ut
2007 485 2053 509 re-

1084 522 1210 558 cederet
1219 547 1227 555 .
1259 523 1439 559 Recreatus
1450 523 1551 569 igitur
1563 521 1703 558 breviori
1712 535 1807 559 coena
1819 523 1944 569 quievit
1958 548 1966 556 .
1983 524 2056 559 Ma-

1085 573 1126 607 ne
1137 583 1247 607 autem
1259 574 1343 607 facto
1363 575 1524 608 irruerunt
1540 573 1772 608 Minister-iales
1795 575 1901 621 Regis
1911 596 1922 613 ,
1948 582 1985 607 ut
1997 574 2056 607 Ar-

1086 622 1318 668 chi-Episcopo
1332 623 1850 668 fugienteconfiscarentomnia.
1877 624 1940 659 Sed
1966 623 2056 658 audi-

1086 674 1118 709 ta
1128 674 1160 708 &
1173 674 1239 707 visa
1249 674 1318 718 ejus
1326 674 1490 719 praesentia
1502 674 1627 709 confufi
1638 674 1794 710 siluerunt
1807 699 1815 707 .

1306 772 1346 806 H
1367 773 1397 808 E
1419 773 1452 809 R
1470 773 1486 807 1
1507 773 1535 808 B
1557 775 1588 810 Ε
1614 775 1646 809 R
1672 774 1710 808 T
1733 774 1774 811 U
1797 774 1837 809 S.

1139 823 1323 860 1G1TUR
1349 823 1542 869 intelligens
1565 824 1802 860 Archi-Praesul
1826 824 1902 858 Deo
1923 823 2060 859 minime

1088 874 1212 918 placere
1224 873 1316 918 quod
1338 876 1534 917 attentavit,
1560 875 1696 911 audiens
1717 876 1819 913 etiam
1839 875 2008 909 certiffime
2026 874 2061 907 &

1089 926 1190 960 sciens
1217 924 1347 969 Regem
1367 935 1409 958 ex
1427 924 1493 959 hoc
1516 925 1744 960 exacerbatum
1758 950 1770 967 ,
1796 924 2064 969 propterea'moe-

1088 975 1176 1016 stus,
1202 976 1280 1018 quia
1301 973 1384 1009 adeo
1407 975 1537 1021 Regem
1560 976 1720 1020 diligebat
1748 1000 1760 1017 ,
1796 973 1883 1019 apud
1918 976 2063 1019 Regiam

1089 1026 1311 1064 manfionem,
1337 1036 1408 1069 quae
1417 1025 1539 1059 dicitur
1550 1025 1718 1064 vvdestoc
1739 1026 1947 1061 acceleratim
1962 1026 2067 1061 acces·

1090 1076 1127 1110 sit
1141 1101 1148 1108 .
1176 1076 1251 1110 Rex
1262 1075 1340 1109 vero
1352 1075 1498 1112 venienti
1521 1075 1562 1110 ad
1585 1078 1617 1111 se
1629 1075 1882 1111 Archi-praesuli
1902 1075 2029 1110 honore
2052 1096 2064 1114 ,

1093 1137 1159 1160 non
1180 1136 1291 1160 tamen
1314 1135 1413 1169 quem
1436 1126 1563 1161 solebat
1586 1150 1598 1166 ,
1633 1126 1787 1161 exhibito
1811 1149 1823 1166 ‚
1845 1125 2066 1160 diffimulabat

1092 1176 1221 1209 audita.
1248 1174 1351 1222 Qod
1373 1183 1483 1210 tamen
1507 1176 1573 1210 Arc
1601 1176 1766 1217 ⁰-Praesul‚
1791 1177 1826 1209 δε
1850 1178 1907 1219 qui
1928 1186 2004 1208 curn
2023 1185 2066 1208 eo

1092 1236 1182 1260 erant
1194 1249 1205 1265 ,
1233 1224 1370 1259 minime
1382 1224 1570 1260 arbitraban
1608 1237 1623 1258 r
1633 1250 1640 1257 .
1652 1225 1896 1265 Diffimulavit,
1911 1224 2044 1267 inquam
2056 1247 2067 1264 ,

1094 1277 1151 1311 nifi
1162 1275 1238 1317 quia
1250 1276 1339 1309 velut
1359 1274 1501 1317 jocando
1522 1276 1754 1319 improperavit
1776 1273 2027 1308 Archi-Praesuli
2055 1298 2066 1314 ‚

1094 1327 1193 1370 quare
1203 1336 1322 1359 terram
1335 1326 1426 1360 suam
1433 1326 1576 1360 deserere
1588 1325 1756 1365 voluisset,
1768 1324 1934 1369 tamquam
1945 1325 1966 1357 fi
1980 1324 2068 1368 ipsos

1096 1379 1177 1411 duos
1197 1375 1288 1410 simul
1309 1386 1423 1420 capere
1444 1387 1528 1410 terra
1554 1387 1623 1410 non
1644 1375 1815 1419 potuisset.
1849 1373 1978 1408 Verum
2002 1374 2068 1418 jam

1096 1423 1308 1471 deprehendit
1321 1425 1561 1460 Archi-Praesul
1573 1452 1584 1467 ,
1607 1427 1664 1471 qui
1677 1425 1807 1470 Regem
1816 1435 1858 1459 ex
1870 1425 1978 1458 multo
1990 1434 2073 1458 tern-

1098 1489 1175 1522 pore
1184 1475 1405 1511 familiaritate
1415 1486 1549 1512 noverat
1561 1502 1572 1518 ‚
1598 1488 1655 1511 cor
1666 1476 1769 1521 Regis
1779 1477 1973 1520 elongatum
1985 1475 2002 1507 a
2016 1475 2047 1508 se
2061 1499 2069 1506 .

1098 1526 1141 1562 Et
1152 1528 1206 1570 qui
1219 1527 1261 1561 de
1275 1527 1363 1561 Aula
1373 1536 1467 1561 erant
1479 1525 1512 1561 id
1524 1527 1629 1570 ipsum
1639 1527 1704 1569 jam
1717 1524 1938 1570 praedicabant
1956 1549 1963 1555 .
1993 1523 2070 1558 Un-

1098 1577 1391 1619 de&quantocius
1400 1576 1616 1609 licentiatus&
1640 1576 1735 1618 Rege
1756 1574 1947 1614 discedens,
1975 1573 2009 1607 ὃς
2024 1573 2073 1606 in-

1099 1628 1250 1670 telligens
1263 1624 1304 1658 ab
1315 1625 1385 1668 ipso
1396 1648 1408 1665 ,
1433 1625 1487 1658 cui
1500 1625 1591 1658 venti
1607 1624 1641 1658 ἀ
1652 1623 1923 1657 Mare-obediunt
1935 1645 1946 1660 ‚
1969 1623 2072 1666 egres-

1099 1677 1168 1709 sum
1178 1673 1296 1715 ejusde
1307 1683 1388 1706 terra
1400 1671 1597 1709 inhibitum,
1628 1671 1798 1714 cogitabat
1829 1672 1894 1714 jam
1919 1671 2005 1705 intra
2017 1672 2070 1712 se,

1095 1723 1131 1755 &
1145 1721 1267 1755 secreto
1280 1721 1381 1754 etiam
1394 1719 1458 1754 suis
1465 1719 1614 1763 expreffit
1625 1744 1636 1762 ,
1660 1720 1877 1764 deincepsaut
1889 1721 2072 1755 cedendum

1096 1773 1253 1816 turpiter,
1280 1780 1336 1805 aut
1346 1769 1541 1805 certandum
1553 1770 1693 1804 vitiliter
1708 1795 1716 1803 .

1263 1869 1646 1905 CAPUT
1748 1870 1902 1907 XXIV.

1145 1972 1193 2005 De
1218 1972 1293 2006 Zela
1319 1970 1572 2015 Archi-Praesulls
1592 1979 1651 2014 pro
1677 1971 1828 2016 dignitate
1855 1970 1992 2012 Ecclaefiae
2017 1995 2024 2004 .

1318 2072 1364 2101 W
1389 2071 1406 2105 1
1432 2071 1463 2106 L
1487 2071 1526 2105 H
1552 2071 1581 2105 E
1607 2071 1638 2106 L
1662 2070 1705 2115 M
1733 2070 1774 2105 U
1801 2071 1824 2106 S
1841 2096 1850 2104 .

1143 2168 1348 2206 NTEREA
1361 2170 1564 2208 elaboratum
1580 2170 1622 2206 ab
1633 2171 1798 2216 Episcopo
1809 2169 1999 2206 Ebroicenfi
2014 2196 2023 2212 ‚
2040 2180 2076 2206 ut

1168 2221 1243 2255 Rex
1255 2221 1288 2255 δε
1301 2219 1606 2266 Archi-Episcopus
1617 2222 1652 2256 in
1667 2223 1809 2268 gratiam
1825 2232 2056 2257 revocarentur
2066 2248 2073 2253 .

1164 2270 1241 2304 Rex
1253 2281 1363 2306 autem
1377 2272 1417 2306 ad
1430 2272 1570 2317 gratiam
1592 2273 1660 2307 fine
1684 2274 1815 2307 suarum
1833 2272 1944 2317 legum
1958 2274 2077 2308 confix-

1099 2321 1249 2355 matione
1260 2322 1415 2365 compelli
1430 2335 1500 2356 non
1510 2332 1635 2367 poterat
1649 2347 1660 2363 ‚
1677 2334 1746 2358 non
1765 2325 1938 2358 attendens
1951 2324 2079 2368 legisla-

1098 2378 1204 2404 torem
1215 2370 1383 2406 dicentem
1401 2385 1408 2405 :
1436 2378 1490 2407 Vae
1501 2379 1554 2416 qui
1564 2374 1693 2407 condunt
1704 2375 1780 2418 leges
1793 2378 1913 2415 iniquas
1925 2397 1937 2413 ,
1962 2375 1997 2406 &¹
2004 2371 2079 2416 scr!-

1098 2417 1386 2467 benmscrlgserunt
1405 2423 1582 2464 injustitiam
1597 2448 1608 2463 ,
1635 2433 1669 2456 ut
1694 2430 1866 2465 opprimant
1883 2429 2078 2464 pauperesve

1091 2472 1122 2513 J
1126 2471 1220 2504 udicio
1229 2472 1262 2504 <9
1275 2478 1340 2505 vlm
1347 2473 1470 2515 faciant
1481 2473 1643 2507 humeltbus
1658 2474 1763 2515 Populi
1777 2476 1835 2505 Dei
1848 2499 1856 2506 .
1880 2472 1988 2507 Unde
2000 2472 2077 2509 curn

1100 2521 1280 2565 Episcopus
1292 2523 1331 2556 ad
1345 2534 1458 2567 pacem
1469 2524 1622 2564 instaret,
1649 2525 1682 2557 δε
1697 2522 1999 2566 Archi-Episcopus
2014 2523 2079 2557 Ec·

1098 2571 1200 2605 elefiae
1213 2573 1392 2615 profectum
1407 2574 1619 2614 desideraret,
1647 2574 1703 2617 qui
1723 2573 1790 2607 fine
1811 2583 1890 2616 pace
1905 2573 2078 2616 provenire

1099 2631 1167 2655 non
1181 2631 1308 2665 poterat
1325 2647 1336 2663 ‚
1362 2624 1466 2658 mittit
1477 2626 1517 2657 ad
1534 2625 1729 2657 Romanum
1747 2622 1948 2656 Pontificem
1961 2646 1973 2662 ,
1999 2632 2080 2656 tam-

1099 2672 1196 2713 quam
1218 2682 1336 2716 rogans
1358 2673 1622 2707 Consuetudines
1644 2673 1717 2706 illas
1739 2672 1928 2706 confirmari
1960 2697 1967 2704 .
1995 2672 2078 2720 Qae

1099 2730 1164 2756 tam
1173 2722 1278 2756 subita
1288 2723 1347 2756 viri
1360 2724 1501 2757 mutatio
1514 2746 1523 2762 ,
1551 2734 1619 2766 quae
1631 2733 1723 2756 tanta
1743 2721 1936 2756 Constantis
1962 2722 2080 2756 incon-

1101 2771 1216 2807 stantia
1227 2797 1238 2814 ‚
1252 2782 1287 2805 ut
1298 2770 1399 2807 modo
1411 2783 1542 2818 rogaret
1552 2773 1699 2808 enormia
1710 2772 1896 2807 confirmari
1907 2795 1919 2813 ,
1943 2772 1984 2806 ad
1999 2782 2080 2816 quo·

1100 2833 1172 2857 rum
1186 2823 1379 2857 consensum
1391 2823 1480 2867 prius
1492 2825 1559 2858 non
1571 2823 1680 2867 potuit
1702 2822 1879 2858 inclinari?
1907 2820 2079 2857 Nimirum

1100 2872 1229 2915 majoris
1242 2873 1379 2908 arbitrio
1390 2874 1522 2917 reliquit
1536 2898 1548 2915 ,
1573 2874 1607 2908 ὃς
1630 2884 1686 2917 per
1695 2874 1727 2907 se
1751 2884 1820 2907 non
1843 2872 2038 2916 praesumpfit
2065 2895 2079 2913 ,

1099 2932 1135 2956 ut
1146 2924 1264 2957 animae
1274 2923 1405 2967 culpam
1418 2925 1604 2959 transferret
1618 2948 1630 2963 ‚
1655 2924 1687 2957 &
1699 2922 1855 2957 Domino
1882 2923 1940 2957 suo
1959 2921 2082 2957 satisfa-

1099 2984 1186 3007 ceret
1198 2998 1208 3013 ‚
1234 2974 1287 3007 sed
1302 2973 1394 3009 Beati
1422 2973 1516 3018 Papae
1542 2974 1677 3018 Religio
1686 2972 1915 3007 circumveniri
1937 2983 2006 3007 non
2024 2983 2078 3015 po·

1081 3024 1163 3058 ·tuit
1174 3047 1185 3063 ,
1215 3024 1269 3066 qui
1282 3024 1383 3069 Regis
1395 3023 1430 3058 δε
1443 3023 1704 3059 Archi-praesulis
1716 3032 1881 3058 certamen
1905 3034 1949 3057 ex
1961 3021 2078 3055 ordine

1100 3074 1272 3118 cognovit.
1294 3072 1528 3108 Archi-Praesul
1555 3075 1667 3119 itaque
1678 3074 1782 3109 fultus
1804 3073 1999 3117 Apostolica
2023 3083 2079 3106 au-

1099 3124 1299 3170 thoritate&
1322 3124 1577 3166 exhortatione,
1602 3126 1682 3159 ficut
1694 3135 1760 3158 erat
1773 3124 1887 3167 spiritu
1912 3122 2040 3157 fervens
2064 3145 2076 3162 ‚

1099 3185 1180 3208 mox
1192 3174 1329 3209 exeuffit
1341 3175 1396 3216 se,
1422 3186 1500 3210 cum
1523 3172 1723 3220 Prophetico
1746 3173 1873 3208 sarculo
1895 3172 2038 3208 evellens
2066 3194 2078 3210 ‚

1101 3223 1440 3268 destruens,diffipans‚
1450 3225 1659 3259 &eradicans
1673 3224 1834 3268 quidquid
1845 3225 1878 3257 in
1894 3221 1991 3255 horto
2005 3221 2076 3254 Do-

1101 3275 1183 3308 mini
1196 3276 1281 3310 male
1293 3275 1476 3319 plantatum
1489 3276 1659 3319 reperisset.
1669 3275 1751 3308 Non
1764 3271 1949 3317 quiescebat
1961 3281 2077 3304 manus

1101 3324 1167 3367 ejus
1177 3349 1189 3365 ,
1216 3336 1284 3359 non
1298 3324 1448 3367 parcebat
1461 3326 1595 3359 oculus.
1617 3324 1791 3372 Qidquid
1804 3330 1937 3364 pravum
1951 3344 1963 3361 ,
1984 3319 2078 3364 quid-

1102 3375 1180 3418 quid
1192 3376 1340 3419 asperum
1354 3399 1365 3414 ‚
1377 3375 1537 3418 quidquid
1550 3375 1738 3411 distortum,
1753 3382 1819 3404 non
1831 3371 1897 3414 jam
1910 3381 1985 3416 eum
2000 3370 2077 3403 Pro·
2129 3413 2131 3416 ι

1102 3424 1235 3469 phetico
1250 3424 1387 3463 sarculo,
1397 3425 1450 3459 sed
1467 3426 1500 3458 in
1512 3424 1709 3468 Evangelica
1725 3421 1828 3455 securi
1840 3420 2076 3463 dejiciensRe·

1100 3476 1170 3522 gias
1205 3474 1338 3518 quidem
1374 3474 1407 3508 <Sc
1440 3474 1678 3508 Ecclesiasticus
1710 3470 1982 3507 consuetudines
2016 3468 2078 3503 bo-

1672 3521 1699 3554 B
1746 3534 1771 3560 2
1972 3530 2029 3554 nas
