2358 3776
535 136 575 183 S.
628 129 924 180 THOMAE
965 124 1374 178 CANTUAR.
1423 128 1556 180 LIB.
1605 134 1662 183 V..

1905 152 2020 204 ³69¹

145 224 338 262 „aihum
350 250 360 265 ‚
389 220 638 269 quamcaelitus
657 224 715 263 ”per
727 215 865 262 gratiani
891 216 1038 259 proveeta
1050 215 1083 249 ἀ
1142 213 1207 251 Dei
1220 213 1344 251 nonest
1356 213 1550 259 alligatum,
1572 216 1606 258 δε,
1618 218 1709 259 vobis
1729 222 1859 266 libertas
1876 226 1922 261 est
1934 251 1946 270 ‚
1972 228 2006 265 ec
2023 240 2064 266 οι

144 278 280 323 perfetta
294 275 471 311 liberalitas
490 271 612 315 aperuit
623 270 663 305 ad
684 267 860 304 videndum
881 265 1079 302 calamitates

143 327 296 362 Eccleliae
306 325 503 370 Anglicanae
515 345 526 363 ‚
553 322 585 357 ὅ(
595 322 628 354 in
640 317 888 355 subventionem
901 325 1077 358 pauperum

145 375 427 420 Christiportassis
440 384 496 416 pro
514 383 556 406 ea
581 370 709 414 pondus
721 367 786 403 diei
806 366 839 400 &
859 364 967 405 aestus,
993 365 1026 401 ὅ(
1039 366 1078 403 tie

144 427 315 461 Athleram
334 437 391 470 pro
413 424 502 467 Lege
529 421 593 457 Dei
613 417 761 457 adversus
783 415 901 459 impios
923 414 1066 449 dimicari

143 487 233 518 tem,
258 478 338 512 dum
358 474 450 511 licuit
473 496 485 513 ,
521 469 706 506 custodistis
728 475 884 509 tanquam
920 466 1077 509 pupillam

142 529 231 562 oculi
258 527 371 561 vestri.
397 522 512 559 Fidem
538 521 673 557 vestram
694 514 954 561 &diligentiam
976 540 988 557 ‚
1014 527 1077 561 qua

144 577 240 612 nobis
253 587 361 620 pacem
374 572 565 618 procurastis
581 593 592 610 ‚
612 577 791 606 remuneret
804 567 895 602 Deus
907 589 918 606 ‚
943 576 1006 610 qua
1030 567 1078 599 ni·

141 625 190 660 hil
202 639 241 661 ex
251 623 518 670 contingentibus
530 623 551 655 a
560 619 653 659 vobis
664 618 815 654 omissum
825 616 870 652 est
881 640 893 656 ‚
921 626 956 649 ut
979 615 1078 654 infor·

143 679 234 711 iunia
251 678 356 713 nostra
367 674 461 711 vobis
487 670 622 707 debeant
647 668 797 713 imputari
812 691 819 699 .
845 667 962 702 Forma
985 666 1073 709 fiqui·

141 727 215 759 dem
227 728 313 771 pacis
326 724 512 761 solemniter
533 723 622 757 initae
642 718 764 756 cunetis
785 718 849 752 visa
862 716 905 753 est
931 715 1020 750 utilis
1041 717 1074 754 &
1111 740 1113 744 ⁴

141 775 297 819 honesta,
322 776 443 811 cumin
458 774 516 807 illo
528 770 742 806 celeberrimo
765 767 944 803 Conventu
969 777 1072 801 tanto-

139 836 210 859 rum
227 826 358 870 Regum
378 822 513 859 maximi
527 818 790 862 &sapientissimi
812 817 976 859 Principes
996 828 1070 851 con-

141 877 297 910 venissent
310 900 318 908 .
346 875 533 911 Reformata
546 880 623 914 ergo
635 880 713 913 pace
726 869 841 912 Regna
857 868 964 911 gavisa
978 867 1051 902 sunt
1063 890 1070 898 .

139 925 201 959 Sed
215 922 485 969 quidamembris
497 919 634 955 Diaboli
653 930 731 954 tunc
751 928 918 963 ageretur,
946 916 990 950 rei
1010 917 1073 949 exi·

138 982 189 1008 tus
202 975 356 1008 indicavit
369 999 378 1014 ‚
393 973 534 1006 litamen
548 969 588 1003 ad
602 970 694 1003 suum
709 970 811 1006 finem
823 967 999 1011 pervenisse
1009 977 1072 1000 cre-

137 1022 323 1059 dendisunt
337 1047 348 1062 ,
372 1021 473 1066 quiin
486 1020 719 1057 contumeliam
729 1018 796 1053 Dei
817 1017 874 1052 fibi
898 1016 1074 1054 vindiciam

139 1075 334 1110 reservantes
363 1082 491 1106 tautum
520 1072 647 1105 facinus
683 1068 915 1107 commiserunt
934 1090 941 1099 .
982 1066 1072 1105 Absit¹

136 1125 226 1157 enirn
239 1146 249 1164 ,
274 1134 309 1157 ut
326 1121 681 1166 hanc‘gloriamsuam,
706 1119 800 1153 alteri
809 1119 902 1153 cedat
922 1117 1092 1180 terribilis,¹

135 1174 212 1214 ille,
239 1173 294 1217 qui
335 1174 438 1207 aufert
475 1170 628 1214 Spiritum
652 1170 840 1214 Principum
857 1192 869 1210 ,
894 1168 996 1203 &eos
1017 1167 1092 1225 quiP

136 1223 322 1259 inauditum
336 1222 499 1267 flagitium
523 1220 708 1265 perpetrasse
734 1220 933 1256 noscuntur,
958 1226 1034 1249 nota
1062 1228 1090 1255 ,ε

134 1273 168 1307 ἀ
195 1285 261 1308 non
284 1272 397 1316 potius
422 1272 616 1306 miraculosa
639 1270 790 1311 percellat
809 1269 955 1301 ultione.
982 1258 1090 1302 Nam'

137 1323 274 1358 Sanetus
284 1322 461 1359 Pontifex,
490 1320 569 1353 ficut
584 1318 681 1351 nobis
690 1317 762 1349 aliis
773 1316 888 1348 litteris
905 1314 969 1348 fida
989 1313 1071 1347 rela-
1086 1303 1090 1371 ξ

133 1373 226 1404 tione
237 1371 456 1414 significatum
467 1367 512 1401 est
527 1391 538 1407 ,
564 1366 605 1401 de
616 1366 767 1399 aerumnis
779 1365 873 1407 hujus
886 1363 987 1397 saeculi
1001 1364 1070 1409 glo·
1086 1374 1089 1394 i

133 1421 221 1454 tioso
235 1419 398 1459 Martyrio
414 1419 565 1459 migravit
578 1415 619 1448 ad
642 1415 828 1448 Dominum
842 1437 852 1452 ,
878 1423 914 1446 ut
935 1413 1000 1455 jam
1022 1420 1088 1446 len·-v

135 1471 296 1503 deat-cum
312 1466 513 1512 principibus
522 1464 687 1507 &judicet
698 1474 753 1497 eos
765 1487 775 1503 ,
802 1465 856 1507 qui
871 1464 900 1496 se
912 1463 1071 1506 angustia-

89 1528 93 1532 '
132 1530 249 1553 verunt
262 1542 272 1558 ,
297 1520 330 1553 &
343 1518 559 1552 haereditatem
577 1512 696 1548 Christi
709 1515 815 1548 delere
826 1511 936 1547 conati
961 1512 1034 1546 sunt
1061 1536 1068 1543 .
1085 1526 1089 1544 ι

131 1569 220 1602 etim
230 1571 317 1602 enim
332 1567 498 1606 Christus,
529 1567 603 1601 velit
616 1565 701 1598 nolit
715 1566 918 1609 persecutor,
930 1563 967 1597 fit
982 1563 1071 1598 Deus

131 1620 226 1662 super
237 1618 348 1651 omnia
361 1618 548 1651 benedictus
560 1629 591 1648 in
604 1616 713 1649 saecula
726 1639 738 1656 ,
765 1623 995 1648 momentanea
1019 1625 1072 1656 po-

131 1670 257 1703 testatis
270 1669 361 1703 elatae
372 1693 382 1708 ,
408 1668 483 1700 ficut
498 1668 572 1709 saepe'
586 1665 717 1699 audiens
728 1664 878 1699 doluistis
890 1689 900 1705 ‚
928 1664 1070 1707 praesurn·

130 1719 203 1762 ptio
213 1720 304 1754 suum
334 1718 492 1751 honorem
507 1719 538 1750 ἃ
559 1715 727 1750 abusiones
753 1725 894 1749 veterum
917 1724 1072 1756 tyranno-

130 1780 201 1802 rum
214 1770 374 1812 pei-petuis
387 1767 530 1812 Legibus
541 1767 573 1802 ἀ
588 1765 706 1798 honori
721 1764 786 1799 Dei
803 1763 1010 1801 machinatus
1024 1763 1069 1797 est

132 1819 287 1854 anteferre
302 1842 309 1851 .
339 1817 380 1850 Et
395 1827 435 1850 ue
458 1815 529 1859 quis
555 1815 692 1857 obloqui
710 1816 827 1847 audeat
838 1824 893 1847 aut
914 1812 1029 1846 mutire
1053 1836 1063 1852 ‚

129 1868 185 1902 alii
203 1867 348 1903 nostrum
361 1865 445 1909 capti
460 1866 531 1899 sunt
553 1864 585 1898 &
607 1865 714 1898 rettuli
739 1863 772 1896 in
794 1873 952 1896 carcerem
979 1887 988 1901 ‚
1014 1862 1068 1896 alii

129 1919 321 1961 proscripti,
347 1917 402 1951 alii
413 1916 626 1950 condemnati
650 1914 775 1952 exilio,
800 1913 857 1945 alii
876 1910 994 1955 quibus
1008 1923 1068 1946 me-

132 1968 196 2002 lius
209 1969 336 2003 Divina
350 1965 490 2011 providit
507 1964 694 1998 Clementia
707 1987 718 2003 ,
746 1962 801 1995 libi
818 1963 892 2005 fuga
905 1962 1069 1994 consulue·

129 2028 205 2051 runt
220 2042 229 2056 ‚
239 2030 301 2051 --ne
315 2026 499 2060 paterentur
510 2025 565 2047 aut
580 2013 723 2047 viderent
738 2011 897 2045 miseriam
910 2012 1071 2055 Fratrum,

128 2066 417 2102 conculcationem
430 2065 640 2103 Sanstorum,
666 2063 699 2097 ὅ(
711 2062 799 2105 quod
814 2073 889 2105 pace
911 2061 1005 2103 ipsius
1019 2061 1063 2094 di·

128 2119 214 2151 ctum
239 2115 300 2156 fit,
328 2113 698 2162 ignominiam-Christi
722 2137 729 2144 .
759 2113 877 2148 Sedent
898 2111 915 2147 ἐ
937 2112 1071 2155 regione

131 2165 336 2211 blasphemi,
364 2168 419 2209 qui
436 2164 492 2198 sub
504 2164 640 2197 nomine
651 2164 684 2197 ὅ(
695 2160 822 2196 honore
834 2162 1031 2195 Sacerdotali
1060 2186 1070 2203 ,

129 2216 352 2251 Sacerdotium
368 2213 622 2258 persequuntur}
652 2211 850 2257 principibus
871 2212 1036 2246 adulantes
1060 2234 1070 2250 ‚

129 2267 371 2309 persecutorum
396 2264 540 2298 Eccleliae
561 2262 774 2306 justificantes
797 2264 948 2301 causam,
976 2262 1065 2295 exul·

130 2317 281 2351 tantesin
295 2315 387 2349 rebus
411 2314 572 2358 pessimis,
600 2313 722 2347 scilicet
744 2312 831 2357 quod
858 2311 1067 2355 potestatibus

131 2365 327 2400 adstiterunt
339 2364 490 2399 adversus
500 2364 684 2397 Dominum
697 2363 730 2397 &
742 2362 894 2397 adversus
903 2360 1068 2395 Christum

133 2416 203 2459 ejus
216 2440 227 2455 ,
252 2415 341 2457 cujus
354 2414 482 2458 sanguis
495 2426 548 2456 per
559 2423 615 2447 eos
628 2413 746 2446 effusus
758 2412 900 2446 militum
922 2410 1066 2444 ministe-

133 2515 206 2559 guis
222 2513 308 2547 Abel
321 2512 416 2553 iusti,
442 2523 538 2555 quem
552 2513 761 2555 Frateriplius
784 2511 967 2545 interemit.
998 2511 1067 2543 Ho-

131 2575 202 2598 rum
214 2571 311 2606 caput
321 2562 363 2594 est
379 2563 433 2593 ille
452 2561 659 2595 Eboracensis
672 2585 683 2601 ‚
707 2573 805 2603 quem
819 2560 943 2594 vidistis
954 2561 987 2594 &
998 2572 1057 2593 au-

128 2615 219 2648 distis
232 2612 337 2656 palam
350 2611 382 2643 in
397 2610 497 2643 Curia
521 2609 623 2642 Archi
637 2627 648 2635 ·
663 2611 858 2652 Episcopum
883 2611 1065 2652 persequen·
1081 2630 1084 2668 Ι

128 2674 195 2698 tem
208 2688 218 2702 ‚
244 2662 278 2695 &
299 2662 355 2704 qui
371 2660 525 2703 indignus
537 2660 639 2692 fuerat
663 2659 911 2702 oiesactilego,
935 2670 1000 2702 quo
1015 2670 1065 2693 ne·
1080 2669 1084 2710 g

130 2716 200 2746 cem
216 2711 372 2753 Martyris
395 2710 598 2752 procuravit,
627 2709 719 2751 ipsius
745 2708 882 2751 proferre
905 2719 1024 2741 nomen
1054 2711 1084 2760 :j

129 2774 203 2797 euin
220 2761 313 2804 plane
326 2759 538 2793 mendosus&
552 2759 690 2792 mendax
704 2759 768 2801 jam
793 2758 948 2794 inauditis
972 2768 1084 2795 coru-l

128 2815 272 2847 scantetn
289 2810 450 2843 miraculis
463 2809 568 2842 adhuc
583 2833 593 2848 ,
618 2809 695 2842 sicut
707 2820 747 2841 ex
759 2808 873 2842 litteris
885 2810 952 2851 ejus
968 2820 1064 2850 patet,
1078 2800 1083 2847 i

130 2861 279 2896 nominat
293 2858 511 2894 Pharaonem.
543 2860 603 2893 Sed
620 2871 686 2892 non
701 2869 889 2898 movemur,
921 2860 940 2891 si
964 2859 1060 2902 flagi·-

130 2913 212 2946 tiosa
223 2912 327 2944 bellua
346 2910 526 2951 Martyrem
542 2919 606 2942 non
622 2909 760 2942 honorat
774 2933 784 2949 ‚
811 2919 880 2951 quae
894 2909 972 2943 sicut
988 2920 1061 2950 ope-

130 2974 164 2996 ra
189 2960 357 2995 manifesta
370 2959 594 2998 convincunt,
622 2960 731 2993 Deum
751 2959 863 3001 utique
892 2970 957 2992 non
981 2970 1061 2993 vere·

132 3022 201 3045 tur.
229 3010 480 3043 Diciturtamen
495 3009 582 3050 quod
607 3020 692 3052 parat
717 3009 756 3043 ad
782 3009 916 3042 Curiam
936 3010 1060 3051 profici-

130 3061 174 3096 sci
191 3084 200 3101 ,
227 3070 261 3094 ut
274 3068 388 3103 purget
401 3059 472 3092 vitae
486 3055 616 3092 sordidae
627 3071 737 3093 notam
752 3084 760 3098 ,
790 3059 876 3101 quasi
891 3057 993 3092 horno
1007 3059 1062 3100 qui

129 3111 285 3155 justitiam
298 3109 407 3143 fecerit
420 3132 430 3148 ,
455 3110 487 3142 δε
502 3120 567 3142 non
582 3109 750 3153 deliquerit
762 3108 918 3152 judicium
933 3109 993 3142 Dei
1006 3109 1059 3142 sui.

131 3162 174 3194 Et
188 3172 227 3194 ne
238 3160 333 3204 ipsius
343 3159 491 3203 purgatio
506 3159 608 3192 valeat
638 3160 783 3203 impediri
798 3184 807 3199 ,
836 3159 1015 3201 procuravit
1027 3169 1061 3192 ur

131 3211 214 3244 nulli
238 3210 417 3245 nostratum
438 3210 534 3243 liceat
556 3209 759 3244 transfretare
780 3234 788 3249 ,
826 3209 882 3242 nifi
921 3209 1061 3243 Domini

131 3260 237 3305 Regis
252 3260 419 3303 impetrata
448 3254 592 3293 licentii».
622 3260 723 3302 Quod
751 3260 879 3304 quidem
918 3258 1059 3293 obtineri

128 3322 197 3344 nori
211 3310 313 3354 potest
327 3333 338 3349 ‚
365 3310 421 3344 nisi
435 3310 593 3353 praestetur
606 3311 716 3342 cautio
729 3333 740 3349 ‚
779 3308 866 3354 quod
891 3308 972 3342 nihil
987 3320 1061 3352 que·

131 3371 217 3395 retur
229 3369 342 3394 contra
368 3359 525 3403 Martyris
550 3359 777 3401 persecutores.
807 3359 896 3406 Qid
918 3370 998 3403 ergo
1019 3360 1062 3392 fa-

130 3412 218 3445 cient
234 3410 339 3444 miseri
352 3409 492 3443 zelantes
502 3410 623 3452 Legem
635 3433 644 3448 ,
676 3409 820 3445 videntes
840 3409 993 3454 justitiam
1008 3420 1063 3451 op-

131 2467 182 2499 rio
192 2466 233 2498 de
244 2475 324 2498 terra
336 2464 453 2497 clamat
466 2464 504 2496 ad
531 2463 714 2495 Dominum
725 2487 736 2503 ‚
764 2462 865 2506 magis
881 2472 978 2504 quain
1001 2461 1068 2493 san-

132 3461 256 3504 primi,
283 3459 385 3494 &sibi
396 3460 522 3494 exitum
535 3459 711 3504 denegari?
735 3458 797 3495 Sed
817 3461 903 3496 certe
927 3459 1060 3495 verbum

1141 275 1251 309 patens
1261 265 1301 298 ad
1313 263 1490 300 Ecclesiam
1513 265 1721 311 Romanam,
1747 275 1780 308 ἀ
1805 278 1968 312 notiffima
1987 279 2068 314 veri.

1140 326 1187 352 tas
1206 338 1214 349 .
1242 313 1393 356 Novistis
1403 316 1493 350 enim
1506 316 1688 361 Martytem
1699 318 1735 353 in
1747 325 1810 358 vita
1825 327 1876 361 sua
1890 352 1901 368 ,
1926 328 2066 367 novistis

1137 365 1263 403 causam
1282 365 1370 408 ejus,
1398 366 1535 401 novistis
1555 367 1589 410 ὅς
1612 368 1710 411 istum
1729 363 2065 421 Caipham'tenipb‘is

1138 414 1234 448 nostri
1246 439 1257 457 ,
1283 418 1339 459 qui
1353 415 1411 456 sub
1423 419 1440 451 s
1438 417 1526 460 pecie
1536 419 1764 462 conquerentis
1776 423 1920 463 persuasit
1930 429 2063 472 expedi.

1137 477 1169 501 re
1180 489 1201 522 ’-.
1218 476 1254 501 ut
1265 476 1349 505 unus
1361 477 1538 509 moreretur
1548 478 1781 513 autcaperetur
1793 494 1805 511 ‚
1832 481 1873 505 ne
1892 481 1959 506 tota
1983 488 2067 520 gens

1138 526 1269 558 periret.
1299 517 1404 557 Eratis
1415 517 1448 553 in
1459 517 1583 561 Anglia
1595 529 1669 553 cum
1693 530 1807 563 patruo
1827 520 1934 556 vestro
1953 523 2069 561 Domi-

1139 577 1182 599 no
1191 565 1421 607 Vintonieufi,
1447 569 1580 610 quando
1590 567 1680 611 idem
1694 581 1781 612 nunc
1791 568 1936 615 Caiphas
1949 563 2068 613 ,Utunc

1139 613 1419 651 Archi-Diabolus
1429 617 1613 654 Walterum
1629 619 1724 654 illum
1735 644 1746 660 ,
1763 617 1869 664 cujus*
1884 622 2071 658 adolescem

1135 668 1175 699 tis
1186 666 1363 703 admodum
1377 668 1511 711 venusta
1520 668 1601 709 facie
1614 669 1763 704 inductus
1777 671 1903 712 nefario
1913 673 2071 708 concubi-

1136 725 1169 771 tu
1185 716 1280 749 nimis
1290 719 1498 759 consueverat
1520 719 1690 765 delectari,¹
1713 719 1878 766 hispidum
1900 722 1933 758 &
1957 712 2073 766 proca-⁴

1134 765 1338 821 ciorilingua
1349 778 1559 804 evomentem
1586 769 1726 812 probra,
1753 782 1821 815 quas
1846 772 1878 805 in
1900 783 2072 811 contum&

1134 815 1209 849 liam
1235 827 1353 851 naturae
1375 820 1532 860 perpessus
1551 820 1680 861 fuerat,
1706 823 1811 855 oculis
1834 821 2032 858 orbarifecit
2058 848 2068 859 .

1134 866 1176 901 Et
1190 865 1398 909 postmodum
1410 870 1511 904 scelus
1523 870 1810 914 arguentemidem
1825 871 1927 906 Archi
1941 873 2071 910 Diaboq

1123 916 1183 961 ‘lus
1194 915 1376 959 judicibus,
1402 922 1456 961 qui
1468 919 1625 953 saecuiaiia
1639 921 1770 966 negotia
1786 923 1982 957 exercebant
1998 936 2074 962 cor«

1132 968 1232 1009 ruptis
1244 990 1255 1006 ,
1281 967 1390 1011 adegit
1404 968 1575 1010 suspendio
1583 993 1595 1010 ,μ
1619 970 1671 1005 Sic
1685 972 1734 1005 vir
1747 971 1803 1017 ille
1816 983 1882 1007 non
1894 974 2004 1012 minus
2017 974 2069 1009 be·

1137 1018 1257 1060 nigrius
1268 1017 1365 1059 quam
1381 1018 1534 1060 pudicus,
1560 1019 1705 1054 columbi
1721 1022 1768 1055 sui
1789 1025 1969 1066 acceptavit
1991 1024 2069 1059 affe·

1133 1066 1219 1100 &um
1231 1090 1239 1099 .
1266 1067 1319 1101 Sic
1332 1069 1444 1110 vetetis
1457 1067 1579 1104 Amasii
1591 1071 1649 1105 diu
1660 1070 1845 1107 exhibitum
1869 1073 2067 1117 obsequium

1132 1118 1370 1158 remuneravit,
1398 1128 1434 1152 ut
1457 1119 1562 1168 primo
1585 1120 1727 1165 stuprum
1753 1123 1883 1165 inferret
1908 1124 2026 1158 misero
2053 1115 2070 1166 ‚-

1131 1166 1250 1203 deinde
1263 1167 1420 1203 miseriori
1432 1192 1443 1209 ‚
1471 1170 1549 1212 quia
1562 1168 1602 1204 de
1611 1174 1768 1207 consensu
1781 1184 1848 1208 tam
1861 1174 1995 1208 sordidae
2009 1174 2071 1209 im·

1132 1216 1298 1251 munditiae
1325 1217 1524 1260 poenitebat,
1562 1221 1806 1264 capulationem
1833 1225 1865 1259 δε
1891 1225 2070 1265 oculorum,

1131 1265 1328 1305 avullionem
1342 1269 1490 1310 infigeret
1501 1292 1511 1309 ‚
1539 1269 1574 1306 ὅ(
1586 1271 1723 1310 tandem,
1735 1274 1950 1308 miserrimum
1965 1300 1976 1315 ‚
1987 1274 2067 1318 quia

1130 1314 1295 1352 clamore,
1322 1325 1358 1355 ult
1373 1326 1497 1358 poterat
1518 1316 1586 1348 suas
1606 1320 1841 1359 protestabatur
1862 1323 2028 1366 angustias
2053 1347 2066 1365 ,

1130 1363 1314 1407 suspensum
1329 1365 1362 1397 in
1375 1363 1521 1410 patibulo
1530 1365 1607 1400 fecit
1629 1362 1795 1411 jugulari.¹
1815 1369 1896 1405 Haec
1915 1383 1984 1405 non
2006 1373 2069 1407 fin-

1130 1414 1239 1456 gimus
1254 1437 1265 1454 ‚
1292 1413 1392 1446 sedin
1417 1414 1764 1458 vestrampstuduirnus
1777 1429 1929 1455 revocare
1946 1408 2079 1459 mettio·v

1130 1464 1229 1505 riam,
1257 1462 1276 1495 si
1291 1472 1399 1495 tamen
1411 1461 1559 1497 excidere
1581 1475 1777 1509 potuerunt,
1805 1480 1874 1511 quae
1896 1469 1984 1504 velut
2007 1483 2070 1506 un-

1129 1511 1439 1556 gueadamantino,
1465 1513 1785 1560 multis&magnis,
1812 1518 1846 1552 ἀ
1875 1518 1979 1561 plenis
2001 1521 2068 1557 fide

1133 1562 1206 1595 viris
1223 1561 1330 1604 saepius
1352 1562 1564 1598 referentibus
1586 1564 1617 1597 in
1645 1568 1772 1608 pectore
1794 1562 2067 1614 nostro-profun—

1131 1612 1202 1647 dius
1212 1610 1410 1647 resederunt.
1440 1613 1528 1647 Nam
1539 1614 1681 1658 usquein
1705 1613 1901 1662 hodiernum
1919 1620 2009 1655 diem
2028 1622 2065 1658 in

1130 1663 1341 1706 opprobrium
1365 1662 1509 1709 Ecclesiae
1528 1685 1539 1703 2
1577 1664 1694 1708 deique
1717 1660 1945 1713 contemptum
1967 1671 2068 1708 tristis

1132 1712 1197 1747 haec
1210 1712 1341 1748 historia
1349 1715 1543 1750 cantitatur.
1573 1715 1643 1757 Sed*
1660 1716 1792 1754 fortaffe
1802 1729 1922 1761 quaeret
1933 1722 2069 1764 aliquis,

1131 1761 1301 1806 quomodo
1313 1772 1440 1795 tantum
1464 1763 1648 1807 flagitium,
1675 1765 1708 1798 δε
1733 1776 1799 1799 tam
1824 1770 2032 1805 manifestum
2058 1793 2070 1812 ,

1133 1812 1265 1855 impune
1278 1813 1464 1853 pertulerit,
1492 1814 1662 1855 piaesertim
1678 1815 1783 1850 Bsato
1811 1819 1962 1863 Eugenio
1987 1831 2069 1856 tunc

1133 1863 1294 1895 summum
1306 1862 1555 1901 administrante
1566 1863 1822 1901 Pontificatum?
1854 1869 1893 1902 Et
1918 1869 2067 1913 quidem,

1134 1923 1167 1944 ut
1182 1910 1405 1946 indubitanter
1426 1912 1585 1947 credimus
1609 1937 1619 1954 ,
1649 1914 1865 1956 nullomodo
1889 1920 2032 1955 evasiffet
2057 1916 2080 1963 ,‘

1136 1959 1257 2002 nisi-per
1270 1961 1362 1996 Beati
1386 1961 1747 2005 Thomaeinrdustriam‚
1779 1971 1836 2010 qui
1862 1980 1916 2012 per
1937 1968 2084 2005 venera?

1134 2010 1212 2044 biles
1225 2011 1306 2045 viros
1320 2011 1485 2046 Hilarium
1501 2013 1734 2053 cicestrensem
1747 2018 1778 2051 ὃ(
1798 2015 1963 2063 'joannem
1989 2020 2074 2055 Vin—

1132 2061 1314 2096 toniensem
1330 2061 1506 2106 Episcopos
1516 2065 1623 2108 effecit
1636 2091 1647 2105 ,
1674 2078 1707 2100 ut
1723 2068 1790 2110 ejus
1809 2060 1828 2102 a
1842 2069 1936 2104 bonae
1949 2081 2072 2108 memo·

1133 2112 1183 2145 riae
1203 2110 1407 2153 Theobaldo
1425 2114 1646 2150 Cantuarienfi
1671 2116 1797 2152 Archi·
1811 2119 1975 2163 Episcopo
1999 2107 2073 2165 pur·

1131 2162 1221 2205 gatio
1234 2164 1449 2205 reciperetur.
1481 2165 1613 2201 Deinde
1626 2167 1768 2202 sentiens
1796 2170 1973 2204 Ecclesiam
1999 2171 2067 2205 Ro-

1135 2223 1261 2267 ·nanam
1276 2212 1479 2258 indignatam
1492 2216 1554 2253 effe
1565 2217 1654 2260 super
1665 2217 1875 2259 exhibitione
1900 2210 2071 2265 purgatio-

1135 2272 1181 2293 nis
1193 2261 1280 2316 1136}ae
1291 2262 1394 2298 clam,
1420 2265 1578 2310 utpotein
1602 2267 1759 2311 Capitulo
1783 2269 2033 2307 Monachorum
2056 2293 2070 2311 ,

1134 2322 1198 2343 non
1213 2321 1247 2342 in
1258 2311 1399 2345 ‘solemni
1412 2311 1590 2347 Conventu
1603 2316 1744 2356 ptaestitae
1757 2319 1852 2354 statui
1879 2319 1939 2352 suo
1957 2312 2081 2354 consu?

1133 2360 1357 2395 lens'Romam
1370 2361 1528 2403 profectus
1539 2363 1583 2398 est
1597 2364 1637 2400 ad
1652 2365 2004 2406 illumsamoliffimum
2018 2381 2072 2404 ne-

1130 2410 1325 2451 gotiatorem
1338 2432 1348 2448 ,
1374 2421 1469 2453 quem
1483 2413 1604 2453 semper
1614 2413 1694 2445 odio
1707 2413 1822 2447 habuit
1834 2418 1941 2450 anima
1954 2418 2069 2461 vestra,

1131 2459 1325 2504 Gregoriurn
1339 2461 1443 2494 Sancti
1461 2461 1581 2504 Angeli
1593 2460 1820 2496 Cardinalern.
1851 2464 1892 2500 Et
1907 2467 2069 2507 perillum

1131 2512 1162 2541 in
1185 2509 1398 2543 multitudine
1410 2510 1634 2552 sparsorumin
1650 2510 1752 2546 Curia
1773 2505 1959 2551 munerum>
1975 2511 2079 2552 obti-v

1130 2559 1200 2592 nuit
1212 2584 1222 2599 ,
1250 2571 1284 2592 ut
1295 2559 1487 2601 justificatus
1500 2559 1613 2599 rediret
1627 2560 1660 2594 in
1671 2561 1807 2597 domum
1822 2565 1929 2601 suam:
1949 2553 2063 2602 ‘incer-

1129 2621 1221 2649 tum,
1248 2619 1309 2652 qua
1335 2608 1397 2642 Dei
1421 2606 1659 2651 dispensatione
1680 2612 1854 2648 reservatus
1876 2616 1917 2650 ad
1942 2617 2067 2661 majora

1128 2658 1249 2703 flagitia
1265 2656 1471 2701 perpetranda
1485 2659 1560 2700 sicut
1574 2660 1852 2702 praesenstestatur
1871 2666 1941 2700 dies
1956 2691 1967 2706 ,
1993 2679 2060 2710 qua

1130 2709 1283 2752 sanguine
1297 2707 1332 2745 ln
1340 2708 1487 2742 nocentis
1498 2719 1689 2752 purpuratur
1711 2711 1847 2749 Ecclesia
1861 2738 1872 2754 ,
1899 2717 1954 2760 qui
1968 2718 2076 2752 sceler

1129 2768 1231 2792 ratum
1246 2757 1338 2791 istum
1354 2781 1364 2798 ,
1391 2757 1528 2801 eoquod
1542 2760 1748 2796 Concurialis
1762 2763 1829 2805 ejus
1840 2775 1907 2799 erat
1918 2789 1928 2804 ,
1956 2767 2065 2801 frater-

1130 2821 1169 2841 na
1193 2806 1347 2841 charitate
1361 2809 1586 2851 compatiens,
1611 2812 1643 2845 &
1669 2813 1794 2857 frugem
1816 2816 1889 2850 vitae
1909 2803 2059 2853 melioris

1128 2859 1317 2902 expet‘tans‚
1345 2857 1462 2892 debitae
1472 2859 1626 2896 subtraxit
1648 2861 1793 2897 ultioni.
2062 2856 2069 2864 ’

1279 2957 1687 2999 EPISTOLA
1786 2950 1965 3006 xcii.

1229 3056 1413 3093 Alexander
1433 3058 1519 3105 Papa
1543 3059 1701 3104 Capitulo
1726 3060 1961 3099 cantuariensi.

1132 3159 1301 3193 Alexander
1315 3157 1477 3201 Episcopus
1492 3183 1501 3198 ,
1529 3162 1639 3194 Servus
1649 3163 1807 3196 servorum
1821 3167 1875 3195 Dei·
1888 3189 1897 3202 ‚
1911 3193 1916 3198 ,
1932 3165 2059 3209 ΒὶΙεᾶὶῑ

1181 3210 1271 3243 Filiis
1287 3212 1383 3242 Priori
1404 3212 1437 3243 (7
1456 3210 1607 3245 monachis
1632 3211 1853 3254 cantuariensis
1882 3214 2015 3256 Ecclefiae

1250 3257 1395 3305 salutem,
1423 3260 1456 3292 (a
1471 3260 1656 3307 Apiistolicaem
1668 3263 1897 3305 benedifflonem
1913 3288 1920 3297 .
1998 3256 2016 3260 ¹*

1109 3517 1117 3546 l

1229 3359 1527 3399 AUDENDUM
1555 3361 1601 3395 est
1612 3360 1806 3401 universitati
1829 3363 1990 3400 Fideliuin
2014 3362 2057 3402 de

1251 3409 1409 3442 mirabilis
1432 3411 1518 3447 illius
1531 3412 1636 3449 Sancti
1649 3412 1683 3445 ἀ
1697 3412 1951 3453 Reverendiviri
1964 3416 2059 3450 Tho-

1131 3459 1300 3494 maeArchi
1313 3477 1323 3485 ·
1335 3459 1466 3505 Episopi
1480 3460 1592 3497 vestri.
1618 3461 1680 3499 sed
1696 3473 1751 3498 vos
1772 3462 1890 3499 exinde
1908 3464 2060 3509 ampliori

1922 3524 2006 3554 ntita
2038 3531 2043 3537 .
