2358 3776
665 111 935 164 RERUM
970 109 1065 162 ET
1099 108 1553 163 VERBORUM.

215 201 370 249 Episcopi
389 211 498 241 autem
512 200 553 240 ad
571 202 803 239 evocationem
815 199 909 247 Papae
927 195 1036 232 venire
1047 207 1100 232 te<

216 264 336 288 nentur
349 278 361 295 ‚
385 266 428 288 ex
448 252 575 289 ordinis
596 252 860 290 suineeeffitate‚
885 258 957 281 non
968 246 1098 282 obstan-

213 302 300 339 tibus
320 298 581 353 quibuscumque
599 302 756 351 pratentis
786 295 1097 338 consuetudinibus.

214 363 236 387 2
266 361 282 386 ι.
293 362 314 390 1.

165 364 474 441 Εκειῗηὶιιιηάοωητ
485 429 497 445 ,
525 414 584 449 pro
595 401 767 441 ordinibus
778 401 812 436 ὃ(
823 395 986 438 beneficiis
996 423 1007 438 ,
1018 399 1101 437 sum-

212 464 302 489 mam
323 465 433 492 curam
457 452 636 492 adhibebat
661 453 709 487 D.
728 450 903 490 Thomas.-
927 447 1101 487 observans

211 504 470 556 Ecclefiassicam
484 504 726 543 institutionem
736 527 749 546 ,
761 498 969 539 examinabat
981 510 1038 544 per
1049 501 1100 544 se,

214 553 273 588 vix
283 555 417 591 credens
428 556 510 590 aliis.
1024 560 1054 597 9-
1066 562 1097 589 2·

163 603 320 641 Excessus
329 605 452 651 semper
461 603 598 641 cavendi
611 605 695 641 sunt,
983 608 1062 646 223.
1080 611 1094 638 1

168 653 328 691 Excoecat
340 656 431 690 Deus
450 655 583 701 Reges,
608 655 688 688 dum
708 661 764 686 eos
790 648 861 684 vult
881 650 1015 695 punire:
1042 650 1099 694 qui

212 706 307 741 novit
331 706 456 740 auferre
480 705 627 752 spiritum
648 699 840 746 Principum
860 724 872 745 ‚
897 701 931 736 δε
950 698 1101 739 terribilis

211 753 258 787 est
273 753 359 800 apud
371 756 481 800 Reges
493 765 593 790 terrae.
992 760 1069 787 100·
1083 762 1096 788 1

165 801 482 843 Excommunicatio
494 803 614 849 dicitur
626 800 810 848 precifionis
825 800 1100 848 Elogiumagzz.

210 854 339 889 Securis
353 854 559 898 Evangelica.
579 860 653 897 133.
672 862 697 887 ι.
724 851 864 886 Gladius
876 851 1013 894 Spiritus
1024 851 1101 884 San·

211 903 255 939 sti
272 926 282 935 .
307 913 425 953 147.1.
452 901 595 941 Gladius
605 901 693 936 Petri
709 925 720 942 ,
746 912 861 937 contra
874 902 1099 944 persequentes

209 952 277 995 ejus
289 953 483 990 naviculam.
514 954 592 991 206·
610 962 638 988 1.
673 950 739 987 Via
751 952 858 995 Regia
871 962 941 994 quae
954 951 1045 985 ducit
1058 949 1098 984 ad

210 1003 323 1037 vitam.
336 1004 409 1039 ibid.
440 1002 546 1040 Variae
556 1002 646 1037 illius
657 1001 784 1046 species.
802 1010 817 1041 ι
824 1011 877 1049 37.
894 1011 908 1037 1
921 1026 928 1034 .
953 1002 1083 1036 Excom

209 1054 474 1090 municationem
497 1052 618 1088 debent
643 1051 983 1101 praecederelegitirnae
994 1050 1099 1086 moni-

186 1128 193 1135 .
211 1102 328 1140 tiones.
350 1113 423 1151 130.
442 1114 470 1143 ι,
500 1102 572 1140 Nifi
584 1101 738 1140 delictum
749 1101 917 1137 notorium
928 1103 974 1138 sit.
1000 1111 1099 1151 1374

208 1151 263 1187 Sic
271 1153 315 1188 D·
334 1152 458 1191 Paulus
469 1153 774 1190 excommunicavit
785 1150 915 1196 publice
927 1152 1098 1187 fornican-

209 1212 277 1238 tem
288 1214 365 1240 cum
388 1204 444 1239 sua
467 1215 633 1238 noverca:
660 1203 870 1242 inauditum,
895 1201 1061 1237 absentem
1088 1223 1097 1238 ‚

208 1262 279 1287 non
293 1253 444 1292 citatum.
473 1264 548 1301 137.
560 1265 591 1290 2.
622 1252 936 1287 Excommunicatio
949 1261 1017 1283 non
1031 1258 1098 1283 tam

209 1302 308 1339 facile
327 1303 372 1339 est
398 1302 605 1337 adhibenda:
633 1301 778 1335 maxime
803 1301 943 1342 respectu
955 1299 1097 1342 Regum.

162 1388 165 1390 ¹
209 1348 288 1399 852..
317 1352 412 1402 Qin
437 1349 543 1387 immo
562 1348 665 1387 tutius
688 1347 855 1386 interdum
876 1348 1099 1383 toleraturali-

207 1399 298 1443 quod
311 1400 434 1439 malum
444 1424 456 1440 ,
483 1410 583 1446 quam
597 1410 651 1441 per
664 1399 756 1435 illam
778 1398 960 1434 incurratur
970 1399 1100 1443 gravius

206 1447 374 1484 damnum.
402 1448 476 1482 ibid.
505 1449 616 1485 Multa
642 1448 676 1482 in
698 1447 758 1482 hac
782 1458 872 1489 parte
893 1448 970 1484 sunt
991 1446 1098 1481 dimit-

207 1498 307 1534 tenda
320 1498 453 1534 Divinae
464 1498 583 1543 gratiae.
611 1497 686 1531 ibid.
715 1496 817 1545 Qod
841 1497 862 1530 fi
875 1507 984 1531 tamen
999 1497 1100 1530 feren-

208 1548 250 1585 da
271 1548 307 1585 fit
332 1549 366 1582 in
390 1549 560 1594 personam
588 1547 714 1592 Regis,
742 1547 963 1591 praemittenda
975 1547 1020 1584 est
1035 1558 1100 1581 ma-

206 1609 274 1643 gna
289 1599 416 1636 cautela
428 1624 439 1640 ‚
461 1598 594 1635 consilia
610 1598 753 1632 maxima
842 1607 920 1643 154.
934 1609 952 1630 1.
980 1596 1047 1644 156.
1073 1608 1099 1632 ι.

158 1648 455 1697 Excommunicari
481 1660 550 1684 non
574 1649 662 1691 posse
686 1648 859 1682 Ministros
884 1647 1010 1692 Regis,
1036 1646 1101 1680 fine

208 1698 313 1745 Regis
331 1699 467 1737 licentia
480 1723 491 1739 ‚
515 1708 572 1733 aut
596 1697 632 1734 in
653 1697 798 1735 absentia
819 1697 885 1741 ejus
900 1722 911 1737 ,
937 1696 1103 1739 finejusti·

206 1749 327 1786 tiarum
351 1749 486 1785 licentia
510 1773 520 1789 ‚
558 1757 627 1785 erat
651 1760 717 1783 una
738 1746 780 1784 ex
805 1746 1103 1785 consuetudinibus

209 1797 352 1843 Angliae.
380 1798 434 1846 58.
447 1811 479 1836 2·
509 1798 685 1832 Refutatur
707 1797 783 1842 quia
806 1807 875 1830 non
899 1797 984 1831 dixit
1009 1795 1102 1830 Chri-

205 1848 272 1883 stus
286 1851 342 1882 mc
353 1852 441 1894 Regi,
453 1847 504 1883 sed
520 1851 576 1880 Dic
587 1845 728 1889 Ecclefiae.
734 1857 754 1892 9
755 1847 1014 1895 3.2.Damnatur
1025 1847 1043 1881 a
1059 1847 1105 1880 D.

206 1891 428 1946 Th.117.2.8t
440 1898 481 1932 ab
495 1897 634 1933 Ecclesia
647 1908 702 1940 per
715 1896 941 1932 Alexandrum
954 1896 1104 1942 111.58.2.

159 1946 478 1987 Excommunicatos
500 1957 569 1981 non
593 1944 711 1983 debere
729 1944 806 1980 dare
819 1946 1047 1979 vadimonium
1064 1946 1102 1979 ad

204 2009 375 2034 remanens
391 1997 657 2042 &juramentum
674 2021 685 2037 ‚
711 1994 764 2030 sed
788 2005 920 2031 tantum
932 1997 1106 2031 vadium&

211 2047 348 2094 plefium
359 2048 464 2084 standi
474 2047 602 2092 judicio
619 2046 769 2083 Ecclefiae
782 2070 796 2088 ,
819 2057 856 2082 ut
874 2046 1084 2081 absolvantur
1095 2062 1105 2081 .-

211 2106 351 2133 eratuna
360 2109 402 2134 ex
422 2096 725 2133 consuetudinibus
743 2095 884 2141 Angliae.
1013 2098 1066 2143 58.
1088 2108 1102 2134 1

210 2147 381 2184 Extranea
403 2148 423 2184 a
452 2147 700 2183 consuetudine
724 2146 960 2182 Ecclefiastica.
989 2157 1067 2193 257.
1078 2158 1107 2182 2.

207 2197 312 2234 totius
327 2197 488 2233 Ecclesiae.
514 2199 594 2233 260.
607 2209 628 2231 ι.
662 2196 831 2231 Damnata
845 2195 886 2229 ab
900 2196 1040 2230 Ecclesia
1052 2207 1106 2239 per

155 2272 160 2276 »
206 2247 254 2281 A!
299 2248 380 2282 andr
452 2247 509 2280 111.
534 2245 639 2292 58-1-
665 2246 733 2280 Eos
749 2247 1045 2289 finejuramentum
1056 2246 1103 2279 ab·

373 2297 443 2332 ullo
455 2297 557 2332 modo
570 2295 640 2331 vult
659 2295 873 2331 D.Thomas.
895 2305 975 2342 359.
987 2307 1018 2333 2.-
1033 2296 1104 2329 Nec

95 2349 109 2359 ⁸
286 2360 302 2382 a
321 2349 329 2356 '
364 2347 548 2383 Pontificii.
576 2356 706 2393 247.1.
746 2347 785 2380 In
820 2348 936 2380 mortis
960 2345 1109 2389 periculo

234 2409 266 2432 er
304 2398 373 2433 ittit
384 2408 443 2433 eos
453 2396 579 2432 absolvi
596 2397 684 2439 Papa
698 2421 711 2438 ,
728 2395 783 2431 sed
796 2393 1106 2440 praestitojuramen-

208 2456 269 2486 to,
294 2446 408 2489 quod,
432 2448 455 2480 fi
479 2446 743 2485 convalescant,
769 2445 926 2489 parebunt
948 2445 1106 2480 mandato

207 2495 393 2532 Pontificis.
423 2506 499 2542 179.
523 2505 550 2529 ι.
582 2495 902 2530 Excommunicatos
914 2495 989 2529 suos
1001 2494 1106 2528 absol—

208 2547 256 2579 vit
268 2546 313 2581 D.
326 2545 483 2581 Thomas
504 2544 567 2578 sub
590 2546 785 2580 conditione
798 2566 809 2583 ,
833 2543 925 2588 quod
938 2555 1002 2587 pax
1015 2543 1051 2578 su
1065 2545 1106 2579 se·

208 2605 324 2630 cutura
337 2595 419 2631 intra
432 2604 564 2628 certum
576 2603 706 2636 tempus
720 2617 730 2626 .
754 2593 824 2627 Pax
852 2605 920 2627 non
930 2595 976 2628 est
989 2596 1105 2629 secuta:

209 2645 470 2681 Denunciantur
501 2643 621 2677 iterum
646 2644 939 2677 excommunicati.
974 2643 1056 2680 260.
1074 2656 1103 2678 2.

209 2693 300 2738 usque
309 2696 355 2729 ad
365 2698 443 2731 262..
460 2693 552 2729 Idem
567 2693 694 2727 faciunt
706 2692 835 2736 Legati.
858 2692 937 2728 262.
950 2703 982 2728 2.
1006 2695 1107 2738 idque

209 2745 251 2779 de
263 2745 422 2781 mandato
438 2744 546 2788 Papae.
556 2753 633 2789 257.
649 2753 667 2775 ι.
696 2741 1105 2785 Praemittuntjuratoriam

210 2797 408 2831 cautionem.
449 2804 523 2841 311.
539 2802 571 2827 2.
611 2792 838 2836 Tandemque
858 2792 1068 2827 absolvuntur
1097 2819 1107 2835 ,
1124 2820 1125 2824 ,

210 2855 382 2890 tangentes
395 2842 580 2887 Evangelia
594 2866 605 2882 ,
617 2843 651 2876 ὃ(
676 2844 905 2886 promittentes
929 2845 960 2877 se
968 2844 1102 2877 servatu-

209 2907 283 2935 ros,
322 2906 392 2939 qua:
417 2895 538 2939 Legati
562 2892 790 2935 injunxerunt.
815 2902 894 2940 247.
907 2903 939 2928 2.
982 2895 1105 2928 Eorum

213 2945 357 2979 nomina.

166 2992 865 3036 Excommunicaticomparanturleprosis,
891 2994 948 3037 qui
970 2996 1004 3029 in
1024 3005 1105 3028 vete-

215 3045 241 3079 ri
254 3044 343 3088 lege,
368 3054 458 3078 extra
467 3042 568 3079 castra
581 3042 847 3086 projiciebantur.
877 3053 895 3090 3
901 3041 953 3090 36.
971 3055 996 3079 1.
1014 3043 1106 3078 Hinc

213 3094 525 3130 excommunicatus
547 3103 676 3129 tenetur
698 3093 730 3128 se
753 3092 943 3138 segregarca
959 3105 1105 3130 commu-

213 3144 316 3180 nione
330 3143 492 3179 fidelium.
978 3142 1058 3191 263.
1076 3154 1104 3181 2-

161 3193 543 3229 Excommunicatorum
570 3191 707 3227 nomina
717 3205 784 3228 non
798 3193 875 3229 licet
887 3194 1058 3228 nominare
1070 3194 1105 3228 in

213 3245 311 3278 Missa
327 3258 338 3280 :
367 3243 407 3276 ne
423 3244 558 3288 Regum
569 3242 713 3286 quidem.
986 3249 1056 3289 152-
1074 3255 1106 3281 2·

164 3295 484 3333 excommunicatus
513 3292 710 3337 appellantis
728 3293 874 3330 officium
885 3292 1025 3338 implere
1038 3306 1106 3328 non

217 3344 335 3388 potest.
983 3341 1059 3390 167.
1075 3357 1106 3381 2-

164 3393 463 3432 Excommunicati
500 3392 667 3436 promotio
696 3391 738 3427 ad
762 3395 969 3429 Decanatum
991 3404 1106 3428 contra

215 3445 311 3490 Papae
340 3444 556 3484 mandatum,
583 3441 764 3478 declaratur
783 3444 802 3479 a
822 3441 1014 3479 D.Thoma
1036 3444 1106 3488 ipso

981 2943 1060 2989 269.
1081 2956 1106 2980 1.
1124 2970 1126 2972 v

1918 140 1940 183 3
1947 141 1979 177 9
1991 140 2010 172 1

1206 195 1277 240 jure
1289 195 1388 232 nulla.
1684 214 1698 229 ο
1987 213 2098 248 120·1‘·'

1162 244 1450 302 Excqmmunicati
1473 257 1530 293 per
1548 257 1674 287 annum
1703 251 1849 293 solebant
1873 257 1981 294 notari
2006 259 2096 295 infa-

1157 351 1160 353 ,
1209 307 1284 348 ‘¹²¹²‘
1378 348 1385 355 .
1643 347 1652 356 .
1975 319 2052 358 333·
2067 319 2098 344 1-

1161 346 1537 389 Excommumcatorum
1560 359 1698 387 nomina
1711 349 1784 384 sunt
1806 356 1965 401 affigenda
1989 357 2093 394 valvis

1211 397 1362 446 Ecclesiae
1379 423 1390 438 ,
1416 409 1452 432 ut
1474 408 1553 433 nota
1576 399 1640 433 sint
1662 399 1826 438 omnihus.
1852 405 1969 445 118.2.
1998 410 2098 444 Sunt-

1165 445 1174 451 ’
1211 447 1326 492 queab
1349 447 1519 492 Episcopo
1540 446 1670 492 publice
1691 450 1915 486 denuntianda
1940 457 2094 497 omnibus

1211 498 1330 533 vicinis
1340 509 1393 540 ,ex
1403 499 1535 533 decreto
1547 498 1693 535 Honorii
1706 498 1809 542 Papae.
1841 512 1919 547 152.
1936 511 1964 536 1.
1977 506 2091 551 265-2-

1209 557 1287 596 279.
1301 560 1332 586 2·
1347 547 1403 583 Ut
1413 549 1558 583 vitentur
1581 548 1715 583 scilicet.
1741 548 1817 585 ibid.
1846 552 1880 585 &
1904 550 1944 586 ne
1956 552 2097 591 fitcausa

1208 598 1443 640 excusationis,
1470 597 1556 642 apud
1568 597 1644 636 illos
1656 599 1794 647 quinon
1808 600 1946 637 vitarent
1963 614 2097 640 excom-

1209 649 1407 685 municatos.
2020 652 2100 690 ibid.

1162 697 1460 735 Excommunicato
1470 698 1718 736 communicare
1732 698 1893 735 nonlicet
1906 714 1918 735 .·
1944 702 2061 738 osculo
2089 727 2102 744 ‚

1210 759 1270 782 nec
1289 749 1420 789 mensa,
1447 749 1597 785 oratione
1617 761 1630 788 ,τ
1667 748 1720 785 sed
1743 749 1976 791 denuncianda
1998 752 2044 788 est
2070 752 2104 791 ei

1213 798 1309 843 culpa
1328 822 1339 838 ‚
1378 809 1475 843 quare
1509 798 1614 842 ipsum
1650 809 1801 843 oporteat
1836 803 1947 838 vitare.
1971 811 2048 849 127.
2074 813 2102 839 1-

1210 847 1511 887 Excommunicato
1530 850 1774 887 cummunicare
1799 849 1874 885 licet
1888 876 1900 893 ,
1925 852 1960 890 in
1982 852 2103 888 ordine

1211 897 1253 934 ad
1273 898 1342 942 ejus
1364 899 1630 938 conversionem.
1663 909 1736 945 127.
1751 909 1781 942 2r
1818 911 1886 948 171.
1900 910 1932 937 2.
1967 912 2049 951 279-
2066 914 2101 940 2.

1212 947 1521 988 Excommunicatis
1534 959 1601 982 non
1614 948 1660 984 est
1672 951 1986 989 communicandum
2009 962 2100 987 ante-

1208 1009 1308 1042 quam
1318 997 1538 1038 absolvantur.
1566 1000 1692 1046 246.1.
1723 1000 1856 1037 Etiamsi
1883 1002 1950 1045 spes
1963 1000 2105 1047 fitquod

1209 1049 1361 1094 peripsos
1372 1048 1582 1085 fabricabitur
1594 1060 1667 1093 pax·
1683 1047 1764 1093 282.
1784 1063 1814 1095 ζ.
1843 1051 1914 1106 Qi
1933 1050 1996 1086 illis
2014 1063 2106 1088 com·

1207 1101 1465 1145 municat,grave
1477 1099 1579 1138 scelus
1589 1100 1780 1138 committit.
1796 1112 1815 1150 3
1821 1110 1873 1149 35.
1892 1114 1923 1139 2.
1942 1101 1985 1136 Et
1997 1102 2108 1139 statim

1207 1150 1244 1186 in
1291 1150 1322 1184 se
1361 1148 1525 1188 contrahit
1560 1151 1915 1191 excommunicationIs
1965 1162 2109 1197 poenam«

1212 1209 1287 1247 137.
1304 1209 1320 1238 1
1337 1223 1346 1233 .
1372 1201 1448 1245 265.
1465 1209 1485 1233 ι.
1512 1209 1591 1251 335.
1609 1212 1639 1237 2.

1161 1250 1462 1287 Excommunicato
1485 1250 1736 1286 communicans
1757 1252 1802 1287 est
1834 1252 2103 1287 excommunica·

1210 1308 1263 1331 tus
1278 1299 1353 1336 ‚etsi
1376 1298 1550 1338 praetendat
1573 1299 1605 1329 se
1631 1299 1748 1339 injuste
1758 1303 2100 1338 excommunicatum.

1209 1355 1289 1394 279.
1303 1356 1335 1386 2.-
1361 1345 1430 1383 Nisi
1442 1345 1532 1389 prius,
1545 1345 1815 1386 resexaminetur.
1842 1347 1914 1387 ibid„
1945 1350 2026 1384 Non
2052 1361 2108 1384 ex·

1210 1396 1502 1433 communicantur
1512 1394 1569 1438 qui
1587 1396 1783 1439 participant
1795 1407 1870 1436 cum
1882 1400 2019 1441 persona
2030 1423 2042 1440 ,
2054 1399 2108 1435 sed

1212 1445 1267 1489 qui
1279 1444 1472 1488 participant
1483 1454 1560 1479 cum
1584 1444 1718 1478 malitia.
1740 1455 1847 1493 ηψπ..
1863 1446 2109 1484 Excommuni-

1214 1496 1297 1533 catis
1317 1493 1585 1529 communicandi
1608 1494 1797 1529 facultatem
1812 1496 1990 1532 concedere
2013 1523 2023 1540 ,
2039 1510 2109 1534 non

1214 1545 1300 1629 vbalet
1311 1544 1376 1593 ipse
1394 1544 1569 1584 Romanus
1578 1542 1749 1589 Pontifex,
1759 1543 1837 1590 282-
1853 1557 1882 1583 ι.
1898 1547 2111 1588 D-Thomas.

1213 1602 1224 1633 ι
1239 1602 1254 1629 i
1263 1597 1294 1633 di

1167 1646 1486 1681 Excommunicatus
1507 1645 1673 1683 Robertus
1693 1647 1736 1684 de
1758 1649 1844 1685 Broc
1871 1662 1991 1695 panem
2014 1655 2110 1691 offert

1216 1697 1362 1732 Canibus
1374 1711 1384 1730 .·
1406 1697 1515 1731 Canes
1532 1698 1681 1732 recusant
1694 1722 1705 1738 ‚
1731 1699 1790 1733 etfi
1815 1701 1995 1738 avidiffime
2007 1717 2045 1740 ea
2057 1706 2106 1740 su-

1216 1757 1344 1781 merent
1357 1771 1367 1786 ,
1393 1757 1463 1789 quae
1476 1745 1697 1781 offerebantur
1712 1747 1777 1782 illis
1785 1749 1826 1784 ab
1839 1750 1924 1784 aliis.
2030 1765 2055 1789 r.
2077 1766 2109 1791 1-

1169 1797 1463 1832 Excommunicati
1475 1796 1548 1830 sunt
1562 1795 1714 1841 Reges&
1728 1798 1944 1845 Imperatores
1963 1802 1984 1837 a
2025 1804 2111 1838 onti-

1218 1845 1342 1882 ficibus.
1866 1861 1918 1898 99.
1935 1864 1966 1889 2.
1994 1863 2072 1900 230.
2091 1865 2109 1890 1

1169 1895 1563 1930 Exeommunicationem
1584 1897 1648 1930 effe
1670 1897 1775 1932 solum
1801 1900 2006 1944 remedium,
2032 1916 2110 1939 cum

1220 1946 1391 1980 interdisto
1417 1946 1518 1980 totius
1543 1945 1653 1990 Regni
1675 1972 1687 1988 ,
1723 1959 1790 1993 quo
1817 1949 2008 1987 humilietur
2035 1953 2112 1988 An-

1217 1997 1283 2041 glia
1295 2019 1305 2035 ,
1331 1997 1491 2030 exclamat
1503 1997 1545 2031 D.
1560 1995 1729 2033 Thomas..
1982 2014 2059 2051 199.
2075 2013 2110 2039 2.

1170 2046 1332 2089 Exempla
1345 2057 1439 2089 prava
1453 2056 1633 2091 numquam
1643 2048 1716 2082 sunt
1729 2050 1952 2092 permittenda.
1982 2063 2062 2101 270.
2081 2060 2109 2087 1.

1219 2096 1316 2130 Sedes
1338 2096 1532 2140 Apostolica
1547 2098 1731 2139 permittere
1750 2111 1787 2134 ea
1803 2112 1868 2135 non
1882 2101 2020 2138 debetin
2034 2106 2042 2137 i
2049 2104 2110 2147 pfis

1220 2144 1375 2190 Regibus.
1415 2156 1534 2193 2251.
1558 2145 1649 2180 Nam
1672 2148 1864 2194 plerumque
1886 2153 1978 2194 quod
2000 2153 2111 2198 puniri

1220 2208 1289 2230 non
1300 2195 1459 2236 audiunt,
1487 2196 1617 2231 licitum
1628 2201 1813 2242 opinantur.
1842 2202 1913 2235 ibid.
1948 2204 2111 2248 Exempla

1219 2247 1396 2288 perniciosa
1411 2247 1531 2289 semper
1544 2248 1619 2281 sunt
1629 2249 1775 2284 cavenda
1792 2275 1803 2290 ,
1831 2263 1872 2285 ne
1885 2253 2109 2289 transmittan-

1218 2305 1271 2330 tur
1281 2294 1322 2329 ad
1336 2293 1498 2338 posteros.
1525 2298 1604 2330 260.
1630 2308 1657 2334 1·
1686 2299 1778 2332 Nam
1801 2301 1950 2344 exempla
1973 2314 2068 2345 prava
2095 2328 2107 2345 ,

1220 2354 1332 2388 pravas
1343 2344 1466 2389 semper
1477 2365 1493 2383 ι
1514 2346 1550 2380 in
1563 2345 1698 2388 posteris
1706 2370 1722 2387 2
1744 2359 1903 2392 generant
1913 2353 2112 2396 consequen-

1223 2404 1297 2428 tias.

1168 2447 1276 2478 Rumor
1288 2444 1326 2477 de
1336 2448 1431 2477 veteri
1437 2443 1536 2484 faciet
1550 2451 1682 2477 ventura
1693 2449 1794 2478 timeri
1808 2459 1816 2479 ε
1993 2400 2072 2449 284·
2086 2415 2114 2440 1·

1218 2498 1295 2527 Cras
1308 2491 1518 2536 poteruntfiert'
1530 2499 1631 2534 turpia
1643 2518 1653 2534 ‚
1673 2492 1746 2534 ficut
1759 2495 1822 2528 beri
1834 2521 1846 2529 .,
1979 2511 1999 2548 3
2004 2513 2059 2548 57,
2073 2515 2105 2539 2.

1176 2545 1335 2587 Exempla
1358 2541 1437 2575 verd
1461 2541 1722 2586 delinquentium
1734 2546 1751 2579 a
1762 2545 2030 2591 delinquentibus
2041 2554 2109 2586 fru-

1219 2595 1280 2629 stra
1291 2602 1541 2636 proponuntur,
1566 2593 1684 2638 quippe
1697 2606 1769 2639 quae
1791 2596 1826 2630 in
1840 2597 1893 2632 die
1905 2598 2021 2641 judicii
2038 2615 2109 2637 non

1221 2642 1433 2679 excusabunt.
1984 2655 2061 2697 196.
2081 2663 2110 2688 1.

1170 2693 1426 2736 Exemptionem
1448 2692 1656 2728 Clericorum
1675 2693 1793 2730 &Foro
1816 2697 1954 2734 saeculari
1970 2703 2110 2745 impeti,

1218 2743 1415 2778 lamentatur
1429 2742 1476 2776 D.
1486 2742 1648 2778 Thomas.
2009 2762 2064 2798 73.
2078 2765 2109 2789 2.

1172 2794 1380 2837 Experientia
1392 2817 1403 2833 ,
1430 2804 1538 2827 rerum
1551 2805 1655 2828 mater
1664 2794 1708 2828 est
1722 2795 1754 2829 &
1783 2798 1903 2832 nutrix.
1984 2811 2060 2848 345.
2077 2811 2109 2838 2.

1172 2843 1393 2888 Exprobratio
1417 2842 1666 2888 ingratitudinis
1689 2845 1805 2890 ingens
1828 2848 1860 2881 ὅ(
1884 2842 2109 2893 perquamele·

1218 2905 1300 2938 gans
1324 2894 1370 2927 D.
1389 2892 1533 2927 Thomae
1557 2919 1567 2934 ,
1601 2905 1715 2929 contra
1743 2895 1928 2933 Robertum
1954 2902 2113 2936 Herefor·

1220 2943 1357 2978 densem
1381 2943 1582 2987 Episcopum
1595 2970 1607 2987 ‚
1645 2945 1749 2979 mixta
1769 2958 1847 2982 cum
1866 2951 2108 2986 exhortatione.

1220 2992 1273 3030 86.
1294 3006 1324 3032 1·

1173 3044 1312 3078 Exulem
1339 3041 1431 3077 decet
1450 3042 1606 3078 conditio
1625 3043 1750 3086 exulis,
1777 3057 1973 3091 quamquam
1998 3051 2109 3086 exulet

1222 3106 1280 3137 pro
1292 3094 1425 3137 justitia.
2017 3098 2070 3137 28.
2085 3109 2108 3134 ι.

1170 3144 1292 3178 Exules
1306 3156 1362 3187 pro
1374 3143 1494 3186 justitia
1510 3142 1544 3176 ὅ(
1557 3143 1750 3188 proscriptos
1761 3145 1825 3180 Dei
1840 3157 2049 3183 contemnere
2061 3151 2107 3184 ηδ

1218 3195 1311 3228 decet
1322 3218 1333 3234 ,
1345 3195 1420 3237 quia
1433 3191 1548 3225 talium
1563 3203 1719 3235 patronus
1732 3195 1777 3229 est
1790 3195 1896 3230 Christ
1904 3210 1938 3231 us
1955 3224 1962 3230 .
2026 3208 2104 3246 1521.

1218 3244 1341 3278 Exules
1356 3252 1659 3287 quantumcumque
1670 3244 1800 3288 dispersi
1810 3246 1870 3280 sint
1881 3271 1891 3286 ‚
1919 3247 2040 3292 ubique
2051 3252 2100 3284 eis

1221 3293 1308 3329 adest
1327 3292 1384 3336 qui
1407 3292 1510 3335 pascit
1533 3292 1679 3328 volatilia
1700 3295 1784 3328 Coeli
1799 3320 1811 3335 ,
1847 3297 1879 3330 ὅ(
1905 3296 1989 3331 Lilia
2011 3299 2108 3342 vestit„

1222 3346 1400 3388 Agrorum.
1429 3350 1553 3389 2352.
1581 3343 1802 3378 Cumulateos
1824 3346 1914 3380 Deus
1939 3349 2062 3383 meritis

1222 3404 1258 3427 ut
1278 3392 1384 3437 magis
1408 3393 1598 3435 proficiant,
1627 3394 1661 3426 δε
1678 3394 1787 3427 mitius
1809 3396 1845 3428 fit
1870 3397 1933 3430 illis
1947 3390 2105 3441 exiliumz

1223 3451 1302 3489 233.
1322 3453 1349 3478 1.
1375 3444 1462 3488 Saepe
1481 3442 1645 3486 reperiunt
1667 3445 1806 3489 gratiam
1818 3448 1904 3490 apud
1916 3459 2089 3483 extraneos

1957 3497 2056 3534 Patet
