2358 3776
234 126 298 176 =S.

87 215 298 251 interfuerunt
310 221 446 246 numero
454 207 688 254 quadraginta,
714 206 804 252 super
825 205 932 243 saneta
953 203 1019 242 Dei

82 263 266 307 Evangelia
284 262 415 306 propria
436 270 535 294 manu
556 256 773 307 unusquisque
794 255 853 293 sub
874 253 956 289 stola
968 255 1022 288 sua

85 313 296 360 pmstiterunr
317 336 328 353 ,
357 311 396 345 r&
415 309 544 354 publice
559 309 772 355 firmaverunt
793 329 802 338 .
839 304 1038 344 ,Nihilomir

86 363 148 399 uus
160 362 296 402 universi
307 361 477 404 Principes
495 357 674 399 saeculata,
699 356 781 390 Dux
804 354 960 391 videlicet
973 355 1039 389 Sa-.

85 425 213 453 sonum
248 438 260 455 ,
298 414 335 450 ,δε
370 413 496 446 Bavero
518 405 673 448 Marchio
698 404 855 445 Albertus
880 405 989 441 senior
1016 429 1027 445 ,

86 464 278 503 Conrardus
303 463 471 498 Palatinus
493 457 537 494 ,de
561 455 688 497 Rheno
720 480 732 497 ,
767 457 801 490 ὅ(
836 454 1026 491 Ludovicus

86 513 336 560 Landgravius,
370 513 405 550 ἀ
422 509 535 551 reliqui
556 518 673 549 omnes
692 530 703 548 ‚
728 506 820 550 super
843 507 1039 544 sanstorum'

84 561 261 609 ,Reliquias
271 563 408 607 idipsum
416 560 602 604 juraveruut
614 582 621 590 .
643 557 794 600 Repente
805 566 915 591 autern
929 555 1027 599 Spiri-

87 624 142 650 tus
152 616 285 653 Sentius
293 621 418 651 mentes
429 609 581 644 omnium
591 605 674 642 adeo
685 605 782 644 unius
792 607 902 642 effecit
914 606 1027 643 volun·
1038 615 1041 619 ·

87 665 186 707 tatis,
213 663 299 710 qudd
310 660 575 704 elestiomues'in
588 655 748 697 sabbatho
765 667 907 699 quatuor
929 653 1030 690 Tern-

89 724 207 759 porum
222 713 272 753 >,ad
293 712 422 750 laudem
448 710 534 750 Dei,
555 709 593 743 ⁴&
604 707 765 744 honorem
789 706 1029 751 Imperiisacros

84 765 233 802 Ordines
260 761 463 804 devotissime
490 759 699 807 susceperunt
717 782 726 795 ,.
765 757 918 796 Firmiter
949 766 1030 801 quo·

90 816 152 859 que
166 813 188 852 a
205 812 304 852 nobis
323 836 338 856 ,
369 811 407 852 βε
428 810 471 844 ab
493 809 649 848 universis
680 807 847 847 decretum
872 805 919 841 est
940 830 952 847 ,
988 815 1027 846 ,ut

87 862 287 909 quicumque
319 861 488 904 supersunt
506 857 686 898 ordinandi
707 881 722 898 ‚
763 857 798 891 in
819 856 932 901 primis
956 867 1032 900 qua.-

87 924 162 951 tuor
180 911 220 951 T
219 910 406 956 emporibus
426 909 574 949 similiter
597 918 801 952 exequantur
819 920 832 947 ;
866 906 1029 951 Alioquin

86 963 259 1009 dignitatis
276 987 286 1006 ‚
314 961 356 996 ad
377 971 475 1005 quam
493 959 589 996 electi
608 959 683 1000 sunt
704 981 715 998 ,
750 957 878 1006 honore
899 979 910 997 ‚
935 956 1029 991 omni

87 1023 214 1048 remota
229 1007 413 1051 dilatione,
447 1012 634 1053 priventur.
661 1007 716 1044 Ad
735 1007 803 1050 haec
821 1006 1030 1046 honorabiles

89 1063 208 1108 Legati
219 1062 353 1102 illustris
372 1060 471 1098 amici
493 1059 594 1094 nostri
613 1058 755 1100 Henrici
776 1081 788 1103 ‚
812 1057 945 1103 gloriosi
963 1057 1032 1091 An·

89 1113 223 1158 giorum
240 1112 367 1156 Regis,
392 1110 433 1144 ad
444 1121 504 1149 nos
514 1110 555 1144 ab
566 1109 636 1152 ipso
651 1107 823 1149 transmiffi
838 1131 851 1150 ,
875 1108 911 1142 in
930 1106 1033 1142 totius

90 1163 200 1199 Curias
216 1162 334 1200 nostrie
357 1160 520 1205 praesentia
540 1160 633 1202 super
659 1160 840 1197 sanssorum
862 1156 1032 1200 Reliquias

90 1223 135 1247 ex
151 1220 238 1255 parte
259 1210 364 1254 Regis
391 1208 521 1254 Angliae
539 1207 668 1252 publice
687 1208 875 1253 juraverunt
899 1205 996 1244 nobis
1021 1229 1034 1249 ‚

90 1260 182 1305 qudd
194 1260 268 1298 Rex
280 1259 346 1302 ipse
363 1270 442 1298 cum
463 1267 539 1296 toto
558 1253 687 1301 Regno
695 1259 754 1293 suo
766 1257 803 1293 in
822 1265 913 1305 parte
923 1255 1032 1290 nostra

89 1311 228 1351 fideliter
246 1308 367 1348 stabit,-
391 1307 579 1346 Dominum
601 1304 791 1346 Pascbalem
812 1329 827 1346 ‚
856 1316 955 1350 quem
973 1315 1034 1338 nos

89 1369 258 1401 tenemus,
283 1357 456 1396 nobiscum
476 1359 597 1401 semper
617 1357 745 1397 tenebit
764 1381 772 1389 .
799 1357 854 1393 De
875 1352 1035 1394 Rolando

89 1411 201 1448 ducem
221 1408 437 1447 schismatico
466 1407 714 1446 manutenendo
734 1406 921 1441 nullatenus
942 1405 973 1439 sc
993 1404 1035 1439 de

90 1459 442 1496 caeoerointromittet.
468 1459 558 1505 Qia
582 1457 660 1492 vero
680 1456 830 1501 justitias,
854 1466 956 1500 quam*
976 1453 1034 1489 ho·

90 1511 154 1546 stes
165 1510 310 1544 Ecclesia
321 1509 566 1550 Dei&nostri‚
590 1506 859 1551 fiveexsuperbia
881 1530 894 1546 ‚
919 1504 984 1539 five
995 1515 1036 1538 ex

88 1560 190 1596 causa
207 1559 392 1600 diffidentia
411 1559 596 1599 devitarunt
613 1583 624 1600 ,
650 1568 713 1592 nos
739 1559 861 1600 semper
882 1553 1038 1590 hactenus

90 1610 175 1646 stare
194 1610 295 1654 parati
316 1633 328 1650 ,
365 1620 454 1647 nunc
472 1609 605 1648 tandem
621 1607 662 1647 ad
681 1607 814 1646 insolita
830 1605 1038 1647 Sacramenta

90 1671 135 1697 ex
144 1670 261 1694 eorum
272 1658 441 1695 manifesta
462 1657 684 1696 obstinatione
697 1659 807 1696 sumus
821 1657 948 1701 impulsi
967 1681 977 1692 ,
1003 1655 1037 1693 Δ

92 1708 380 1750 Schismaticorum
404 1709 642 1745 communione
667 1708 778 1742 omnis
801 1705 907 1742 homo
929 1728 943 1745 ‚
967 1715 1039 1738 om-

87 1756 310 1803 nffioebtdo
330 1766 460 1790 caveat.
487 1754 620 1789 Author
640 1755 729 1790 enim
741 1763 877 1793 eorum,
902 1751 1037 1789 erliba-

88 1806 204 1847 stenus
227 1805 465 1849 aliquo‘modo
485 1805 571 1842 visus
582 1804 627 1838 est
650 1803 809 1843 venialis,
835 1801 1037 1847 inposterum

89 1856 219 1902 prorsus
228 1853 534 1893 eritirremiffibilis.
561 1854 616 1888 Ad
628 1854 802 1897 perfectum
826 1853 958 1897 quoque
980 1850 1038 1887 hu-

94 1907 144 1951 jus
171 1906 297 1951 negotii
333 1905 575 1941 firmamentum
598 1915 640 1938 ex
672 1905 773 1941 totius
793 1903 1037 1948 Herbipolenfis

92 1957 242 1992 concilii
259 1955 390 1991 decreto
412 1955 589 1990 firmiffime
612 1951 814 1998 praecipimus
843 1977 855 1994 ,
881 1963 917 1987 ut
932 1953 1040 1996 liquis

92 2007 134 2042 ad
147 2007 196 2041 sui
207 2005 407 2042 Mandatum
418 2003 586 2042 Antistitis
598 2005 841 2040 Sacramentum
855 2003 948 2046 supra
961 2001 1042 2036 scri·

91 2065 186 2102 ptum
196 2066 266 2091 non
286 2054 483 2100 praestiterit,
510 2054 691 2089 fiClericus
702 2054 738 2088 fit
748 2063 804 2087 aut
825 2051 1015 2089 Monachus
1032 2073 1043 2092 ,

94 2106 322 2144 Ecclesiastico
334 2105 475 2151 privetur
486 2103 615 2139 honore
627 2117 664 2139 ac
676 2102 860 2145 beneficio·,
885 2102 908 2135 fi
920 2102 1022 2137 laicus
1031 2126 1043 2144 ‚

91 2156 216 2192 allodia
237 2157 270 2190 ἀ
292 2154 448 2194 beneficia
467 2178 479 2194 ,
514 2165 726 2199 quaecumque
751 2153 909 2198 poffidet,
934 2152 1043 2187 nostra

94 2206 152 2249 ipsi
165 2204 388 2242 authoritatea
398 2206 456 2239 suo
469 2205 582 2247 Iudice
594 2205 646 2241 vel
656 2204 810 2238 Domino
820 2200 949 2247 prorsus
974 2201 1044 2240 adi·

98 2265 254 2294 mantue.
278 2255 367 2292 Data
380 2252 630 2299 wicheburch,
655 2253 813 2289 Kalendis
822 2253 919 2297 julii.

269 2350 674 2391 EPISTOLA
742 2352 867 2391 LXXI·

193 2454 367 2488 Fredericus
394 2456 554 2497 ‚Imperator
578 2452 785 2496 stablaunensi
801 2451 913 2490 Abbati
931 2476 940 2486 .

158 2553 284 2589 lCUT
311 2552 406 2588 novit
420 2552 554 2588 dilectio
573 2563 652 2594 tua,
687 2553 731 2591 ad
752 2552 887 2588 Curiam
908 2548 1040 2587 Wiche-

183 2602 304 2643 burch,
329 2604 475 2646 quamin
497 2603 723 2642 Pentecosten!
745 2603 951 2643 indiximus,
979 2613 1042 2636 nos

97 2655 163 2688 una
179 2666 254 2689 cum
278 2652 485 2697 Principibus
513 2653 669 2688 univerlis
694 2677 706 2695 ‚
741 2663 811 2689 tam
840 2651 1043 2689 saecularibus

98 2705 195 2751 quam
204 2704 428 2741 ecclesiasticis
440 2728 451 2744 ‚
476 2704 620 2749 gloriose*
639 2705 854 2739 convenimus
866 2728 874 2734 .
903 2701 975 2738 Ubi
989 2702 1040 2735 in-

98 2765 266 2790 rercaetera
279 2755 388 2791 sanctae
405 2753 552 2791 Ecclefiae
565 2754 718 2788 statutum
729 2755 795 2794 cst,
833 2754 867 2786 &
885 2750 1043 2795 praecipue

100 2804 290 2849 denegetio
305 2803 448 2838 Domini
468 2803 634 2840 Paschalis
658 2804 753 2848 Papae
776 2828 787 2844 ,
813 2803 903 2846 qued
918 2803 951 2836 in
972 2813 1041 2836 cor-

101 2853 195 2891 dibus
206 2855 384 2892 multorum
402 2854 541 2889 dubium
561 2852 738 2891 habebatur
756 2879 766 2895 ,
791 2852 1039 2889 communicato

102 2904 322 2941 universorum
333 2905 472 2940 consilio
483 2930 494 2946 ‚
515 2900 709 2948 Principum
721 2904 873 2940 videlicet
884 2926 896 2943 ,
920 2903 955 2940 dt
971 2913 1038 2937 om-

102 2953 197 2987 nium
213 2953 415 2991 elericorum
434 2964 533 3002 atque
550 2956 725 2992 Laicorum
741 2978 751 2994 ,
787 2955 844 2998 qui
864 2952 996 2987 aderant
1028 2976 1039 2993 ,

103 3003 286 3038 feliciter&
305 3005 478 3049 magnifice
501 3005 746 3041 roboravimus:
773 3005 928 3040 luvocata
948 3005 1037 3037 enim

104 3053 211 3088 Sancti
234 3053 372 3095 Spiritus
391 3054 512 3099 gratia,
550 3056 739 3091 Dominum
759 3054 882 3099 Papam
904 3053 1037 3088 Pascha·

101 3103 166 3140 lem
178 3127 189 3143 ‚
214 3103 248 3137 &
259 3103 327 3145 eius
339 3101 493 3140 honorem
506 3106 539 3139 in
553 3104 643 3142 hunc
663 3104 800 3142 modum
823 3104 1036 3141 stabilivimus

101 3153 136 3188 δε
156 3154 440 3192 confirmavimus,
465 3155 552 3198 quud
575 3167 636 3190 nos
657 3158 786 3200 propria
807 3167 905 3192 manu
928 3153 1035 3190 nostra

100 3204 190 3246 super
200 3203 378 3240 sanctorum
390 3202 556 3245 Reliquias
569 3205 699 3248 publice
721 3206 938 3249 juramentum
959 3204 1034 3240 feci-

99 3263 171 3286 mus
194 3275 204 3291 ,
239 3252 327 3298 quod
358 3252 400 3286 de
423 3261 538 3289 caetero
559 3255 749 3293 Rolandum
787 3254 1032 3291 Schismaticum

99 3301 287 3346 neutiquam
300 3313 357 3344 pro
368 3302 454 3348 Papa
471 3303 660 3345 recipiemus
673 3330 681 3338 .
709 3306 752 3340 Et
773 3307 795 3340 si
819 3306 885 3350 ipse
904 3304 1032 3339 decesse-

100 3353 160 3393 rit,
186 3351 255 3394 ejus
266 3351 473 3387 succefforem
485 3375 495 3391 ‚
522 3363 617 3396 quem
632 3365 700 3397 pars
713 3357 840 3390 adversa
855 3355 1034 3394 substituet,

99 3402 244 3438 similiter
256 3401 423 3444 nunquam
436 3403 626 3446 recipiemus
636 3428 643 3435 .
674 3405 861 3439 Dominum
874 3405 951 3439 vero
966 3405 1033 3438 Pas·

100 3449 224 3488 chalem
243 3450 364 3497 Papam
385 3451 425 3488 de
444 3462 577 3493 caetero,
601 3454 681 3490 sicut
704 3455 917 3491 universalem
938 3455 971 3489 ἀ
984 3466 1035 3491 ca·

370 120 753 169 THOMAE
822 118 1771 176 CANTUARIENSIS.

1876 142 1964 188 103

1084 203 1243 240 tholicum
1255 201 1385 239 Patrem
1397 229 1407 245 ,
1434 215 1512 240 cum
1532 206 1720 243 obedientia
1733 234 1745 250 ‚
1770 212 1804 247 δε
1823 211 1972 254 honore,
1996 213 2032 250 ὅς

1085 254 1263 289 reverentia
1285 253 1480 294 habebimus
1502 256 1536 291 δε
1559 256 1743 291 tenebimus
1759 282 1770 298 ,
1788 262 1822 294 ἀ
1845 264 1886 297 ab
1909 264 1979 308 ipso
1989 275 2029 299 ac

1086 305 1153 348 ejus
1162 315 1251 348 parte
1263 304 1432 350 nunquam
1441 306 1643 346 recedemus,
1664 308 1822 353 quamdiu
1834 312 1897 354 ipse
1918 316 2028 355 vivet,

1087 356 1121 389 ὅ(
1133 365 1191 388 nos
1202 354 1348 390 vivemus
1360 381 1367 389 .
1395 357 1430 391 Si
1446 366 1560 395 ,autem
1578 357 1624 395 ab
1635 356 1698 392 hac
1722 357 1791 393 vita
1808 369 1871 394 nos
1880 361 2048 404 decedere.

1088 405 1289 449 contigerit,
1314 406 1600 455 noster-‘successor
1619 431 1631 448 ,
1656 419 1754 452 quern
1767 407 1935 452 Principes
1958 415 2029 447 uni.

1090 454 1165 488 verli
1177 454 1370 490 substituent
1379 482 1390 498 ‚
1414 455 1506 495 hunc
1516 453 1815 502 honoremlmperii
1825 455 1951 496 &hanc
1963 472 2031 505 par-

1090 516 1155 540 tem
1169 504 1311 544 nostram
1334 507 1392 542 sub
1409 506 1531 545 eodem
1550 506 1735 550 juramento
1754 507 1902 547 tuebitur
1912 508 2036 553 semper

1090 565 1188 598 atque
1207 554 1351 594 tenebit.
1381 558 1462 596 Hoc
1480 556 1570 594 idem
1596 557 1818 601 juramentum
1835 571 1952 595 omnes
1973 559 2036 595 Ar·

1090 604 1315 654 chi-Episcopi
1336 606 1371 643 ἀ
1389 608 1544 653 Episcopi
1565 607 1691 653 nostri,
1714 609 1751 646 ,δε
1767 609 1858 646 eleffl
1870 632 1881 649 ,
1905 609 1966 653 qui
1986 611 2037 643 in-

1091 655 1270 690 terfuerunt
1290 667 1429 692 numero
1449 658 1664 704 quadraginta
1682 682 1696 702 ‚
1732 659 1826 705 super
1839 660 1945 694 sancta
1969 658 2038 695 Dei

1092 705 1271 750 Evangelia
1292 717 1391 740 manu
1414 707 1541 751 propria
1562 708 1780 757 ununquisque
1802 707 1862 746 sub
1883 709 1966 745 stola
1979 710 2039 744 sua

1092 757 1258 801 fecerunt,
1282 757 1459 803 &publice
1476 759 1686 796 ‚firmaverunt
1701 783 1709 791 .
1737 759 1781 795 Et
1798 759 1843 796 ad
1866 770 2040 796 removen-

1090 806 1170 841 dam
1189 817 1248 849 pro
1265 816 1354 849 parte
1371 807 1482 846 nostra
1503 819 1638 844 omnem
1657 808 1910 854 ambiguitatem
1921 819 2038 847 omnes

1094 855 1219 896 Electri,
1246 857 1368 900 primus
1381 858 1608 901 Colonienfis,
1635 858 1758 894 deinde
1778 859 1906 901 ceteri,
1933 861 2039 894 sacro!

1065 908 1068 911 “
1092 905 1268 943 ordinesiu
1282 905 1440 944 sabbatho
1463 918 1606 953 quatuor
1622 909 1830 954 Temporum
1852 910 1893 945 ad
1906 909 2040 945 laudem

1093 957 1127 991 ἀ
1138 954 1298 992 honorem
1311 959 1443 1003 Imperii
1457 959 1545 1004 apud
1559 958 1777 1006 Witzeburgb
1788 972 1863 998 cum
1874 961 1968 997 omni
1979 959 2041 994 de-

1095 1007 1229 1042 votione
1249 1008 1456 1052 susceperunt
1485 1034 1495 1045 ,.
1535 1010 1693 1048 Similiter
1713 1011 1849 1048 universs
1873 1011 2042 1054 Principes

1095 1056 1258 1095 saeculares
1270 1082 1280 1098 ‚
1303 1057 1386 1096 Dux
1397 1059 1570 1100 Saxoniae,
1592 1059 1629 1094 .&
1641 1060 1797 1099 Albanus
1819 1060 1975 1098 Marchio
1984 1061 2042 1097 Se·

1095 1108 1169 1142 nior
1183 1132 1195 1148 ,
1219 1107 1253 1141 ἀ
1267 1107 1438 1148 Palatinus
1451 1109 1574 1147 Comes
1586 1109 1627 1144 de
1639 1109 1764 1148 Rheno
1773 1110 2024 1156 ‚Landgravius
2035 1130 2047 1150 1

1085 1157 1129 1193 2&
1152 1157 1271 1201 reliqui
1289 1169 1404 1193 omnes
1426 1160 1519 1203 super
1539 1161 1721 1197 sauciorum
1733 1161 1905 1205 Reliquias
1915 1159 2046 1204 publice

1091 1206 1299 1254 juraverunt.
1329 1208 1555 1245 Honorabiles
1567 1210 1700 1253 quoque
1710 1211 1832 1254 Legati
1849 1211 1953 1254 Regis
1974 1209 2044 1245 Au-

1095 1256 1192 1301 glici,
1219 1257 1330 1290 Amici
1342 1257 1442 1291 nostri
1457 1281 1469 1298 ‚
1494 1258 1536 1296 ab
1561 1258 1631 1301 ipso
1641 1259 1683 1292 ad
1709 1270 1769 1292 nos
1788 1259 1984 1298 transmissi,
2009 1260 2047 1293 in

1097 1306 1259 1354 praesentia
1270 1307 1371 1340 totius
1382 1305 1490 1341 Curiae
1500 1307 1615 1342 nostrae
1633 1307 1726 1352 super
1747 1309 1935 1346 sandrorum
1952 1307 2047 1346 Reli·

1096 1356 1188 1401 quias
1197 1366 1239 1391 ex
1250 1366 1340 1401 parte
1350 1356 1451 1402 Regis
1474 1357 1616 1401 Anglici
1636 1358 1670 1392 &
1693 1358 1862 1395 Baronurn
1883 1358 2048 1404 ejusjura-

1099 1416 1249 1442 mentum
1261 1405 1347 1449 apud
1359 1406 1577 1451 witzeburgh
1590 1406 1793 1449 juraverunt,
1819 1408 1907 1451 quod
1929 1409 1963 1445 ὅ(
1980 1408 2048 1453 ipse

1099 1456 1176 1491 Rex
1189 1457 1353 1501 Anglicus
1377 1468 1453 1491 cum
1477 1467 1551 1492 toto
1577 1457 1698 1502 Regno
1718 1458 1822 1492 suoin
1837 1469 1926 1501 parte
1938 1458 2048 1493 nostra

1100 1506 1240 1541 fideliter
1259 1506 1374 1545 stabit,
1399 1507 1434 1540 δε
1457 1508 1646 1541 Dominum
1670 1507 1794 1551 Papam
1816 1507 2010 1542 Paschalem
2035 1530 2053 1546 „

1100 1566 1199 1600 quem
1220 1566 1282 1590 nos
1302 1565 1449 1590 tenemus
1459 1567 1478 1597 ,⁴
1506 1557 1540 1592 δε
1564 1557 1631 1600 ipse
1655 1556 1782 1593 tenebit
1801 1583 1812 1599 ,
1846 1558 1880 1592 &
1902 1557 2048 1592 nostram

1102 1615 1226 1654 partem
1238 1605 1483 1647 manutenebit.
1503 1606 1547 1640 Et
1558 1606 1600 1641 de
1618 1607 1779 1641 Rolando
1802 1606 2020 1642 schismatico
2035 1632 2050 1649 ,

1102 1658 1231 1704 vel-ejus
1241 1665 1330 1701 parte
1338 1655 1478 1701 amplius
1494 1654 1539 1694 de
1559 1663 1673 1693 ‚caetero
1690 1656 1722 1688 se
1732 1667 1802 1689 non
1823 1657 2023 1696 intromittet
2034 1682 2047 1690 .

1102 1708 1177 1741 Nos
1191 1704 1301 1749 itaque
1310 1704 1418 1741 detua
1439 1702 1618 1743 dilectione
1636 1704 1672 1743 ἀ
1693 1704 1855 1742 fidelitate
1878 1706 2048 1741 confiden-
2115 1738 2118 1740 ,

1102 1766 1173 1795 tes,
1197 1755 1231 1789 δε
1249 1754 1426 1798 plurimam
1448 1752 1602 1790 fiduciam
1622 1752 1783 1793 habentes
1805 1781 1816 1798 ,
1851 1755 2046 1792 mandamus

1102 1803 1332 1840 tibiattentius
1352 1814 1528 1842 monentes
1547 1817 1586 1840 ac
1609 1806 1851 1849 praecipientes,
1879 1816 1915 1842 ut
1937 1808 2048 1851 praedi-

1102 1857 1190 1890 &um
1210 1855 1452 1899 juramentum,
1476 1855 1568 1899 quod
1591 1867 1652 1890 nos
1673 1857 1801 1900 propria
1824 1868 1925 1892 manu
1937 1858 2047 1892 nostra

1102 1916 1214 1941 coram
1236 1905 1447 1949 Principibus
1467 1906 1664 1950 juravimus,
1691 1906 1725 1940 &
1745 1905 1802 1951 ipsi
1823 1905 1992 1950 Principes
2003 1907 2048 1950 ju-

1103 1966 1255 1991 taverunt
1269 1956 1301 1989 δε
1311 1957 1541 1997 firmaverunt,
1568 1957 1717 1999 ipsecum
1728 1955 1884 1993 omnibus
1899 1957 2046 1991 Ecclefiae

1104 2016 1167 2040 tuat
1179 2004 1328 2040 fidelibus
1340 2005 1423 2048 jures
1439 2006 1474 2043 ἀ
1485 2005 1632 2041 observes
1652 2030 1664 2047 ‚
1689 2007 1722 2044 &
1742 2007 1877 2052 fingulis
1893 2007 2049 2040 Domini·

1104 2057 1151 2090 cis
1161 2054 1428 2092 diebus&Festis
1439 2055 1474 2092 in
1500 2056 1630 2100 publica
1653 2055 1750 2091 Miffa
1763 2081 1774 2099 ‚
1794 2053 1881 2091 ficut
1901 2056 2045 2091 edictum

1104 2106 1195 2140 cst&
1209 2104 1366 2143 sancitum
1378 2106 1398 2141 a
1423 2105 1518 2141 nobis
1536 2107 1571 2142 ,ὃς
1591 2106 1608 2140 ὲ
1626 2105 1853 2150 Principibus,
1882 2107 2046 2151 publicam

1105 2156 1304 2191 Orationem
1316 2156 1535 2198 pronomine
1558 2156 1646 2201 Papa
1669 2155 1821 2194 Paschali
1842 2159 2045 2194 nominatim

1105 2204 1288 2244 &affidue‚
1313 2204 1445 2241 intus&
1457 2206 1536 2240 foris
1549 2231 1560 2246 ,
1589 2207 1903 2251 praecipiasrecitari.

1157 2255 1310 2290 Edictum
1322 2255 1454 2301 quoque
1466 2255 1511 2290 est
1533 2257 1567 2292 ἀ
1586 2257 1763 2298 statutum,
1789 2268 1827 2295 ut
1851 2257 1920 2293 haec
1931 2258 2046 2293 omnia

1105 2303 1285 2348 juramenta
1298 2306 1380 2341 insta
1404 2307 1460 2341 sex
1481 2304 1703 2343 hebdomadas
1717 2307 1761 2344 ab
1774 2309 1930 2343 omnibus
1956 2320 2045 2343 com-

1107 2355 1274 2400 pleantur.
1303 2355 1410 2403 Quid
1431 2355 1582 2401 fialiquis
1605 2355 1873 2398 Monwhorum,
1900 2358 2046 2392 Clerico-

1106 2417 1198 2446 rum,
1224 2406 1399 2442 Laicorum
1421 2406 1455 2441 in
1478 2407 1621 2451 Imperio
1644 2406 1756 2441 nostro
1781 2406 1860 2443 huic
1871 2408 2046 2441 confirma·

1105 2455 1189 2490 tioni
1201 2456 1236 2491 δε
1248 2457 1356 2494 εάἰέὶο
1372 2456 1485 2493 nostro
1497 2480 1507 2496 ,
1531 2457 1644 2502 aliquo
1656 2455 1757 2492 modo
1778 2457 1810 2492 se
1822 2457 2043 2500 opponendo,

1104 2507 1361 2548 contradixerit,
1387 2517 1512 2541 certum
1527 2507 1562 2542 fit
1583 2505 1668 2548 apud
1681 2515 1713 2541 te
1731 2530 1743 2549 ‚
1766 2505 1857 2550 qued
1879 2507 1960 2541 ficut
1985 2518 2042 2550 pua

1105 2555 1208 2593 blicus
1227 2555 1330 2592 hostis
1352 2555 1482 2599 Imperii
1506 2580 1517 2596 ,
1543 2554 1664 2599 absque
1685 2557 1781 2593 omni
1802 2558 1857 2600 spe
1879 2568 2043 2599 recupera·

1103 2606 1205 2642 tionis
1219 2633 1230 2650 ‚
1255 2608 1418 2651 judicatus
1430 2605 1476 2640 est
1496 2603 1732 2646 acclamamus,
1746 2606 1792 2641 ‘ec
1813 2604 1855 2641 ab
1880 2607 2043 2641 omniof-

1102 2656 1199 2698 ficio,
1226 2657 1415 2694 &honore‚
1439 2657 1472 2690 δι
1487 2654 1650 2689 beneficio
1673 2654 1868 2690 destitutus.
1899 2656 2042 2693 Litteras

1101 2706 1234 2750 quidem
1255 2706 1438 2741 vocationis
1458 2704 1519 2742 tibi
1539 2705 1773 2741 transmisimus
1795 2730 1806 2746 ‚
1833 2707 1867 2741 ὅς
1893 2708 1969 2750 quia
1995 2708 2041 2740 se·

1100 2758 1245 2793 cundum
1267 2755 1473 2800 prudentiam
1492 2765 1585 2789 tuam
1608 2755 1704 2790 nobis
1725 2756 1916 2793 necessarius
1948 2754 2041 2793 valde

1100 2807 1225 2848 fuisses,
1253 2806 1344 2851 quod
1355 2806 1466 2843 litterae
1477 2804 1593 2841 nostrae
1609 2806 1648 2840 ad
1661 2817 1694 2840 te
1712 2817 1780 2840 non
1795 2806 2003 2850 pervenerint
2028 2830 2041 2847 ,

1101 2858 1195 2892 valde
1205 2858 1375 2892 dolemus.
1401 2857 1537 2893 Interim
1548 2856 1648 2892 etiam
1660 2856 1804 2900 partibus
1823 2858 1888 2891 tuis
1911 2857 2042 2900 praesen-

1098 2908 1178 2943 tiam
1186 2908 1327 2942 nostram
1339 2905 1568 2950 praestolaberis
1580 2920 1591 2940 .-
1617 2906 1666 2940 Ibi
1688 2905 1766 2941 cum
1789 2906 1963 2941 viciniores
1979 2906 2040 2941 eri-

1098 2963 1192 3000 mus,
1218 2956 1467 3003 fiquidjustitiae
1477 2956 1536 2993 tibi
1550 2955 1690 2994 defuerit
1704 2981 1716 3000 ,
1740 2968 1798 3003 per
1819 2957 1933 2994 omnia
1952 2966 2041 2992 com·

1097 3007 1257 3056 plebimus
1269 3031 1281 3043 .

1883 3507 1992 3542 Epl-
2035 3485 2041 3489 ’
