2358 3776
325 121 396 187 '44

266 205 302 247 ἰὲ
310 209 444 245 aderant
454 229 464 248 ,
489 205 652 247 conversi,
680 202 732 239 his
753 215 809 240 eos
823 203 925 240 verbis
948 203 982 238 in
995 205 1160 248 proprium
1169 204 1204 239 ὃς
1219 209 1227 260 ξ

263 261 366 295 totius
378 255 492 292 Patriae
506 255 632 290 Patrem
642 267 765 290 armare
777 280 788 296 ,
815 254 982 291 caffolicet
996 254 1104 289 labore
1115 280 1125 294 ,
1150 267 1205 289 co·
1219 262 1225 299 ζι

260 310 334 345 ‘nati
345 310 418 342 sunt
431 318 443 340 .’
468 309 619 351 Expone
640 307 758 338 Domini
769 309 857 350 Regis
873 309 1063 347 praecipimus
1084 305 1169 338 vobis
1193 329 1203 345 ,
1219 303 1223 341 ἶ

264 368 300 392 ut
306 357 384 390 bunc
393 355 540 391 bornenem
550 368 587 390 ne
597 358 746 399 quoquam
753 357 894 389 divertat
904 379 914 395 ‚
940 355 1095 399 diligenter
1114 356 1204 396 custo-

260 409 358 444 diam·
371 430 383 448 ,
406 404 510 450 rursus
521 408 608 441 illum
620 410 716 451 Regi,
741 407 806 438 cim
827 411 853 438 ei
860 406 1005 447 placetum
1008 404 1127 445 fuerit,
1155 417 1204 437 re-

256 455 471 501 praesentaturi
489 481 498 489 .
535 457 624 491 Cum
649 453 791 501 denique
813 455 992 490 sermonem
1010 455 1125 489 iterum
1148 455 1202 488 ite·

259 558 351 601 ,Quid
359 556 478 595 effhoc?
503 559 653 599 Nonquia
661 566 706 589 me
711 555 793 599 fuga
813 555 875 589 labi
886 556 961 589 velle
969 557 1113 597 putatis?
1138 559 1203 593 Nec

260 613 318 650 pro
336 610 434 651 Rege,
462 617 511 640 nec
517 615 574 649 pro
583 607 682 648 aliquo
701 611 874 640 viventium
882 604 994 649 fugam
1009 605 1102 638 inibo.
1131 610 1202 638 Non

257 662 332 690 vem·
343 667 376 690 ut
391 656 550 701 fugerem,
572 655 666 699 sedat
670 657 867 700 grassantium
878 658 991 688 rabiem
1011 679 1021 695 ,
1047 657 1082 690 ὁ·
1104 661 1202 697 impio-

258 717 326 743 rum
337 707 486 740 malitiam
500 703 677 749 exspec‘i'em.
705 705 865 741 satellites
890 705 1062 749 inquiunt:
1088 708 1162 739 Vere=
1191 729 1201 745 ‚

257 758 350 797 vere,
378 758 495 791 volente
507 760 586 799 Deo,
613 768 671 790 non
692 755 831 800 effugies.
861 755 934 788 Nec
953 754 1201 789 administrave-

255 816 306 840 rat
319 805 452 841 verbum
465 805 549 841 istud
570 807 640 840 viro
651 806 848 841 Saristiffimo
862 806 894 839 in
908 804 1010 851 Regis
1021 804 1198 847 despecstum

253 855 369 891 'inflata
381 855 546 900 superbia,
574 857 626 891 sed
646 857 680 890 in
707 857 834 890 virtutis
853 856 1041 899 exemplum
1062 856 1198 889 fundata

254 904 293 943 in
308 906 440 941 Christo
454 907 588 951 perfetta
601 905 801 941 constantia:
831 905 895 940 illis
911 906 1022 949 itaque
1042 905 1077 939 in
1085 905 1200 940 tumul.

254 963 292 990 tu
302 958 449 990 maximo
459 958 491 991 ἀ
504 955 714 991 contumeliis
725 955 967 1001 egredientibus
978 980 990 996 ,
1015 954 1199 999 plurimum-

255 1016 320 1049 que
331 1006 608 1041 comminantibus
618 1030 629 1047 ,
655 1007 781 1042 secutus
791 1006 836 1040 est
855 1017 913 1041 eos
934 1003 1036 1041 Archi
1046 1020 1058 1031 ·
1071 1005 1198 1049 Episco-

255 1066 318 1101 pus
327 1058 429 1100 usque
438 1056 478 1090 ad
489 1056 608 1090 ostium
648 1055 783 1091 thalami
796 1080 808 1096 ,
833 1055 1016 1101 Hugonem
1027 1055 1067 1090 de
1078 1056 1176 1089 More
1188 1074 1198 1080 -

254 1105 332 1140 villa
342 1130 352 1147 ,
379 1106 436 1150 qui
447 1107 567 1140 caeteris
578 1107 657 1140 ficut
679 1105 852 1140 nobilitate
864 1106 993 1151 generis
1006 1129 1017 1146 ,
1037 1106 1080 1140 ita
1092 1107 1125 1139 <St
1140 1106 1198 1139 vir-

251 1164 323 1191 tute
333 1155 469 1190 tationis
478 1155 616 1191 debebat
629 1156 832 1200 praeeminere
843 1180 854 1196 ,
881 1166 916 1190 ut
928 1157 1034 1190 secum
1057 1157 1198 1190 reversus

252 1206 461 1249 loqueretur,
487 1206 691 1239 inclamans.
719 1205 844 1240 Verum
858 1206 940 1245 illo,
967 1205 1158 1249 reliquisque
1184 1230 1195 1245 ,

251 1266 368 1299 utpote
386 1255 443 1299 qui
464 1254 528 1298 jam
553 1256 668 1298 seipsos
691 1266 752 1298 prae
773 1256 879 1289 furore
896 1266 1007 1298 capere
1019 1267 1087 1288 non
1110 1266 1196 1298 pote·

253 1316 326 1341 rant
340 1330 351 1346 ,
377 1316 452 1340 cum
465 1305 609 1348 superbia
620 1304 897 1349 &indignatione
908 1304 1102 1339 abeuntibus
1115 1330 1126 1344 ,
1152 1317 1196 1339 re-

251 1357 358 1391 versus
384 1356 432 1388 vir
444 1355 584 1390 Domini
609 1354 752 1395 recedit,
778 1355 813 1391 δε
832 1355 873 1391 de
895 1354 1196 1400 hujusmodiRegis

240 1404 419 1452 ,Mandatis
428 1430 438 1445 ,
465 1416 503 1438 ac
515 1405 690 1440 satellitum
702 1405 949 1442 contumeliosis
962 1405 1065 1439 verbis
1085 1416 1194 1438 coram

247 1456 312 1490 suis
332 1454 528 1497 conquestus
547 1455 610 1488 est.
640 1454 744 1490 Unus
766 1465 876 1488 autem
897 1455 1102 1489 Clericorum
1126 1455 1196 1489 suo·

248 1515 320 1538 rum
338 1527 348 1542 ,
374 1503 525 1538 videlicet
537 1504 696 1548 Magister
706 1505 847 1547 Joannes
868 1505 1072 1544 Saresberiae,
1101 1504 1148 1537 vir
1161 1505 1195 1538 li-

246 1563 385 1589 terarum
408 1552 587 1585 multarum
601 1574 611 1591 ,
639 1552 835 1594 eloquentiae
855 1564 1003 1596 magnae,
1031 1552 1197 1595 profundi-

246 1615 312 1647 que
326 1601 472 1642 consilii,
501 1600 636 1644 &quod
657 1600 708 1634 his
727 1601 831 1644 majus
840 1601 885 1635 est
899 1625 910 1640 ,
937 1601 970 1634 in
1000 1600 1066 1634 Dei
1077 1602 1196 1634 timore

245 1655 402 1689 &amore
413 1650 590 1690 fundatus,
616 1651 828 1692 conquerenti
853 1651 919 1683 tale
941 1650 1033 1685 dedit
1068 1651 1195 1692 respon·

249 1705 321 1739 sum
334 1715 344 1735 .-
373 1703 519 1738 Domine,
547 1710 595 1732 res
608 1704 698 1741 ntrnts
711 1698 900 1730 admirabilis
912 1698 950 1737 est
960 1722 971 1738 ,
996 1701 1078 1740 quod
1089 1701 1196 1732 nullius

245 1754 387 1788 admittis
401 1747 546 1791 consilium
559 1773 566 1781 .
593 1750 638 1782 Et
648 1759 717 1789 quae
729 1747 870 1787 neceffltas
875 1746 946 1790 fuit
957 1749 1139 1780 excellentus
1149 1754 1196 1780 vi·-

248 1814 283 1838 ro
290 1803 337 1835 ad
342 1800 518 1842 ampliorem
540 1800 737 1841 malignorum
751 1797 864 1831 illorum
871 1797 1124 1830 exacerbationem
1127 1795 1151 1839 s
1146 1809 1196 1830 ur-

242 1864 336 1899 gere,
360 1849 461 1892 &post
471 1861 517 1882 eos
527 1849 573 1881 ad
580 1847 678 1887 ostium
690 1845 779 1890 usque
786 1847 957 1889 procedere?
980 1845 1196 1889 Nonne'satius

244 1902 311 1946 effer
322 1926 334 1942 ,
358 1905 567 1934 communicato
575 1907 643 1930 cum
653 1896 701 1930 bis
716 1922 726 1936 ,
752 1903 808 1939 qut
814 1894 983 1940 presentes
990 1895 1062 1940 sunt
1073 1897 1196 1938 confiteo,

243 1957 350 1987 mitius
362 1954 404 1983 eis
415 1948 521 1990 dediffe
546 1945 713 1990 responsum
725 1970 736 1986 ,
761 1953 813 1990 qui
834 1946 891 1980 nbi
912 1948 1064 1990 quidquid
1082 1947 1197 1990 poffunt

246 1998 561 2037 machinamurmati,
587 1998 666 2031 &ut
677 2005 707 2031 te
728 1997 774 2030 ad
795 1998 982 2030 iracundiam
998 2005 1196 2039 provocatum

247 2057 282 2088 in
284 2049 418 2095 sermone
425 2046 534 2090 saltem
543 2051 664 2088 capiant
676 2071 684 2079 .
711 2045 844 2081 sanetus
860 2056 990 2085 autem,
1016 2049 1139 2090 quipro
1150 2047 1195 2090 ju·

245 2097 535 2137 stitia&libertate
557 2096 702 2131 Ecclefiae
712 2095 752 2130 ad
776 2096 892 2130 mortis
913 2097 1099 2140 angustias,
1127 2107 1196 2130 tan·

248 2152 349 2197 quam
368 2149 409 2185 ad
429 2147 550 2191 quietis
571 2145 703 2180 delicias
725 2144 921 2187 suspirabat,
950 2146 1073 2189 inquit:
1102 2145 1195 2187 confi·

244 2201 394 2244 {jamjam
407 2206 500 2232 totum
520 2204 668 2238 acceptum
687 2194 742 2235 est.
770 2200 856 2231 Novi
875 2193 956 2239 saris
968 2197 1043 2237 quid
1049 2207 1133 2238 agere
1147 2198 1195 2228 de-

246 2252 352 2287 beaem.
381 2249 424 2284 Et
435 2247 593 2297 Magister
603 2247 768 2295 Joannes:
794 2248 937 2286 Utinam,
953 2255 1103 2280 annuente
1119 2249 1193 2290 Deo,

244 2302 352 2338 bom
372 2296 411 2345 fit
420 2322 428 2333 .

448 2399 824 2436 CAPUT
921 2397 1010 2435 XV.

449 2501 602 2544 ,Quomodo
614 2502 725 2535 mileses
738 2499 772 2544 ft
791 2506 1002 2541 armaverint.

326 2599 487 2635 GRESSI
514 2600 615 2645 igitur
633 2598 754 2634 milites
774 2597 954 2644 prophani,
979 2599 1065 2634 &ad
1090 2599 1195 2634 socios

353 2649 572 2692 &complices
583 2650 658 2684 suos
680 2651 714 2683 in
740 2650 875 2684 Curiam
897 2650 1134 2691 accelerantes,
1159 2650 1194 2684 δε

248 2705 282 2737 se
300 2700 443 2735 velocius
466 2710 644 2738 armanteS,
671 2700 780 2732 reversi
802 2700 874 2733 sunt
896 2701 931 2733 in
961 2699 1092 2738 loricis,
1119 2710 1193 2733 cum

249 2752 370 2798 gladiis
382 2751 415 2784 δε
428 2750 590 2784 securibus
605 2772 616 2788 ‚
642 2748 777 2782 arcubus
793 2749 826 2782 &
840 2749 963 2793 sagittis
973 2772 983 2787 ,
1012 2750 1045 2784 &
1059 2749 1106 2783 bis
1117 2762 1195 2784 acu-

248 2803 312 2843 tis,
337 2799 750 2838 &caeterisinstrumentis‚
778 2798 827 2832 vel
838 2797 878 2832 ad
891 2800 972 2833 seras
995 2800 1028 2833 ὅτ.
1052 2799 1132 2834 ostia
1144 2800 1194 2834 de·

251 2850 419 2886 molienda
432 2873 442 2889 ,
469 2849 518 2882 vel
532 2849 572 2882 ad
581 2849 806 2892 excogitatum
819 2846 983 2892 flagitium
1004 2850 1197 2893 mancipan-

250 2902 331 2936 dum
344 2899 468 2933 effectui
480 2923 487 2930 .
514 2898 744 2932 Praecurrentes
755 2898 831 2932 vero
842 2898 942 2941 aliqui
954 2899 994 2932 ad
1005 2898 1197 2943 Archi-Epi-

248 2954 386 2994 scopum
406 2948 614 2982 clamabant.-
641 2952 787 2990 Domine,
814 2951 961 2988 Domine,
988 2958 1110 2982 armant
1126 2948 1161 2993 se
1188 2975 1195 2982 .

252 3000 386 3037 Atille:
414 2999 599 3042 Quaecura?
619 2996 708 3040 finite
719 3009 856 3030 armare.
886 2998 961 3032 Erat
975 2998 1009 3031 in
1035 3000 1199 3034 detestan-

252 3051 294 3086 da
305 3050 438 3085 illorum
450 3048 604 3082 societate
625 3048 818 3091 perditionis
838 3047 895 3082 ille
916 3048 1020 3081 Filius
1034 3049 1199 3084 Robettus

254 3101 296 3135 de
308 3101 393 3135 Broc
405 3123 416 3140 ,
442 3109 539 3142 quem
551 3107 680 3141 propter
692 3097 847 3132 scelerum
870 3098 1001 3131 suorum
1025 3101 1197 3133 enormita-

253 3161 321 3186 tem
335 3149 391 3184 die
413 3148 532 3183 natalis
554 3148 696 3181 Domini
715 3147 1031 3182 anathematizatum
1044 3171 1054 3187 ,
1081 3149 1099 3182 a
1112 3161 1199 3183 com·

255 3197 571 3236 munionefidelium
593 3198 805 3241 prosciderat,
836 3198 1101 3240 quiintroitus&
1126 3201 1198 3232 exi-

255 3260 308 3285 tus
318 3250 424 3284 Curiae
434 3258 568 3282 noverat
587 3248 753 3282 universos
765 3272 775 3288 ,
802 3248 917 3291 utpote
931 3247 1078 3291 quidum
1091 3249 1197 3282 exula-

255 3309 305 3334 ret
319 3298 420 3332 Archi
434 3298 653 3341 -Episcopus,
689 3298 746 3331 sub
766 3298 918 3332 Domino
945 3297 999 3330 suo
1021 3297 1199 3340 Ranulpho

259 3348 300 3382 de
312 3348 396 3382 Broc
418 3349 518 3382 totius
542 3346 891 3390 Archi-Episcopatus
915 3347 1068 3382 habuerat
1090 3348 1199 3382 custo-

259 3398 366 3431 diam.
395 3398 487 3430 Dum
513 3399 612 3441 igitur
633 3396 754 3430 ostium
777 3397 871 3430 Aulae
889 3408 1047 3440 occupare
1068 3397 1199 3432 festina-

267 3452 337 3482 tent
351 3472 362 3488 ,
387 3447 636 3491 praecaventibus
645 3447 773 3483 famulis
794 3446 911 3482 exclufi
930 3448 1022 3483 sunt.
1050 3447 1200 3494 Cumque

1219 342 1223 366 l

1218 372 1224 447 l

1213 1417 1217 1449 l

1208 1691 1218 2697 &m

1218 448 1224 535 l

259 517 397 549 rumque
407 506 638 551 replicantibus
647 503 812 549 respondit
821 505 892 549 pius
903 505 998 539 Pater
1010 516 1067 547 pro
1088 505 1180 540 Filiis
1195 515 1202 535 :
1218 536 1222 543 5

1221 1466 1228 1480 Ι

1078 116 1437 168 VITA

1266 203 1659 250 ostioelauso&objedtis
1670 205 1839 247 obicibus,
1868 209 1993 250 prorsus
2003 208 2050 244 eis
2074 206 2214 254 denega*
2263 195 2268 204 x

1266 262 1318 288 tus
1328 258 1589 307 essetintroitus,
1616 258 1734 291 ducatu
1749 258 1868 300 praefati
1883 257 2018 293 Roberti
2029 260 2070 294 ad
2092 260 2211 304 gradus

1268 306 1421 348 quosdam
1435 307 1636 347 secretiores,
1662 318 1715 350 per
1735 318 1817 348 quos
1837 306 1879 341 de
1901 305 2048 341 thalamo
2070 311 2211 343 exterio-

1270 355 1294 387 ri
1307 355 1340 388 in
1352 358 1532 399 pomerium
1553 366 1620 390 erat
1642 356 1830 397 descensus,
1855 356 2051 401 quantocius
2072 358 2210 392 diverte-

1270 414 1366 446 runt,
1391 407 1607 451 proximaque
1620 407 1757 440 fenestra
1774 406 1951 446 demolita,
1976 408 2077 442 etiam
2088 406 2210 443 ostium

1271 455 1461 490 reserarunt.
1489 456 1641 500 Cumque
1651 456 1824 491 fortiffimo
1845 456 1911 490 Dei
1933 454 2062 492 athleta:
2084 456 2103 491 a
2130 467 2205 500 prae·

1267 505 1469 541 currentibus
1480 506 1611 541 famulis
1622 507 1768 549 undique
1787 506 2002 547 acclamatum
2014 507 2090 541 estet
2110 516 2147 541 ut
2159 508 2213 541 fu·

1266 565 1373 599 geret,
1402 556 1458 589 ille
1471 555 1522 590 cui
1536 555 1724 590 nihilvilius
1735 565 1802 590 erat
1811 555 1911 601 qnam
1930 566 2071 591 mortem
2093 556 2211 591 timere

1267 615 1325 648 pro
1338 604 1489 646 Christo,
1517 618 1576 640 nec
1591 606 1667 639 loco
1682 617 1740 639 nec
1749 606 1864 641 animo
1875 607 2059 641 motnsest.
2086 605 2210 641 Instan-

1268 654 1353 689 tibus
1364 655 1461 689 etiam
1480 664 1545 688 tam
1558 656 1697 690 Clericis
1706 656 1801 699 quam
1812 655 2014 697 Monachis,
2041 656 2210 699 &oppido

1267 704 1361 738 illum
1382 704 1422 739 ad
1447 705 1558 750 fugam
1581 704 1807 746 hortantibus,
1842 704 2063 741 nihilominuS
2083 705 2213 740 sedebat

1268 755 1467 799 intrepidus,
1495 756 1634 789 nesciens
1658 767 1734 791 cum
1755 754 1826 798 his,
1852 756 1908 801 qui
1931 756 1971 791 ad
1993 766 2122 800 tempus
2146 768 2212 790 cre·

1265 803 1366 845 dunt,
1396 806 1431 839 in
1454 815 1598 849 tempore
1619 806 1811 840 tentationis
1834 806 1981 841 recedere
2002 831 2009 839 .
2047 804 2210 840 Monachi

1268 853 1341 888 vero
1354 879 1364 894 ,
1390 855 1444 898 qui
1461 855 1545 890 forte
1564 856 1659 898 pauci
1689 855 1844 896 aderant,
1871 858 1973 891 seram
1993 854 2068 890 ostii
2085 880 2096 896 ,
2120 855 2211 898 quod

1267 903 1437 939 Ecclesiam
1459 917 1513 949 per
1536 905 1722 940 claustrum
1743 905 1884 941 ducebat
1900 931 1911 946 ,
1935 908 2176 952 confungentes
2200 929 2213 947 ,

1266 953 1393 990 Patrem
1404 956 1517 997 suum,
1543 954 1772 991 licetinvitum
1788 981 1798 997 ‚
1824 954 1960 991 educere
1984 954 2175 1001 satagebant
2201 978 2215 997 ,

1266 1003 1486 1039 honestiorem
1498 1005 1528 1038 ei
1541 1005 1731 1040 discedendi
1743 1006 1883 1040 caussam
1897 1015 2114 1049 proponentes
2124 1030 2137 1047 ,
2153 1004 2216 1040 ho-

1266 1067 1329 1088 ram
1344 1053 1589 1096 videliceteffe‚
1615 1067 1679 1099 qua
1702 1067 1778 1090 eum
1800 1055 1834 1089 in
1855 1055 1995 1090 Ecclesia
2019 1055 2213 1099 vespertinas

1265 1105 1541 1148 laudesoporteret
1551 1105 1732 1139 exsolvere.
1759 1104 1863 1139 Tunc
1875 1105 2027 1146 Sanetus,
2051 1106 2212 1140 Domini-

1264 1167 1338 1189 cum
1365 1156 1447 1189 illud
1468 1164 1659 1198 praeceptum
1680 1155 1829 1188 etiamad
1854 1156 1995 1189 litteram
2019 1165 2086 1187 non
2101 1155 2215 1188 imme-

1265 1217 1336 1239 mor
1345 1205 1512 1239 observare
1522 1230 1532 1246 ,
1562 1208 1627 1249 ‚Qut
1638 1207 1704 1238 vult
1717 1212 1820 1239 venire
1830 1203 1889 1247 poll
1900 1216 1943 1237 me
1957 1230 1967 1244 ,
1991 1205 2117 1247 abneget
2122 1202 2216 1246 seme·

1263 1255 1379 1298 tipsum
1392 1279 1402 1295 ,
1430 1257 1464 1290 (9*
1474 1256 1560 1288 tollat
1572 1260 1697 1288 Crucem
1702 1253 1792 1298 suam
1806 1280 1816 1295 ,
1843 1254 2023 1298 &sequatur
2036 1266 2081 1288 me
2091 1279 2102 1294 ,
2131 1254 2214 1288 Cru-

1263 1316 1333 1339 cem
1357 1304 1488 1349 praeferri
1512 1304 1569 1339 fibi
1595 1307 1753 1348 praecepit.
1782 1306 1947 1349 'Egressus
1969 1315 2078 1338 autem
2097 1303 2172 1338 cum
2194 1304 2214 1336 a.

1262 1355 1527 1389 commeantibus
1549 1356 1725 1388 accelerare
1749 1365 1919 1399 cogeretur
1940 1378 1950 1394 ,
1988 1354 2074 1398 quali
2099 1355 2213 1397 fugam

1262 1405 1448 1439 erubescens
1460 1405 1596 1449 gradum
1617 1405 1707 1438 fixit.
1739 1404 1936 1439 Instantibus
1959 1414 2070 1439 autem
2094 1402 2216 1438 nihilo·

1263 1456 1372 1488 minus
1384 1454 1581 1495 Monachis‚
1609 1456 1640 1489 ὅ(
1655 1466 1689 1489 ut
1714 1454 1902 1498 procederet
1920 1454 2047 1498 oppido
2069 1453 2215 1496 compel-

1264 1505 1405 1539 lentibus
1417 1529 1428 1544 ,
1454 1504 1517 1537 five
1529 1506 1603 1546 quia
1619 1505 1842 1549 irreverentius
1851 1503 1949 1538 solito
1963 1529 1973 1545 ,
2000 1505 2064 1538 five
2081 1514 2116 1538 ut
2140 1504 2214 1537 suos

1263 1555 1470 1588 confirmaret
1481 1555 1515 1588 δε
1526 1555 1750 1588 consolaretur
1762 1579 1773 1595 ,
1799 1555 1866 1589 haec
1876 1555 1922 1590 eis
1933 1554 2025 1589 verba
2038 1552 2152 1597 saepius
2170 1563 2216 1586 re-

1264 1601 1429 1644 plicabat.-
1455 1605 1544 1645 ,Quid
1565 1602 1602 1640 esl
1624 1603 1695 1642 hoc,
1722 1609 1864 1643 Domini,
1905 1606 1980 1646 quid
1991 1604 2174 1646 formidans
2199 1603 2216 1636 2

1265 1651 1417 1694 Cumque
1430 1650 1469 1684 ad
1481 1650 1600 1685 ostium
1615 1651 1725 1685 Clausi
1733 1652 1755 1684 ri
1771 1653 2079 1696 appropinquassent
2089 1652 2143 1690 ‚&
2155 1663 2216 1687 nec

1265 1701 1345 1732 illud
1359 1701 1567 1742 confringere
1581 1700 1725 1740 possent,
1755 1713 1814 1734 nec
1837 1702 1961 1734 clavem
1984 1712 2044 1743 prae
2066 1701 2220 1735 manibus

1264 1746 1442 1787 haberent,
1468 1758 1544 1780 ecce
1556 1748 1721 1780 Cellerarii
1748 1750 1816 1782 duo
1840 1749 2086 1782 Cantuarienfis
2099 1751 2218 1784 Eccle-

1265 1797 1335 1837 fiae,
1364 1794 1591 1830 Richardus&
1616 1797 1837 1836 Wilhelmus,
1863 1798 1920 1842 qui
1943 1798 2057 1832 audito
2071 1799 2215 1834 tumultu

1263 1846 1477 1881 &collisione
1488 1856 1650 1880 armorum
1663 1858 1717 1890 per
1733 1850 1816 1881 viam
1829 1844 1968 1882 ‘claustri
1984 1872 1995 1888 ,
2022 1848 2069 1881 illi
2091 1845 2215 1891 praepa-

1264 1896 1377 1930 rabant
1391 1896 1509 1930 ostium
1523 1921 1534 1937 ,
1564 1896 1651 1931 idem
1664 1898 1773 1933 avulsa
1786 1898 1851 1933 sera
1862 1898 2007 1934 venienti
2019 1897 2218 1944 Archi-Epi·-

1266 1948 1364 1990 scopo
1388 1948 1620 1989 patefecerunt.

1493 1997 1536 2025 W
1563 1996 1576 2028 1
1604 1997 1632 2031 L
1660 1997 1694 2030 H
1725 1999 1750 2030 E
1778 1999 1806 2033 L
1832 1999 1873 2033 M
1902 1998 1941 2035 U
1968 1999 2008 2033 S.

1315 2044 1500 2080 PRAECU
1508 2045 1750 2081 RRERANT
1762 2049 1825 2090 jam
1846 2060 1901 2093 per
1913 2048 2060 2083 medium
2076 2045 2213 2085 fratrum

1266 2095 1408 2138 vesperas
1430 2097 1634 2129 cantantium
1653 2097 1720 2132 duo
1746 2100 1833 2142 pueri
1857 2123 1868 2139 ,
1894 2100 1965 2143 plus
1986 2100 2095 2134 furore
2112 2098 2215 2144 quam

1265 2156 1344 2180 voce
1360 2144 1515 2179 hostilem
1529 2146 1729 2181 invalionem
1745 2148 1943 2185 nunciantes
1955 2174 1963 2182 .

1436 2243 1810 2282 CAPUT
1914 2248 2027 2284 xvi„

1376 2349 1422 2380 De
1443 2347 1564 2391 ingressu
1587 2345 1848 2390 Archi-Episeoffl
1868 2353 1900 2379 m
1923 2347 2080 2388 Beclefiam
2092 2374 2101 2382 .

1364 2446 1531 2482 UDITO
1557 2446 1659 2490 igitur
1672 2447 1882 2481 Armatorum
1896 2448 2088 2491 superventu
2101 2471 2112 2488 ,
2137 2446 2212 2489 qui-

1378 2497 1451 2531 dam
1464 2509 1505 2531 ex
1518 2497 1667 2531 fratribus
1679 2498 1718 2531 ad
1730 2498 1926 2532 Orationem
1947 2495 2055 2531 adhuc
2077 2497 2212 2540 persiste-

1262 2545 1368 2587 bant,
1393 2546 1525 2590 quidam
1540 2548 1692 2581 timentes
1716 2548 1906 2581 diverticula
1929 2547 2099 2590 petebant.
2126 2546 2214 2594 Qi-

1263 2596 1397 2630 busdam
1410 2597 1486 2631 vero
1509 2598 1678 2631 subvenire
1703 2596 1913 2636 volentibus,
1949 2597 2055 2630 exivit
2074 2596 2210 2639 quidam

1261 2659 1301 2681 ex
1313 2647 1465 2681 fratribus
1477 2648 1607 2681 dicens:
1634 2648 1811 2690 Ingredere,
1839 2650 1930 2680 Pater
1940 2648 2114 2690 ingredere,
2142 2657 2208 2678 ma-
2265 2655 2291 2659 *-

1264 2708 1298 2730 ne
1311 2694 1455 2740 nobiscum
1468 2720 1479 2735 ,
1503 2696 1571 2738 utfi
1581 2697 1683 2740 neceffe
1693 2696 1729 2736 est
1741 2699 1801 2730 unzi
1823 2702 2036 2738 compatiamur
2048 2698 2083 2730 (ἃ
2099 2695 2212 2740 glorifi-

1260 2758 1355 2780 cemur
1365 2769 1374 2779 .
1401 2750 1614 2780 Exantmatos
1630 2746 1770 2789 absentia
1778 2757 1832 2779 tua
1841 2744 2007 2788 praesentia
2017 2744 2173 2789 consoletur
2199 2770 2210 2779 .

1265 2798 1464 2840 Respondit:
1492 2802 1537 2830 Ite
1551 2799 1675 2830 Divinae
1682 2795 1842 2840 servitutis
1851 2794 1977 2838 pensum
1995 2797 2113 2837 implete
2124 2820 2131 2827 .
2162 2795 2208 2836 Et

1264 2846 1426 2881 subsistens
1438 2848 1478 2880 ad
1490 2848 1610 2881 ostium
1624 2848 1731 2889 inquit
1743 2860 1754 2879 .·
1781 2847 1936 2890 ‚Quamdiu
1946 2846 2088 2878 timebun
2102 2850 2208 2878 interi-

1263 2906 1327 2930 tum
1336 2922 1348 2938 ‚
1374 2908 1432 2930 non
1441 2897 1567 2930 introibo
1578 2922 1586 2929 .
1614 2896 1816 2931 Cedentibus
1828 2896 1892 2930 illis
1905 2896 2060 2940 ingressus
2084 2895 2211 2929 Mona-

1265 2947 1392 2981 stetium
1408 2947 1549 2980 substitit
1572 2948 1606 2980 in
1631 2946 1743 2979 limine
1755 2969 1765 2985 ,
1791 2947 2012 2988 repellensque
2037 2944 2211 2988 populares

1265 2998 1346 3031 circa
1359 2997 1390 3031 se
1404 2997 1490 3040 quafi
1516 2997 1556 3030 ad
1578 2996 1790 3039 spectaculum
1811 2996 2033 3039 constipatos,
2059 2997 2169 3041 inquit
2195 3008 2209 3030 .-

1268 3046 1435 3094 Qiidnam
1445 3048 1560 3080 metuit
1571 3057 1652 3091 gens
1666 3045 1724 3079 ista
1739 3046 1754 3077 ?
1782 3046 1988 3089 Responsum
1998 3045 2062 3080 est:
2091 3046 2207 3080 Arma·

1266 3109 1316 3132 tos
1326 3097 1359 3130 in
1372 3095 1538 3130 Claustro.
1569 3097 1622 3129 Ad
1638 3096 1721 3140 ipsos
1732 3096 1797 3129 ait:
1825 3099 1928 3129 Exeo.
1948 3094 2209 3130 prohibentibus

1266 3158 1371 3181 autem
1387 3146 1552 3180 Fratribus
1562 3156 1636 3180 eum
1647 3145 1738 3179 exire
1750 3170 1760 3185 ‚
1788 3146 1886 3188 coepit
1897 3147 1981 3180 circa
1993 3147 2092 3179 limen
2103 3144 2217 3178 obser--

1269 3198 1330 3231 vari
1343 3221 1354 3237 ,
1380 3196 1413 3229 ὅ(
1425 3195 1499 3229 cum
1512 3194 1682 3238 procedere
1693 3206 1879 3229 moneretur
1892 3221 1902 3236 ,
1927 3196 1962 3230 <Sc
1973 3196 2013 3228 ad
2023 3195 2128 3228 sansta
2141 3194 2210 3229 san·

1266 3250 1389 3282 storum
1400 3246 1432 3279 se
1442 3246 1586 3280 conferre
1599 3270 1609 3286 ,
1635 3256 1672 3279 ut
1684 3246 1860 3280 deferretur
1869 3247 1899 3280 ei
1912 3258 1953 3279 ex
1970 3245 2150 3278 reverentia
2162 3246 2219 3278 lor-

1268 3299 1296 3331 ci
1308 3322 1318 3338 ‚
1345 3307 1411 3330 non
1436 3294 1596 3338 acquievit
1607 3319 1614 3328 .
1646 3295 1945 3329 Tumultuantibus
1967 3295 2090 3329 interea
2105 3293 2211 3332 Cleri-

1267 3348 1312 3380 cis
1323 3344 1510 3390 quibusdam
1523 3345 1675 3379 fratribus
1685 3370 1694 3386 ‚
1723 3347 1841 3380 vestem
1853 3347 1992 3379 ferreum
2016 3341 2211 3386 obducenti-

1268 3399 1326 3432 bus
1339 3396 1462 3442 inquit:
1491 3394 1578 3428 Abire
1585 3394 1784 3437 pufillantmes
1797 3395 1872 3437 ,fine
1884 3394 2002 3438 miseros
2015 3396 2050 3428 (ν
2060 3405 2146 3426 coecar
2161 3388 2212 3430 de-

1267 3450 1357 3482 lirare
1369 3471 1376 3479 .
1389 3449 1580 3490 Praeciprmus
1593 3451 1625 3479 in
1637 3451 1750 3480 virtute
1759 3446 1933 3480 obedientie
1945 3468 1956 3486 ,
1978 3455 2014 3477 ne
2026 3443 2124 3525 ostgtm
2132 3444 2213 3483 clau,

2085 3497 2145 3524 atis
2157 3517 2162 3524 .
