2358 3776
517 138 557 184 S.
608 136 901 185 THOMAE
956 133 1350 183 CANTUAR.
1402 135 1533 182 Llss.
1573 139 1673 185 111.

114 224 264 260 ‘mot-iam·
285 221 443 256 reducatis
464 246 475 263 ‚
500 223 611 257 vestris
631 222 792 266 provoluti
825 219 959 263 pedibus
988 220 1062 254 affe-

122 271 259 309 stuofius
279 273 503 315 imploramus.
546 273 663 307 Valeat
680 273 803 315 semper
822 271 978 305 Sanctitas
1008 280 1062 304 ve·-

122 325 182 359 stra
194 348 205 363 ,
230 323 331 357 nostri
343 334 470 357 memor
487 333 566 357 ante
579 317 692 357 Deum
704 347 711 354 .

170 372 251 406 Haec
268 375 340 407 sunt
354 373 488 407 nomina
511 371 907 409 &communicator-um,
933 370 988 414 qui
1015 372 1062 406 in·

120 423 324 468 corrigibiles
342 422 728 458 &contumacesinventi
742 445 754 462 ‚
779 419 966 455 denunciari
989 424 1061 461 sunt

120 474 259 509 secunda
271 474 524 509 denunciatione
537 496 547 505 .

121 573 306 615 Gaufredus
332 573 575 607 Cantuariensis
599 571 887 607 Archi-Diaconus
902 595 912 611 ,
939 571 1061 607 Rober-

175 635 225 658 tus
247 621 398 657 Vicarius
415 624 484 666 ejus
502 645 513 662 ‚
545 623 710 657 Ricardus
731 619 772 654 de
794 620 970 655 Welcestre
996 646 1008 663 ,

222 671 405 710 Richardus
431 673 471 707 de
507 673 591 707 Luci
612 697 623 712 ‚
647 670 856 707 wilhelmus
893 671 964 705 Gif-

332 723 422 764 fard,
453 722 561 757 Adam
586 723 627 758 dc
655 720 850 764 cheringis.

271 820 675 859 EPISTOLA
760 820 901 855 LXXX„

475 925 591 956 Amicus
619 925 734 955 Amico.

114 1022 425 1112 ·ACTIONES
460 1021 636 1066 gratiarum
666 1021 789 1056 debitas
825 1021 960 1070 parturit
994 1021 1059 1055 ani-

240 1084 311 1107 mus
359 1073 412 1105 sed
438 1081 472 1105 ut
497 1073 542 1105 ait
563 1070 750 1114 Propheta,
778 1077 864 1106 Vires
894 1084 952 1105 non
975 1071 1063 1104 habet

116 1128 307 1166 parturiers.
338 1122 426 1155 Nam
450 1122 636 1157 devotionis
653 1122 801 1156 effeaum
827 1122 988 1166 suspendit
1009 1121 1064 1155 ha-

121 1172 232 1207 uenus
254 1172 484 1216 persecutionis
495 1171 668 1207 acerbitas.
695 1173 756 1207 Sed
781 1173 954 1212 affestum,
982 1171 1061 1212 quin

122 1223 157 1256 in
171 1233 297 1266 partum
308 1222 535 1267 gratulationis
546 1233 713 1265 erumpere
734 1222 850 1266 gestiat
862 1246 878 1262 „
902 1221 990 1254 nulla
1014 1220 1060 1253 vis

122 1272 227 1317 potest
240 1296 252 1312 ‚
277 1282 334 1306 aut
353 1272 470 1314 poterit
490 1270 664 1305 cohibere.
694 1271 736 1303 Et
759 1271 849 1313 quod
863 1294 874 1309 ,
902 1270 977 1302 Deo
992 1280 1063 1312 pro-

122 1323 282 1366 pitiante,
308 1320 373 1363 Jam
396 1321 429 1353 in
453 1331 527 1353 eum
549 1319 712 1352 calculum
725 1318 890 1351 Christi&
911 1318 1058 1352 Ecclefiae

119 1372 184 1404 suae
206 1371 298 1405 causa
308 1366 457 1412 perducta
467 1368 512 1402 est
523 1391 534 1408 ,
562 1378 597 1401 ut
607 1366 648 1401 de
658 1377 773 1402 caetero
794 1366 966 1411 periclitari
993 1378 1061 1401 non
1077 1407 1079 1409 ¹

120 1419 218 1463 poffit
229 1443 240 1459 ,
254 1419 295 1453 eo
306 1418 394 1462 quod
410 1417 589 1452 schismatis
598 1417 702 1460 capita
713 1417 901 1451 defecerunt
912 1441 923 1456 ‚
948 1419 981 1451 ὅ(
996 1416 1065 1450 Λη-

118 1468 256 1513 glicanae
275 1469 425 1502 Ecclesiae
436 1468 572 1502 malleus
594 1466 847 1510 comprehensus
860 1469 892 1501 in
912 1467 1063 1510 operibus

121 1519 204 1559 suis,
232 1517 395 1552 decaetero
412 1519 463 1550 cui
489 1517 665 1557 innitatur,
695 1517 838 1551 invenire
862 1529 929 1551 non
947 1517 1029 1549 valet
1057 1541 1064 1548 .

121 1568 272 1602 Ventum
284 1578 349 1601 crat
362 1568 402 1601 ad
418 1569 579 1601 summum
591 1591 601 1607 ‚
627 1566 683 1600 ubi
705 1567 832 1601 constat
855 1565 1063 1600 habitudines

114 1618 312 1662 periculosas
321 1617 399 1658 effe,
427 1618 591 1657 camille,
619 1618 674 1659 qui
689 1615 897 1650 sollicitando
910 1627 977 1651 tam
992 1617 1063 1650 Cu-

119 1668 203 1701 riam
216 1691 228 1707 ,
253 1667 350 1708 quam
365 1667 611 1707 schismaticus,
640 1666 847 1701 Fredericum
869 1667 1019 1700 videlicet
1031 1666 1064 1700 δε

123 1716 302 1761 complices
315 1719 389 1752 suos
399 1741 409 1757 ,
437 1717 549 1752 videns
559 1718 589 1751 se
613 1714 673 1750 hac
687 1718 738 1750 via
753 1729 821 1752 non
835 1718 920 1759 posse
934 1717 1064 1759 profice·

119 1778 153 1802 re
174 1766 324 1801 adversus
342 1768 553 1806 Dominum,
579 1766 776 1799 &adversus
792 1765 959 1799 Christum
973 1765 1062 1807 ejus,

116 1815 297 1854 transmissa
320 1815 504 1858 Legatione
524 1814 678 1858 confugit
700 1814 740 1846 ad
765 1814 867 1848 Italiae
877 1815 1026 1847 civitates
1052 1838 1063 1854 ‚

116 1865 313 1910 promittens
324 1863 624 1898 Mediolanensibus
642 1863 704 1897 tria
726 1862 829 1897 millia
841 1874 1022 1899 marcarum
1047 1887 1060 1905 ,

119 1917 152 1950 δε
164 1924 330 1949 murorum
342 1914 474 1948 suorum
495 1911 720 1948 validissimam
743 1915 980 1956 reparationem
993 1938 1003 1954 ,
1028 1923 1064 1946 ut

118 1975 200 2000 cun
215 1961 288 1998 aliis
297 1963 507 2004 civitatibus,
533 1974 612 2008 quas
632 1973 836 2005 corrumpere
846 1963 1064 2003 moliebatur,

119 2013 358 2059 impdrarenta
370 2012 456 2056 Papa
468 2014 501 2047 &
521 2012 662 2050 Ecclesia
676 2011 829 2046 Romana
850 2013 1064 2054 dejectionem

118 2064 172 2099 vel
189 2063 435 2098 translationem
456 2062 707 2097 Cantuarienfis
733 2061 857 2098 Archi·
872 2063 1026 2105 Episcopi
1056 2088 1063 2094 .

118 2114 211 2149 Nam
222 2113 268 2149 ob
288 2113 435 2149 eamdem
448 2113 575 2147 causam
588 2111 862 2146 Cremonensibus
874 2113 940 2145 duo
964 2112 1065 2147 millia

122 2174 304 2199 marcarum
325 2163 512 2207 promiserat
530 2188 540 2203 ‚
567 2162 790 2196 Parmenfibus
801 2162 914 2201 mille,
942 2162 1064 2195 &toti-

119 2214 196 2249 dem
217 2212 498 2248 Bononiensibus.
525 2213 677 2246 Domino
701 2210 776 2245 vero
798 2211 888 2254 Papae
904 2211 1027 2246 obtulit
1053 2236 1064 2252 ‚

121 2265 200 2308 quia
219 2264 295 2298 data
307 2262 446 2306 pecunia
457 2261 603 2296 liberaret
623 2273 699 2296 curn
711 2261 752 2295 ab
762 2262 986 2296 exastionibus
995 2272 1064 2295 om-

123 2314 219 2348 nium
234 2313 463 2347 Romanorum
473 2337 484 2354 ‚
510 2312 543 2346 ἃ,
554 2311 666 2346 decem
678 2312 783 2347 millia
798 2323 977 2346 marcarum
988 2311 1064 2354 adji-

118 2374 222 2398 ceret.
249 2362 444 2398 Concedens
467 2362 566 2396 etiam
580 2386 591 2402 ,
618 2371 654 2395 ut
680 2372 746 2396 tam
767 2362 799 2395 in
819 2362 957 2395 Ecclesia
979 2361 1064 2394 Can-

118 2412 291 2453 taanenu,
316 2408 413 2457 quam
424 2411 458 2446 in
470 2410 543 2445 aliis
564 2411 754 2445 vacantibus
767 2412 801 2445 in
814 2411 939 2455 Anglia
962 2412 1064 2454 pasto·

121 2474 172 2500 res
184 2462 348 2497 ordinaret
359 2460 401 2495 ad
426 2460 556 2495 libitum
570 2484 577 2492 .
605 2460 667 2495 Sed
680 2461 755 2506 quia
767 2460 866 2495 fidem
879 2461 979 2495 multa
995 2472 1062 2504 pro·

120 2511 213 2547 missa
234 2510 406 2550 levabant,
432 2511 510 2544 &in
538 2510 682 2554 precibus
727 2511 898 2545 manifesta
919 2512 1065 2545 contine·

121 2560 405 2603 baturiniquitas,
431 2560 587 2602 repulsam
611 2561 715 2603 passus
738 2561 800 2594 est.
831 2561 874 2595 Et
896 2560 986 2603 quod
1010 2572 1063 2604 per

121 2613 153 2647 se
172 2612 342 2654 impetrare
355 2620 423 2642 non
438 2618 585 2653 poterat,
612 2609 716 2652 Regis
738 2610 841 2644 Siculi
863 2611 984 2645 viribus
1008 2623 1064 2645 co-

120 2660 269 2697 natusest
280 2668 495 2703 extorquere.
525 2658 585 2696 Sed
601 2668 658 2691 nec
671 2657 747 2698 ille,
773 2658 850 2692 licet
870 2659 911 2693 ad
927 2658 991 2694 hoc
1014 2670 1065 2694 to-

121 2723 159 2746 to
182 2710 251 2744 nisu
264 2709 480 2753 Syracusanus
498 2706 694 2752 Episcopus,
720 2707 753 2741 &
767 2707 930 2743 Robertus
943 2709 1063 2745 Comes

121 2762 164 2797 de
175 2759 347 2795 Baffevilla
368 2758 593 2802 multiplicatis
616 2758 876 2793 intercessoribus
897 2759 1060 2794 laborave-

121 2811 188 2846 rint
201 2835 213 2851 ,
239 2810 410 2845 exauditus
420 2809 465 2843 est
481 2820 538 2853 pro
548 2810 605 2844 sua
617 2807 797 2844 reverentia
811 2833 822 2849 ,
832 2809 884 2843 vel
901 2811 1061 2853 potentia,

119 2862 175 2895 vel
186 2860 307 2905 gratia,
335 2859 482 2904 quamvis
501 2870 572 2893 eam
593 2859 627 2893 in
650 2858 792 2892 Ecclesia
814 2858 967 2894 Romana
993 2861 1058 2903 plu-

122 2910 238 2945 rimam
251 2910 368 2946 habeat
379 2935 387 2942 .
414 2909 547 2944 Dimissi
559 2911 633 2943 sunt
650 2920 729 2953 ergo
744 2907 871 2943 Nuncii
888 2910 992 2954 Regis
1003 2910 1061 2944 im·

123 2961 323 3005 potesvoti,
349 2959 413 3001 hoc
427 2960 533 2995 solum
546 2960 738 3003 impetrato,
766 2970 800 2994 ut
814 2959 982 2994 Dominus
1004 2960 1061 2995 Pa-

123 3022 163 3054 pa
179 3009 318 3043 mitteret
331 3009 480 3044 Nuncios
493 3034 503 3049 ,
530 3009 587 3052 qui
599 3020 710 3052 pacem
723 3020 930 3053 procurarent
941 3035 952 3050 ‚
981 3011 1061 3045 Gra-

122 3060 248 3097 tianum
261 3058 657 3099 scilicctSubdiaconum‚
685 3060 719 3094 &
741 3060 931 3104 magistrum
948 3059 1062 3094 Vivia-

122 3121 224 3150 num,
251 3108 339 3144 urbis
361 3109 475 3143 veteris
497 3107 809 3150 Archi-diaconum,
849 3110 906 3154 qui
929 3121 1061 3145 munere

122 3158 364 3193 Advocationis
374 3159 470 3203 fungi
483 3159 607 3194 soletin
620 3157 738 3195 Curia.
770 3160 836 3194 Eos
847 3170 955 3195 tamen
980 3172 1058 3195 ante

119 3209 298 3256 praescripta
310 3209 414 3242 forma
440 3209 547 3251 pacis,
583 3208 779 3245 Sam-amenti
804 3210 983 3255 Religione
1008 3210 1060 3245 ad·

119 3256 269 3297 strinxit,
295 3258 383 3302 quod
399 3259 736 3301 praefinitosterminos
747 3271 813 3296 non
828 3261 1022 3295 excederent
1050 3283 1060 3301 ‚

120 3308 283 3343 mandatis
303 3319 434 3356 quoque
458 3308 630 3351 adjiciens,
658 3319 694 3343 ut
715 3310 733 3343 a
755 3310 857 3355 Regis
878 3310 1059 3354 sumptibus

120 3358 324 3398 abstineant,
352 3358 409 3390 nisi
422 3370 498 3400 pace
511 3358 854 3403 Ecclesiaeimpetrata.
882 3361 925 3395 Et
948 3372 989 3394 ne
1014 3360 1059 3394 ul-

120 3418 165 3444 tra
177 3407 283 3447 diem,
313 3408 369 3451 qui
390 3407 435 3442 cis
462 3408 654 3451 praestitutus
668 3409 747 3450 est,
772 3411 913 3455 aliquam
938 3410 1058 3445 faciant

120 3469 266 3501 moram.
296 3459 414 3495 Forma
437 3469 545 3495 autem
567 3458 678 3503 pacis,
702 3471 771 3505 quae
790 3461 1060 3506 Archi-Episco-

1891 145 1987 204 287

1125 233 1167 264 po
1187 219 1327 263 expressa
1348 219 1417 260 cst,
1443 218 1527 253 nihil
1551 219 1758 259 inhonestum
1785 228 1935 264 continet
1956 255 1966 272 ‚
2003 230 2054 263 νει

1122 269 1209 314 quod
1222 270 1395 303 Ecclesiam
1406 243 1609 309 &dedeceat
1617 276 1681 304 aut
1701 277 1895 320 personam,
1922 291 1983 314 nec
2002 290 2056 313 au·

1121 320 1304 354 thoritarem
1316 320 1381 363 ejus
1395 320 1428 353 in
1447 320 1559 363 aliquo
1573 320 1713 360 minuit,
1742 326 1819 365 quin
1842 328 1938 363 libere
1961 330 2055 364 omni

1121 372 1290 405 occasione
1300 371 1333 404 δε
1345 370 1567 414 appellatione
1580 371 1751 407 cessante
1741 384 1782 408 in
1791 372 1892 415 ipsum
1905 379 2052 423 Regem,

1123 421 1155 454 in
1170 421 1348 465 Regnum,
1375 422 1408 455 δε
1421 422 1570 464 personas
1583 420 1714 465 Regni,
1740 422 1938 458 severitatem
1949 428 2056 463 Eccle-

1121 471 1275 505 siasticam
1290 471 1392 506 valeat
1402 476 1568 509 exercere,
1599 480 1694 513 prout
1705 470 1809 513 sibi&
1834 472 1982 508 Ecclesia
1992 477 2055 513 De}

1122 521 1271 564 expedire
1283 520 1480 567 cognoverit
1496 547 1504 553 .
1527 521 1715 555 Consilium
1729 532 1836 559 tamen
1854 523 2036 557 amicorum
2050 548 2061 565 ‚

1122 572 1327 617 virorumque
1340 572 1523 614 sapientum
1532 570 1577 606 est
1591 595 1602 610 ‚
1633 582 1669 604 ut
1681 573 1760 606 dum
1782 573 1870 615 pacis
1895 572 1990 607 verba
2002 583 2062 607 tra·

1122 622 1249 656 &antur
1262 647 1272 662 ,
1299 622 1412 656 mitius
1430 632 1506 666 agat
1518 645 1529 662 ‚
1555 622 1589 655 ὅ(
1606 621 1709 655 multa
1719 618 1896 658 dissimulet
1909 646 1916 653 -
1945 622 2063 657 Post-ea

1121 673 1142 706 si
1155 697 1165 713 ,
1191 673 1281 716 quod
1299 671 1398 711 absit,
1425 684 1489 716 pax
1510 682 1581 709 non
1604 673 1808 715 processerit,
1827 672 1957 718 grauius
1974 673 2062 717 quasi

1121 722 1288 764 resumptis
1310 721 1430 756 viribus
1441 723 1656 765 persecutores
1674 721 1827 757 Ecclesiae
1837 722 2063 767 prostraturus.

1122 774 1215 816 Spera
1228 783 1327 816 ergo,
1356 772 1473 806 dilecte
1485 772 1530 806 mi
1541 796 1552 812 ,
1577 773 1612 806 δι
1630 770 1791 816 quidquid
1813 773 1944 807 interim
1956 771 2064 808 audie·

1123 824 1187 863 ris,
1214 834 1280 856 non
1298 823 1482 863 movearis,
1509 823 1586 866 quia
1607 822 1699 856 Deus
1715 823 1748 856 in
1773 832 1847 857 tuto
1864 823 1972 866 posuit
1994 834 2069 857 cau-

1124 875 1188 907 sam
1200 874 1287 906 suam
1302 896 1309 903 .
1340 871 1465 906 Audies
1476 872 1559 906 forte
1572 872 1751 915 superbiam
1770 872 1895 915 Moab,
1922 873 1976 908 sed
2000 884 2066 907 me·

1123 923 1280 962 mineris,
1304 922 1394 965 quod
1408 922 1552 965 superbia
1563 922 1667 965 major
1688 922 1757 962 est,
1781 924 1880 965 quam
1903 923 2066 957 fortitudo

1122 974 1209 1017 ejus.
1237 973 1324 1006 Nam
1348 973 1449 1006 territi
1466 973 1586 1007 suntin
1601 969 1681 1008 Sion
1695 984 1914 1017 peccatores-‚-
1929 973 2068 1017 possedit

1123 1025 1222 1058 timor
1242 1021 1450 1066 hypocritas,
1486 1023 1544 1064 qui
1570 1023 1629 1056 nisi
1651 1033 1852 1062 revertantur
1871 1025 1889 1061 a
1912 1024 2069 1067 pravitate

1124 1075 1178 1107 sua
1189 1098 1199 1112 ,
1225 1073 1427 1116 expellentur
1439 1097 1450 1113 ,
1475 1073 1507 1107 &
1518 1071 1598 1107 stare
1612 1084 1679 1107 non
1691 1084 1847 1117 poterunt
1859 1098 1866 1106 .
1883 1074 1966 1117 *Jam
1980 1074 2068 1106 enim

1126 1124 1243 1157 securis
1262 1124 1302 1157 ad
1317 1123 1457 1157 radicem
1467 1133 1579 1156 eorum
1592 1123 1748 1166 pontaest
1765 1148 1776 1165 ,
1802 1124 1836 1158 &
1850 1123 2069 1158 ventilabrum

1125 1172 1220 1207 habet
1245 1173 1393 1217 Angelus
1408 1174 1443 1207 in
1463 1184 1565 1213 manu
1589 1174 1644 1208 sua
1658 1198 1669 1214 ,
1695 1184 1731 1209 ut
1754 1186 1854 1219 grana
1875 1172 2034 1207 discernat
2051 1171 2070 1205 ὲ

1127 1223 1223 1265 paleis
1253 1247 1259 1254 .
1302 1223 1429 1257 Praefati
1450 1222 1576 1257 Nuncii
1602 1223 1643 1257 ad
1666 1224 1794 1269 Regem
1817 1224 2033 1267 profestisunt
2059 1244 2072 1262 ,

1126 1271 1179 1305 sed
1190 1271 1270 1314 quid
1282 1273 1366 1314 apud
1379 1273 1484 1314 ipsi-rm
1495 1272 1704 1312 invenerint,
1733 1273 1880 1312 nondum
1903 1272 1999 1307 nobis
2021 1271 2069 1304 in-

1106 1320 1108 1322 ’
1126 1321 1236 1354 notuit
1250 1344 1257 1351 .
1286 1320 1365 1353 Hoc
1377 1328 1488 1363 tamen
1499 1329 1626 1353 certum
1637 1319 1683 1355 est
1696 1344 1706 1359 ,
1734 1321 1823 1363 quod
1837 1322 1866 1354 sc
1879 1321 1951 1355 Rex
1972 1319 2072 1354 verbo

1125 1371 1159 1405 δε
1182 1371 1301 1413 scripto
1320 1368 1484 1414 obligavit
1508 1369 1549 1403 ad
1572 1369 1800 1413 exequendum
1823 1369 1996 1406 consilium
2036 1370 2071 1404 &

1126 1421 1318 1454 mandatum
1357 1417 1499 1453 Domini
1535 1418 1652 1461 Papae‚
1680 1420 1901 1463 scriptumque
1922 1420 2073 1463 ejus-pm

1127 1469 1277 1503 manibus
1298 1469 1342 1503 est
1356 1491 1368 1507 ‚
1392 1467 1698 1512 aquosiresilierit‚
1727 1469 1821 1503 facile
1844 1470 2072 1504 convincetur-2

1127 1519 1189 1553 Sed
1206 1529 1264 1552 nec
1285 1518 1328 1552 fic
1352 1518 1549 1552 credendum
1563 1518 1686 1551 censuit
1703 1518 1845 1552 Ecclesia
1859 1543 1869 1558 ,
1896 1518 2073 1562 autequam

1127 1568 1300 1602 verborum
1313 1567 1411 1601 fidem
1422 1578 1559 1611 operum
1580 1567 1773 1604 testimonio
1797 1568 1963 1603 roboraret
1978 1593 1985 1600 .
2012 1567 2074 1601 Sa«

1126 1620 1246 1653 lutatus
1260 1620 1278 1652 a
1307 1628 1359 1658 te,
1387 1616 1564 1661 plurimum
1578 1617 1612 1650 δε
1630 1618 1801 1657 affectuose
1823 1629 1855 1652 te
1867 1619 1997 1652 resultat
2011 1620 2074 1651 Ar-

1126 1668 1202 1703 chi·
1218 1669 1418 1711 Episcopus,
1444 1669 1475 1700 se
1496 1667 1536 1700 ad
1563 1677 1709 1701 amorem
1731 1669 1764 1701 δε
1785 1667 1947 1715 honorem
1977 1678 2072 1736 tuum

1125 1729 1293 1761 exponens
1314 1716 1550 1760 promptissima
1565 1715 1801 1751 devotione..

1252 1814 1660 1857 EP¹STOLA
1749 1815 1950 1850 Lxxxr.

1151 1914 1306 1953 Thomas
1329 1914 1569 1950 Cantuarienfis
1595 1911 1897 1960 Archi-Episcopus
1910 1913 2047 1952 wilhel-

1476 1974 1533 1999 mo
1554 1964 1701 2008 Papiensi
1717 1989 1725 1997 .

1129 2065 1297 2099 Venerabili
1308 2066 1475 2098 Domino&
1491 2067 1581 2097 Patri
1605 2064 1773 2105 charissimo
1800 2065 1962 2099 thbelmo
1976 2090 1986 2107 ,
2014 2069 2072 2100 Det

1172 2122 1277 2158 gratia
1299 2117 1327 2147 5.
1348 2119 1386 2147 R.
1407 2118 1444 2146 E.
1464 2114 1636 2153 Presbytero
1662 2117 1823 2149 cardinali
1840 2140 1850 2155 ,
1880 2115 2004 2149 Thomas
2026 2128 2074 2150 ea·

1177 2168 1247 2198 dem
1266 2170 1369 2209 gratia
1390 2163 1615 2205 cantuariensis
1638 2165 1771 2207 Ecclefiae
1792 2165 1913 2199 humilis
1927 2166 2074 2207 Minister,

1173 2212 1323 2259 salutem,
1351 2216 1384 2250 (v
1401 2214 1522 2255 fincerae
1547 2215 1719 2248 devotionis
1745 2214 1933 2259 obsequium.

1231 2312 1332 2347 0318
1360 2311 1394 2347 in
1419 2323 1495 2346 aure
1519 2312 1703 2348 Sanctitatis
1724 2315 1832 2348 vestrae
1847 2315 1943 2350 verba
1963 2315 2074 2350 multi-

1258 2363 1377 2407 plicare
1403 2374 1471 2396 non
1493 2363 1624 2405 expedit
1647 2387 1659 2403 ,
1684 2363 1760 2398 cum
1781 2365 1944 2399 sinceritas
1971 2367 2073 2401 vestra

1129 2425 1229 2457 prona
1242 2413 1280 2446 sit
1304 2414 1337 2447 in
1361 2413 1583 2456 patrocinium
1607 2413 1770 2452 veritatis,
1795 2413 1830 2448 <sc
1857 2414 1980 2448 malitia
2001 2426 2070 2457 par·

1128 2465 1169 2497 tis
1189 2463 1323 2501 adversm
1348 2463 1448 2498 latere
1474 2471 1610 2505 nequeat
1632 2472 1707 2495 ante
1732 2461 1847 2496 oculos
1880 2462 2034 2505 sapientis
2057 2489 2067 2498 .

1130 2515 1171 2548 Et
1194 2513 1454 2558 ignominiosum
1480 2520 1607 2552 reputet
1628 2510 1768 2544 charitas
1781 2511 1924 2547 amicum
1950 2522 2009 2554 pro
2032 2512 2071 2546 li·

1129 2564 1250 2598 bertate
1272 2563 1415 2597 Ecclesiae
1439 2559 1564 2594 diutius
1587 2559 1744 2594 afflistum
1764 2561 1993 2595 consolatione
2015 2562 2069 2596 de·

1129 2614 1194 2649 bita
1216 2624 1282 2648 non
1305 2621 1459 2646 recreare.
1490 2611 1571 2646 Haec
1589 2609 1629 2643 de
1653 2610 1745 2645 vobis
1770 2610 1816 2645 cst
1829 2611 1949 2645 fiducia
1972 2611 2071 2646 Chri-

1128 2663 1307 2698 stianiffimi
1333 2662 1454 2705 Regis,
1481 2657 1546 2694 haec
1561 2659 1683 2698 nostra,
1714 2661 1770 2703 qui
1784 2671 1837 2703 per
1861 2661 1965 2703 ipsum
1988 2661 2072 2695 redi-

1127 2715 1233 2749 vimus
1250 2714 1283 2747 in
1296 2712 1434 2756 gratiam
1450 2710 1585 2745 vestram
1599 2734 1606 2741 .
1634 2709 1713 2744 Haec
1734 2711 1802 2753 spes
1827 2710 1971 2744 fidelium
1988 2723 2068 2754 prae-

1127 2763 1307 2799 dicantium
1328 2761 1468 2806 gloriam
1490 2759 1635 2795 nominis
1647 2759 1739 2795 vestri
1758 2784 1765 2792 .
1791 2760 1866 2794 Hac
1889 2760 1988 2804 igitur
1998 2761 2067 2794 ani-

1127 2814 1208 2849 mati
1227 2814 1261 2847 &
1288 2811 1431 2846 roborati
1452 2810 1672 2854 supplicamus
1689 2811 1846 2846 attentius
1869 2821 1878 2852 ;
1907 2820 2068 2854 quatenus

1126 2865 1218 2907 juxta
1245 2862 1332 2907 quod
1355 2860 1539 2904 promisistis
1560 2861 1712 2894 Domino
1731 2859 1815 2904 Regi
1842 2861 2042 2894 Francorum
2056 2885 2067 2902 ,

1129 2915 1265 2948 viriliter
1286 2911 1451 2956 exurgatis
1474 2911 1506 2943 in
1521 2910 1681 2944 auxilium
1696 2910 1840 2944 Ecclefiae
1862 2911 1896 2944 ὅ(
1909 2910 2064 2949 nostrum,

1126 2965 1160 2998 &
1184 2961 1409 3006 Ecclesiasticae
1431 2960 1632 2997 libertatis&
1646 2960 1847 3003 Apostolicae
1857 2959 1946 2996 Sedis
1957 2958 2065 2993 hostes

1126 3014 1199 3047 dara
1211 3010 1380 3047 Divinitus
1395 3011 1549 3054 sapientia
1561 3010 1735 3045 conteratis
1746 3034 1753 3041 .
1783 3010 1893 3044 Facile
1904 3009 1992 3043 enim
2005 3008 2065 3048 est,

1126 3064 1147 3096 fi
1162 3064 1313 3097 Romana
1334 3061 1548 3103 Ecclesiajam
1572 3069 1712 3102 paratam
1733 3059 1908 3094 decreverit
1922 3068 2066 3101 accepta-

1125 3124 1158 3147 re
1180 3113 1369 3151 victoriam,
1395 3123 1430 3145 ut
1442 3111 1617 3155 fugiant&
1634 3110 1817 3153 dispereant
1841 3109 1966 3144 inimici
1989 3108 2064 3141 afa-

1123 3163 1262 3206 cieejus.
1296 3162 1384 3195 Nam
1395 3160 1833 3202 territilatebrasquaerunt,
1859 3157 2061 3193 &nesciunt

1124 3214 1190 3258 qud
1213 3214 1244 3249 se
1265 3222 1389 3249 vertant
1403 3236 1411 3245 .

1906 3502 2009 3542 Epr-
