2358 3776
385 103 478 149 352

463 272 874 322 EPISTOLA
928 268 1054 305 Lxrv.

431 379 575 422 Joannes
601 352 829 410 saresberiensis
856 372 948 404 Petro
972 368 1079 405 Abbati

622 421 724 457 san&
750 424 903 466 Remigii.

402 572 504 608 oRA
533 583 603 608 mea
619 570 787 607 restiffime
800 580 926 615 poterat
941 570 1101 612 accusari,
1130 571 1150 605 fi
1163 582 1230 607 non

427 634 498 658 eam
512 623 680 662 neceffitas
692 624 858 658 excusaret
871 646 878 655 .
905 621 1093 657 Debueram
1105 622 1193 655 enim
1220 647 1232 664 ,

282 689 324 713 ex
334 688 401 720 quo
415 675 554 718 primum
567 676 601 709 in
615 674 772 718 Augliam
787 674 902 717 pedem
916 672 1028 715 posui,
1058 673 1228 709 Nuncium

285 728 459 767 remifi'fl’e,
486 735 648 771 perquem
671 724 771 759 veflra
793 723 927 757 dilectio
946 722 986 755 de
1004 722 1226 756 Alumnorum

288 779 422 812 suorum
435 775 518 811 statu
530 779 631 822 posset
641 774 804 810 certiorari
816 798 823 805 .
850 773 911 808 Sed
924 772 1000 817 quia
1014 770 1096 806 mihi
1109 774 1141 806 in
1157 773 1226 815 ipso

284 828 378 862 navis
390 828 514 872 egreflu
535 838 620 863 nova
632 828 664 860 ἀ
677 823 831 868 stupenda
846 833 949 857 rerum
963 823 1062 857 facies
1072 824 1226 863 occurrit,

282 878 385 911 alium
398 877 570 913 certiorare
582 888 650 913 non
676 875 792 918 potui,
819 874 875 917 qui
900 883 940 907 ex
956 874 1227 916 variisopinioni›

281 926 342 962 bus
352 929 386 964 ὃς
399 926 504 963 verbis
517 927 691 963 hominum
703 924 859 967 reddebat
885 923 1042 958 incertus.
1072 924 1160 959 Nam
1173 925 1224 957 tri-

281 978 350 1012 duo
371 978 544 1022 antequam
569 977 764 1021 applicarem
792 999 803 1017 ‚
839 968 951 1008 onznia
975 974 1061 1007 bona
1081 974 1225 1009 Domini

279 1027 565 1063 Cantuarienfis&
579 1029 710 1062 suorum
731 1033 888 1060 annotata
915 1026 1042 1059 fuerant
1067 1024 1225 1059 Procura-

277 1078 404 1112 toribus
416 1076 480 1113 suis
490 1076 531 1110 ab
542 1076 826 1113 administratione
839 1075 1010 1110 summotis
1022 1098 1032 1114 ‚
1059 1073 1092 1107 ὅ(
1108 1075 1141 1107 in
1157 1085 1225 1117 por-

279 1127 377 1162 tubus
389 1127 498 1163 edicto
509 1127 641 1171 publico
656 1124 835 1162 inhibitum
850 1126 894 1161 est
910 1125 968 1160 sub
986 1124 1224 1160 interminatio·

280 1189 322 1212 ne
345 1177 439 1211 exilii
460 1178 493 1213 &
515 1176 784 1221 proscriptionis,
813 1188 855 1210 ne
878 1176 951 1217 quis
967 1175 1172 1215 nostrorum,
1201 1174 1223 1210 fi

276 1228 363 1263 forte
378 1228 538 1272 Angliam
559 1228 657 1262 vellet
677 1228 786 1268 exire,
815 1224 1071 1263 transveheretur
1084 1248 1091 1258 .
1120 1225 1224 1259 Piiffi-

276 1278 326 1312 mi
352 1289 462 1314 tamen
484 1278 652 1313 Officiales
673 1277 815 1312 Domini
839 1277 942 1320 Regis
965 1275 1100 1317 provida
1127 1275 1224 1309 nimis

274 1328 402 1363 cautela
416 1351 431 1367 ,‚
455 1328 488 1361 dc
496 1327 671 1370 pernitiosa
692 1325 788 1359 nobis
814 1325 1101 1367 circumspectione
1113 1336 1222 1368 praeca-

275 1386 412 1417 verant,
439 1385 475 1411 ut
487 1375 787 1419 Archi-Episcopus
798 1375 833 1409 ἀ
846 1375 893 1409 sui
906 1374 946 1407 ab
964 1375 1065 1408 exilio
1090 1375 1222 1409 redeun-

276 1436 324 1461 tes
336 1426 424 1460 nihil
438 1424 566 1467 prorsus
577 1436 632 1458 aut
643 1426 821 1458 minimum
833 1424 1018 1458 invenirent
1040 1433 1148 1467 praeter
1159 1423 1222 1457 do-

270 1486 345 1515 mos
366 1485 480 1507 vacuas
493 1485 536 1507 ex
550 1483 670 1517 magna
700 1482 789 1515 parte
807 1472 1036 1515 consumptas,
1063 1473 1096 1506 δε
1108 1471 1222 1507 horrea

278 1525 440 1560 demolita
452 1548 463 1564 ‚
490 1523 523 1558 δε
534 1534 622 1558 areas
635 1522 738 1556 nudas
748 1546 759 1562 ,
778 1522 812 1557 &
823 1520 887 1555 hoc
903 1521 944 1556 ad
958 1521 1219 1556 consolationem

272 1575 435 1611 diuturnae
460 1573 726 1617 proscriptionis,
752 1573 786 1606 &
806 1571 1070 1606 emendationem
1095 1572 1218 1605 sacrile-

274 1626 322 1671 gii
340 1625 509 1671 perpetrati
520 1647 527 1656 .
541 1623 584 1658 Et
597 1634 673 1658 cum
685 1634 748 1666 pax
761 1620 856 1656 nobis
867 1622 899 1655 in
913 1623 995 1656 festo
1009 1622 1114 1657 Beatae
1124 1623 1219 1666 Mag-

275 1676 400 1710 dalenae
411 1675 517 1711 fuiffet
534 1675 708 1710 reformata
722 1698 733 1715 ,
759 1672 792 1707 ἀ
811 1671 1031 1707 serenissimus
1050 1672 1218 1707 Dominus

273 1726 382 1760 noster
402 1725 478 1759 Rex
498 1724 570 1759 filio
591 1725 649 1757 suo
672 1733 764 1756 novo
786 1721 871 1766 Regi
895 1722 1011 1757 litteris
1031 1722 1216 1766 patentibus

271 1775 483 1821 praecepiffet,
510 1782 546 1808 ut
559 1770 888 1815 Archi-Episcopo&
912 1772 975 1805 suis
996 1774 1110 1805 omnia
1133 1772 1215 1806 resti»

273 1825 487 1860 tuerenturin
499 1823 685 1867 integrum,
712 1832 807 1865 prout
829 1822 955 1856 fuerant
980 1821 1084 1856 tribus
1106 1823 1214 1855 menti⁴

275 1875 334 1911 bus
347 1873 521 1918 antequam
534 1872 693 1918 Angliarn
705 1870 952 1916 egrederentur,
977 1882 1092 1906 omnes
1105 1881 1213 1905 tamen

274 1926 421 1960 redditus
433 1923 569 1958 nomine
590 1922 656 1966 ejus
677 1922 821 1966 praerepti
853 1922 925 1955 sunt
938 1944 949 1960 ,
973 1922 1032 1965 qui
1055 1921 1154 1964 usque
1173 1922 1212 1954 ad

272 1975 395 2011 Natale
408 1974 551 2009 Domini
566 1973 684 2017 percipi
697 1981 872 2015 potuerunt
885 1996 892 2004 .
921 1969 1034 2005 Plures
1054 1970 1213 2014 posseffio·

267 2028 368 2061 nes&
383 2024 556 2065 Ecclefias,
584 2034 664 2068 quas
685 2022 1014 2066 ipsojure&ratione
1035 2019 1123 2063 -pasti
1137 2031 1209 2053 con‘

271 2078 362 2110 venti
384 2075 507 2110 restitui
522 2073 701 2118 oportebat
721 2072 867 2106 Ecclesiae
890 2071 1134 2111 Cantuarienfi,
1162 2069 1212 2104 ad-

269 2125 335 2160 huc
348 2126 484 2170 publicae
496 2124 669 2159 potestatis
678 2121 877 2157 authoritate
886 2132 1051 2164 occupant
1060 2121 1211 2155 carnales.

270 2177 348 2222 Ego
367 2177 590 2211 intercaeteros
621 2185 685 2209 una
710 2173 851 2207 Ecclesia
877 2173 1018 2215 privatus
1030 2172 1119 2212 sum,
1145 2181 1214 2215 quae

269 2226 488 2271 quadraginta
521 2237 645 2261 marcas
677 2234 802 2259 annuas
826 2222 968 2258 solvebat
1007 2221 1211 2256 Antecefl‘ori

269 2287 347 2310 meo
372 2301 378 2307 .
412 2275 568 2320 Contigit
590 2286 700 2309 autem
722 2285 774 2307 me
795 2273 910 2309 triduov
931 2270 1114 2312 applicante
1137 2279 1213 2303 ante

268 2326 410 2362 Ostavas
422 2325 514 2359 Beati
526 2325 666 2358 Martini
679 2347 690 2362 ,
717 2323 751 2357 δε
778 2323 811 2354 in
824 2320 894 2364 ipsis
906 2319 1038 2352 Ostavis
1048 2330 1114 2352 erat
1130 2319 1210 2352 Can-

267 2375 380 2411 tuariae
390 2374 537 2418 synodus
547 2371 738 2409 celebranda
749 2395 760 2411 ,
788 2372 821 2403 in
834 2380 895 2414 qua
911 2380 963 2402 me
976 2369 1060 2403 vices
1072 2369 1213 2403 absentis

268 2422 547 2468 Archi-Episcopi
570 2431 680 2465 gerere
700 2420 890 2463 oportebat.
920 2417 1007 2453 Cum
1020 2420 1129 2461 itaque
1143 2430 1212 2462 prae-

269 2485 318 2511 ter
342 2476 454 2518 spem,
480 2471 514 2506 &
530 2479 643 2506 contra
666 2469 788 2505 bonam
810 2467 1025 2511 opinionem,
1052 2470 1085 2502 δε
1113 2470 1216 2502 bonas

266 2525 496 2570 promissiones
508 2521 649 2557 Domini
674 2520 778 2564 Regis
799 2518 964 2552 ficomnia
984 2518 1110 2552 turbata
1123 2530 1214 2562 repe-

271 2578 397 2617 riflem,
423 2585 459 2609 ut
470 2573 511 2608 de
524 2583 599 2616 pace
612 2571 720 2606 nostra
732 2594 743 2611 ,
769 2569 803 2604 δ(
815 2569 856 2603 de
879 2568 985 2603 reditu
1007 2568 1214 2611 Archi-Epis-

272 2627 348 2671 copi
371 2626 591 2668 desperaretur
614 2622 655 2656 ab
676 2620 851 2658 omnibus,
877 2619 910 2653 ὅτ.
936 2630 990 2652 me
1011 2619 1165 2662 tanquam
1181 2620 1212 2651 in

274 2686 399 2711 carcere
411 2675 547 2717 positum
558 2671 780 2716 cognovissem
793 2694 804 2710 ,
833 2671 925 2703 vultu
937 2668 1033 2703 hilari
1056 2670 1090 2704 ὅ(
1101 2670 1214 2704 animo

274 2725 438 2760 constanti
452 2722 664 2757 Cantuariam
680 2721 780 2764 petii,
808 2719 894 2754 ubia
920 2720 1020 2755 Clero
1039 2720 1071 2754 ὅ(
1084 2719 1214 2763 Populo

274 2786 349 2811 cum
373 2785 496 2819 magno
511 2771 655 2812 honore,
680 2772 713 2805 ὃς
739 2771 825 2814 quasi
847 2769 998 2815 Angelus
1019 2769 1213 2804 Dominire-

276 2837 389 2869 ceptus
400 2826 469 2859 sum
482 2848 494 2864 ,
521 2821 746 2866 fidelibusjam
768 2831 809 2854 ex
820 2821 963 2854 adventu
988 2830 1062 2854 meo
1075 2820 1211 2853 meliora

280 2875 484 2919 sperantibus
495 2896 506 2913 ,
533 2872 573 2907 eo
584 2871 672 2917 qnod
683 2871 729 2906 eis
740 2871 921 2915 persuasum
942 2881 1010 2903 erat
1022 2893 1033 2909 ‚
1059 2869 1148 2914 quod
1160 2881 1214 2903 me

277 2925 371 2959 nullo
392 2923 495 2958 modo
519 2923 811 2966 Archi-Episcopus
836 2921 1026 2964 praemififfet
1049 2944 1060 2960 ,
1094 2922 1116 2954 s1
1144 2932 1210 2954 non

277 2977 352 3009 effer
362 2974 398 3008 in
411 2973 497 3009 brevi
510 2974 668 3007 secuturus
682 2997 690 3005 .
717 2972 798 3005 Inde
810 2971 940 3014 synodo
961 2970 1119 3004 celebrata
1134 2994 1146 3010 ,
1170 2970 1210 3004 ad

276 3036 402 3059 novum
413 3025 540 3068 Regem
554 3025 710 3066 profectus
723 3021 792 3055 snm
805 3044 816 3061 ,
841 3021 873 3054 ὅ(
886 3022 959 3055 satis
980 3020 1122 3055 humane
1132 3031 1211 3054 rece-

277 3086 370 3118 ptus,
398 3074 710 3108 licetConcussodes
721 3072 770 3106 sui
794 3070 918 3112 aliquid
936 3070 1062 3104 timoris
1086 3081 1212 3114 praeten-

278 3126 385 3159 derint
395 3147 406 3164 ,
432 3124 626 3167 suspicantes
638 3134 749 3166 pacem
763 3121 935 3156 nobiscum
951 3134 1016 3154 non
1030 3120 1214 3164 simpliciter

278 3176 394 3210 fastam
414 3175 498 3216 effe,
524 3172 576 3207 sed
600 3174 743 3207 rancoris
764 3172 870 3216 palam
891 3171 1005 3204 remissi
1020 3170 1144 3205 firmins
1156 3170 1213 3204 hae-

279 3235 345 3261 rere
356 3226 478 3260 radices
490 3248 498 3256 .
525 3224 628 3270 Qod
652 3223 707 3256 etsi
733 3234 774 3255 ex
787 3222 882 3255 variis
894 3221 992 3265 fignis
1005 3232 1148 3263 patenter
1160 3222 1212 3254 ad·

280 3286 455 3315 verterem,
484 3274 525 3307 fic
535 3274 586 3317 egi
601 3297 611 3311 ,
638 3283 674 3305 ac
689 3272 709 3304 fi
721 3272 833 3305 omnia
846 3272 885 3318 ad
910 3281 1022 3304 votum
1038 3271 1210 3313 procedere

281 3325 465 3359 arbitrarer.
493 3324 696 3356 Feliinanter
718 3321 794 3354 inde
820 3319 1022 3354 adMatrem
1043 3331 1148 3353 meam
1162 3320 1208 3353 de-

281 3372 354 3406 flexi
379 3376 437 3408 iter
452 3398 462 3414 ,
488 3385 585 3417 quam
607 3372 669 3414 jam
693 3371 796 3405 altero
813 3370 1024 3412 languentem
1047 3382 1156 3407 anno,
1181 3371 1212 3403 ὃ(

281 3422 402 3458 amodo
414 3424 477 3465 jam
488 3424 575 3457 diem
588 3421 729 3457 Domini
741 3432 814 3457 curn
827 3417 949 3464 gaudio
961 3420 1191 3463 praestolantem
1206 3443 1215 3459 ,

1005 86 1043 133 E
1077 87 1111 132 Ρ
1147 84 1231 132 l‘s
1270 84 1613 134 T'O‘L‘AE‘

1294 181 1336 205 ex
1347 182 1414 216 quo
1425 170 1589 212 mevidit‚
1617 170 1773 206 vestris&
1796 171 2019 216 san&orum2,f
2043 178 2162 222 quibus
2188 187 2243 215 co·

1297 220 1468 263 habitatis,
1494 222 1698 255 orationibus
1723 232 1836 265 precor
1856 223 2239 265 artemiuaeommenda-

1296 271 1340 305 ri.
1367 272 1544 316 Receperat
1563 283 1673 308 autern
1698 273 1885 316 responsum
1904 274 1923 307 ὲ
1949 273 2062 318 spiritu
2076 299 2087 316 ‚
2111 281 2143 314 se
2154 291 2239 315 mor-

1297 332 1362 356 tem
1375 334 1441 357 non
1456 323 1596 356 visuram
1606 347 1616 362 ,
1643 322 1750 356 donec
1762 334 1814 357 me
1825 324 1861 358 δε
1880 324 2013 363 fratrem
2031 336 2140 361 meum
2148 331 2237 364 -vide-

1299 382 1344 406 ret
1366 372 1406 406 ab
1425 372 1527 406 exilio
1555 374 1741 406 redeuntes.
1768 373 1907 408 Interim
1927 374 1976 408 illi
1993 381 2114 410 veteres
2125 376 2235 416 Amici

1300 423 1436 456 Domini
1457 423 1697 458 Cantuarienfis
1717 447 1729 463 ,
1763 423 1799 457 dc
1820 423 2054 460 Ecclefiasticae
2078 425 2235 464 libertatis

1300 482 1572 517 propugnatores,
1598 474 1767 508 Dominus
1789 473 2001 509 Eboracenfis
2014 499 2026 516 ,
2054 475 2236 521 Episcopus

1298 522 1532 558 Londonienfis
1544 548 1554 563 ,
1582 524 1614 557 &
1634 522 1824 567 Complices
1838 535 1960 559 eorum
1972 526 2142 561 confilium
2155 527 2238 562 inie-

1298 582 1372 606 runt
1390 585 1407 606 c
1488 574 1688 618 publicanis,
1716 574 1883 619 legatione
1907 576 2085 611 transmifla
2105 576 2146 611 ad
2159 577 2237 611 Do-

1297 622 1426 661 minum
1469 635 1562 670 egem
1574 636 1615 660 ne
1626 626 1793 668 praefatum
1817 626 2086 661 Cantuariensem
2114 628 2150 662 in
2160 629 2237 662 An-

1296 674 1397 717 gliam
1410 672 1508 708 redire
1519 686 1678 719 pateretur
1693 698 1704 714 ‚
1729 676 1906 719 antequam
1931 678 2138 712 renunciaret
2150 677 2238 724 lega·

1295 724 1396 758 tionis
1417 725 1527 759 officio
1539 748 1550 766 ,
1577 726 1610 760 δε
1631 727 1808 760 restitueret
1828 726 1860 760 ei
1886 726 2050 762 universas
2073 728 2203 763 litteras
2220 750 2235 769 ‚=
2296 733 2302 740 ⁴

1295 785 1374 816 quas
1385 785 1562 809 emeruerat
1574 776 1615 811 ab
1627 775 1819 820 Apostolica
1845 777 1951 818 Sede,
1976 778 2009 812 δε
2032 779 2237 823 repromitte·

1294 834 1338 858 ret
1353 826 1384 859 se
1396 824 1586 869 Regnijura
1604 826 1845 862 inviolabiliter
1868 829 2066 863 servaturum
2079 853 2092 869 ,
2117 839 2154 863 ut
2176 828 2235 864 sub

1292 874 1429 909 obtentu
1449 876 1614 910 cautionis
1636 874 1731 918 hujus
1751 876 1791 910 ad
1813 875 2053 913 observantiam
2068 880 2236 915 consuetu-

1291 924 1405 960 dinum
1422 926 1591 961 arctaretur
1605 950 1612 958 .
1641 926 1809 960 Dicebant
1828 926 1916 971 quod
1929 927 2051 963 reditus
2073 929 2143 973 ejus
2163 931 2236 965 Do-

1292 974 1384 1009 mino
1403 974 1490 1020 Regi
1525 974 1700 1011 damnosus
1724 976 1758 1009 &
1784 976 1954 1018 probrosus
1985 978 2112 1013 firturus
2131 990 2199 1015 erat
2216 998 2235 1023 ι,

1293 1024 1350 1058 nisi
1376 1024 1667 1068 ista-praecederent
1688 1051 1695 1059 .
1734 1025 1891 1059 Fecerant
1916 1028 2015 1061 etiam
2035 1029 2076 1062 de
2096 1028 2233 1075 singulis

1291 1075 1480 1110 vacantibus
1494 1075 1643 1114 Ecclesris
1656 1077 1746 1110 senas
1759 1077 1887 1110 evocari
1899 1077 2051 1119 personas
2065 1101 2077 1118 ,
2101 1079 2137 1112 in
2149 1091 2230 1123 quas

1290 1126 1329 1159 de
1343 1125 1476 1160 Pastore
1486 1126 1642 1172 eligendo
1655 1126 1872 1159 universitatis
1899 1124 2030 1160 arbitria
2049 1127 2237 1167 conferren-

1289 1185 1342 1210 tur
1352 1186 1400 1217 ,ut
1415 1177 1589 1211 electiones
1601 1176 1643 1210 de
1658 1176 1799 1211 Ecclesia
1813 1177 1846 1209 in
1858 1175 1947 1210 aliud
1959 1176 2116 1222 Regnum
2127 1178 2163 1213 dc
2174 1171 2245 1214 Pa-'

1290 1226 1404 1260 latium
1419 1228 1584 1271 protrastae
1597 1226 1833 1262 celebrarentur
1844 1226 1886 1261 ad
1901 1237 2019 1262 nutum
2034 1226 2155 1273 Regis:
2175 1228 2234 1265 ubi

1289 1276 1308 1308 fi
1346 1277 1592 1311 Cantuarienfis
1631 1277 1676 1311 ob
1711 1279 1924 1311 reverentiam
1963 1277 2143 1312 Canonum
2169 1290 2231 1322 pro

1288 1326 1388 1359 officii
1404 1326 1449 1359 sui
1471 1324 1584 1360 debito
1605 1324 1861 1367 obloqueretur,
1889 1327 2030 1371 Regiam
2050 1329 2229 1364 offenderet

1288 1376 1511 1419 Majestatem,
1536 1374 1559 1408 fi
1581 1375 1781 1410 consentiret
1797 1376 1813 1415 ,’
1830 1387 1901 1409 reus
1923 1378 2001 1411 estet
2022 1378 2056 1411 in
2069 1378 2180 1412 Deum
2195 1379 2231 1414 dc

1285 1424 1534 1458 convinceretur
1548 1426 1582 1457 in
1594 1424 1858 1457 constitutiones
1885 1426 2124 1462 Ecclesiasticus
2138 1429 2228 1463 inci-

1285 1473 1364 1507 disse
1380 1497 1388 1505 .
1415 1475 1501 1517 Saepe
1521 1472 1624 1507 dictus
1647 1483 1756 1506 autem
1780 1472 2022 1506 cantuariensis
2034 1485 2075 1508 ex
2089 1476 2234 1512 Manda-

1286 1533 1322 1557 to
1344 1522 1488 1556 Domini
1511 1522 1615 1567 Regis
1640 1522 1892 1567 Rothomagum
1912 1533 2044 1558 venerat
2058 1547 2072 1565 ‚
2096 1525 2232 1563 indeex

1285 1573 1439 1616 promiffo
1473 1573 1658 1607 liberandus
1691 1572 1733 1607 ab
1755 1572 1961 1617 obligatione
1992 1575 2191 1611 creditorum
2210 1601 2230 1620 ‚

1284 1624 1318 1657 ἀ
1341 1634 1417 1658 curn
1446 1622 1573 1658 honore
1599 1623 1634 1658 in
1661 1622 1806 1658 Patriam
1833 1625 2070 1658 remittendus.
2097 1626 2161 1660 Sed
2182 1627 2230 1662 fe-

1283 1673 1366 1708 fellit
1391 1685 1467 1708 eum
1493 1674 1612 1718 opinio
1648 1697 1660 1714 ,
1697 1674 1825 1719 Joanne
1844 1698 1846 1702 f
1864 1672 1904 1706 de
1931 1674 2125 1709 Oxeneford
2147 1675 2227 1712 affe-

1283 1734 1375 1759 rente
1403 1725 1526 1759 litteras
1552 1723 1822 1768 Dominirkfflis
1841 1748 1852 1765 ,
1879 1724 1999 1767 quibus
2025 1725 2163 1769 rogabat
2184 1727 2224 1767 α

1281 1773 1436 1808 monebat
1451 1799 1460 1814 ,
1487 1784 1524 1808 ut
1551 1774 1618 1807 fine
1628 1784 1718 1808 mora
1732 1775 1849 1807 rediret
1869 1775 1910 1808 ad
1926 1774 2099 1809 Ecclesiam
2111 1776 2222 1817 suan,

1281 1823 1315 1856 &
1341 1834 1418 1857 ante
1443 1822 1521 1856 dicti
1547 1824 1683 1867 Joannis
1709 1823 1874 1856 conductu
1899 1824 1933 1857 δε
1960 1825 2080 1859 solatio
2105 1825 2139 1858 in
2169 1825 2223 1861 iti.

1282 1883 1357 1906 nere
1383 1873 1539 1907 frueretur
1562 1898 1570 1906 .
1607 1872 1722 1907 Paruit
1757 1870 2057 1917 Archi-Episcopus
2081 1898 2093 1915 ,
2119 1875 2155 1909 dc
2184 1876 2223 1913 in

1280 1922 1449 1956 redeundo
1475 1921 1779 1964 AEmulornm1.per
1806 1922 1943 1956 Amicos
1955 1923 2224 1962 machinamenta

1279 1972 1463 2016 cognovit,
1489 1971 1545 2015 qui
1566 1971 1630 2014 jam
1653 1971 1693 2007 ad
1717 1972 1806 2005 mare
1829 1973 1968 2015 profecti>
1987 1985 2121 2010 ventum
2131 1987 2223 2011 com·

1281 2021 1416 2055 modum
1437 2019 1662 2065 exspedtabant
1680 2044 1691 2061 ,
1718 2019 1844 2055 Archi·
1862 2021 2026 2067 Episcopo
2053 2021 2165 2059 noffro
2185 2027 2223 2061 in

1279 2071 1429 2114 oppofito
1450 2071 1563 2106 littore
1583 2070 1729 2105 similiter
1751 2072 1953 2115 exspessante
1966 2096 1975 2106 .
2003 2073 2080 2109 Ubi
2091 2086 2167 2109 cum
2180 2075 2223 2111 de

1279 2123 1411 2155 traniitu
1436 2132 1549 2156 eorum
1573 2121 1608 2155 ὃς
1631 2120 1929 2156 machinationibus
1944 2124 2072 2158 certior
2091 2124 2182 2159 fieret
2205 2148 2219 2167 ,

1278 2182 1417 2206 conatus
1440 2183 1553 2205 eorum
1577 2171 1627 2205 via
1644 2195 1655 2211 ,
1690 2182 1754 2214 qua
1780 2172 1911 2214 potuit,
1943 2171 2027 2206 elifit
2046 2195 2058 2212 ,
2085 2173 2220 2211 mittens

1281 2221 1406 2255 Archi·
1420 2221 1583 2266 Episcopo
1606 2221 1800 2256 Eboracenfi
1824 2222 1947 2256 litteras
1971 2221 2188 2266 Apostolicam
2205 2247 2220 2267 ,

1277 2272 1395 2314 quibus
1408 2272 1473 2315 ipse
1485 2273 1518 2307 ἀ
1533 2272 1761 2307 Dunelmensss
1785 2272 1965 2315 Episcopus
1977 2283 2116 2316 ‘propter
2126 2274 2221 2309 untr-

1278 2332 1382 2363 patam
1397 2323 1474 2355 novi
1491 2323 1594 2366 Regis
1617 2321 1868 2356 coronationem
1887 2321 1929 2356 ab
1952 2322 2137 2366 Episcopali
2150 2322 2222 2359 offi-

1275 2371 1327 2403 cio
1341 2371 1596 2414 suspenduntur.
1625 2373 1720 2406 Alias
1741 2383 1873 2416 quoque
1898 2374 2041 2415 porrexit
2062 2373 2219 2410 Nuncius

1276 2420 1499 2455 Londonienfi
1522 2422 1555 2454 ἀ
1579 2421 1805 2467 Saresberienfi
1829 2421 2019 2464 Episcopis;
2048 2424 2168 2465 quibus
2179 2425 2219 2460 in

1275 2470 1471 2504 sententiam
1484 2468 1702 2504 anathematis
1727 2479 1940 2510 revocantur,
1965 2472 1998 2503 ὅς
2019 2471 2218 2514 suspendun-

1274 2530 1326 2553 tur
1338 2531 1452 2555 omnes
1477 2520 1652 2564 Episcopi,
1679 2520 1738 2563 qui
1759 2519 1895 2563 praefatae
1914 2520 2137 2555 coronationi
2164 2522 2216 2557 in-

1275 2570 1455 2604 terfuerunt
1484 2594 1492 2601 .
1527 2570 1607 2618 Q10
1640 2571 1727 2604 facto
1754 2570 1936 2612 prosperior
1956 2580 2032 2602 aura
2054 2570 2176 2614 spirans
2194 2571 2216 2608 ἢ,

1274 2620 1426 2654 Flandria
1451 2620 1636 2653 Dominum
1660 2616 1979 2662 Archi-Episcopum
1997 2620 2031 2653 in
2047 2620 2214 2664 Angliam

1274 2671 1363 2704 felici
1378 2670 1588 2714 navigatione
1600 2669 1750 2710 perduxit
1761 2693 1770 2701 .
1797 2669 2113 2712 Ven-ienternquead
2128 2666 2215 2717 Po}-

1274 2731 1345 2754 tum
1357 2745 1367 2760 ‚
1383 2724 1434 2754 cui
1447 2719 1547 2754 Sand-
1562 2721 1678 2753 Wicus
1693 2730 1813 2753 nomen
1838 2720 1882 2754 est
1896 2742 1907 2757 ‚
1933 2718 2030 2762 Regii
2055 2721 2211 2756 satellite!

1273 2779 1469 2814 exceperunt
1482 2794 1492 2809 ,
1517 2769 1672 2803 custodiis
1682 2780 1736 2812 per
1750 2769 1859 2803 littora
1880 2768 2040 2812 dispofitis
2051 2794 2062 2811 ,
2087 2781 2124 2804 ut
2139 2772 2213 2807 cte-'-

1271 2819 1358 2855 ditur
1371 2846 1382 2862 ,
1408 2819 1448 2854 ad
1469 2819 1653 2853 nocendum
1666 2843 1676 2860 ,
1701 2820 1734 2853 δε
1754 2819 1885 2855 armatis
1905 2818 2176 2862 perstrepentibus
2197 2831 2212 2856 t

1272 2882 1355 2916 quos
1377 2871 1539 2905 antefatus
1556 2870 1694 2913 Joannes
1718 2870 1758 2904 de
1780 2868 1974 2904 oxeneford
2004 2867 2154 2903 cohibuit
2175 2870 2218 2917 &l

1272 2921 1430 2963 compulit
1445 2931 1532 2954 arma
1543 2921 1723 2963 deponere,
1744 2930 1812 2951 non
1825 2926 1892 2951 tam
1905 2942 1915 2958 ‚
1939 2927 1974 2952 ut
1987 2929 2116 2962 putatur
2127 2943 2137 2958 ‚
2163 2921 2211 2954 fa·

1273 2982 1350 3005 vore
1378 2971 1561 3004 nostrorum
1577 2994 1588 3010 ‚
1616 2969 1712 3012 quam
1736 2980 1776 3002 ne
1790 2971 1951 3003 temeritas
1961 2980 2075 3003 eorum
2090 2970 2210 3005 Domi·

1274 3032 1352 3056 num
1367 3020 1493 3065 Regem
1506 3021 1539 3055 ἀ
1559 3019 1676 3054 liberos
1700 3019 1773 3052 suos
1796 3019 2091 3061 notaproditionis
2105 3021 2210 3054 inum·

1274 3081 1339 3106 ret.
1367 3071 1557 3115 Exegernnt
1577 3078 1684 3107 tamen
1708 3092 1717 3108 ‚
1744 3079 1779 3102 ut
1803 3067 1994 3113 alienigenae
2014 3094 2025 3110 ‚
2052 3070 2108 3112 qui
2128 3080 2206 3106 cum

1273 3119 1558 3164 Archi-Episcopo
1569 3129 1719 3153 venerant
1734 3142 1745 3158 ‚
1768 3119 2012 3154 Sacramentum
2022 3120 2205 3163 praestarent
2245 3129 2248 3132 ’

1271 3172 1312 3206 de
1323 3171 1476 3205 servanda
1492 3171 1646 3204 fidelitate
1659 3169 1744 3212 Regi
1766 3169 1799 3203 &
1821 3168 1961 3213 Regno.
1988 3169 2205 3212 Necappare·

1272 3222 1326 3256 bat
1337 3222 1507 3265 quisquam
1530 3219 1709 3262 alienigena
1724 3228 1833 3262 praeter
1857 3220 2026 3253 Simonem
2037 3220 2207 3253 Senonen·

1272 3273 1336 3306 sem
1346 3271 1656 3305 Archi-Diaconum
1669 3293 1679 3307 ,
1701 3270 1756 3313 qui
1769 3269 1808 3302 ad
1821 3269 2031 3312 praestandum
2041 3269 2204 3312 juramen·

1274 3332 1344 3356 turn
1358 3322 1453 3356 facile
1464 3320 1566 3354 fuiffet
1587 3319 1732 3353 inductus
1746 3344 1756 3359 ,
1781 3320 1803 3352 st
1826 3319 2125 3363 Archi-Episcopus
2136 3330 2202 3361 per·

1275 3372 1408 3406 mififfet.
1416 3371 1485 3417 Qi
1496 3370 1635 3413 exempli
1648 3370 1824 3414 perniciem
1839 3369 1960 3403 veritus
1970 3369 2134 3412 respondit
2145 3368 2201 3402 bo-

1278 3420 1475 3458 nismoribus
1488 3418 1553 3455 hoc
1564 3419 1691 3465 prorsus
1705 3420 1766 3455 esse
1778 3420 1979 3455 contrarium
1990 3429 2040 3460 ,ut
2057 3417 2197 3454 mandi--

2090 3487 2098 3494 =·
2110 3478 2142 3502 ta
