2358 3776
387 145 487 195 370

305 222 399 260 nami
424 216 538 266 gaudii
564 214 689 254 debetis
713 213 920 253 exhibitione
953 215 1066 259 repleri
1089 240 1101 257 ,
1125 214 1250 262 quanto

309 273 416 318 ipsius
440 269 599 304 miracula
625 268 752 305 oculata
773 267 838 303 fide
859 265 968 310 saepiits
993 264 1190 308 intuemini,
1215 267 1248 301 ὅ(

314 324 385 367 ejias
400 319 617 356 Sacratiffimo
630 319 778 362 Corpore
793 315 933 350 Ecclesia
955 314 1057 349 vestra
1080 317 1248 360 specialius

316 370 597 410 meruitillustrari
609 395 616 404 .
645 369 718 403 Nos
729 377 835 401 autem
842 365 1048 399 considerata
1068 367 1173 411 gloria
1185 379 1247 401 me-

317 423 478 462 ritorum,
502 420 661 466 quibusin
675 418 741 451 vita
755 416 808 449 sua
820 415 1073 460 magnanimiter
1095 416 1211 451 claruit
1236 441 1246 458 ,

315 473 404 508 &de
415 471 578 506 miraculis
587 469 654 510 ejus
665 477 733 500 non
757 466 862 500 solum
882 465 1052 499 communi
1076 466 1108 500 ὅ(
1129 467 1246 501 celebri

315 524 426 562 fama,
450 520 612 555 sedetiam
622 516 813 551 dilectorum
826 515 969 550 filiorum
995 514 1122 549 Alberti
1144 516 1242 551 Titu-

314 572 340 607 li
351 570 457 607 sancti
470 567 639 604 Laurentii
653 566 686 600 in
700 566 847 607 Lucina,
873 566 906 600 ἀ
929 563 1140 601 Theodwini
1171 567 1232 601 ritu

313 622 340 656 li
362 620 469 655 Sanffl
482 617 623 658 vitalis,
651 615 915 661 presbyterorum
937 614 1165 650 Cardinalium
1179 640 1190 657 ,
1213 618 1245 651 ἀ

314 670 408 706 Sedis
421 668 619 714 Apostolicae
641 665 839 713 Legatorum
853 690 863 706 ‚
887 665 922 698 dc
943 665 1080 700 aliarum
1102 667 1243 710 plurium

311 721 519 765 personarum
542 718 766 753 testimonium
785 715 1012 751 certitudinem
1037 716 1167 760 plenam
1192 716 1245 751 ha-

314 770 451 811 bentes,
479 770 645 814 proefatum
657 766 993 810 Archi-Episcopum,
1021 767 1055 800 in
1078 769 1182 810 capite
1203 766 1237 810 je-

310 820 419 864 junii,
450 819 665 855 multitudine
677 818 879 852 Clericorum
904 827 940 850 ac
967 816 1141 853 Laieorum
1166 828 1243 860 pra-,—

312 871 403 905 sente
424 870 458 904 in
483 870 622 905 Ecclesia
641 867 820 903 deliberato
844 878 919 901 cum
941 867 1106 901 Fratribus
1129 866 1245 900 nostris

310 919 452 955 consilio
470 920 657 955 solemniter
679 917 945 957 canonizavimus
970 941 982 958 ,
1007 928 1080 951 eum
1105 916 1230 950 decrevi

311 981 386 1004 mus
406 972 597 1006 sannorum
616 968 803 1010 Martyrum
839 967 995 1012 Collegio
1028 977 1239 1001 annumerari·

309 1019 389 1054 dum
401 1045 410 1053 .
439 1020 546 1055 Vobis
556 1020 588 1054 δε
599 1017 798 1053 universitati
809 1017 954 1052 fidelium
965 1017 1007 1051 de
1022 1017 1141 1062 Anglia
1155 1017 1239 1060 Apo-

309 1069 426 1104 stolica
446 1068 642 1105 authoritate
669 1069 883 1108 mandantes,
921 1078 957 1101 ut
980 1068 1082 1102 natali
1102 1067 1169 1110 ejus
1190 1067 1242 1100 die

308 1130 377 1165 quo
389 1120 490 1155 vitam
504 1121 595 1155 suam
606 1120 747 1165 gloriosa
759 1118 902 1162 passione
918 1118 1045 1159 finivit,
1073 1118 1168 1152 annis
1185 1117 1250 1150 sin·-

308 1170 396 1215 gulis
406 1182 482 1205 cum
496 1172 708 1205 veneratione
727 1169 836 1204 debita
857 1167 1025 1203 celebretis
1039 1193 1046 1200 .
1071 1168 1242 1217 Qioniam

307 1220 409 1264 igitur
420 1221 560 1267 dignum
573 1219 618 1255 est
630 1246 641 1262 ,
665 1220 699 1256 δε
712 1220 807 1255 vobis
828 1219 1013 1263 plurimum
1025 1218 1180 1262 expedit,
1208 1230 1241 1252 ui

306 1270 442 1306 Sanstus
456 1272 585 1315 Corpus
596 1271 682 1313 ejus,
709 1281 784 1304 cum
796 1281 832 1303 ea
842 1280 905 1312 qua
916 1269 1011 1304 decet
1022 1269 1198 1302 reverentia
1209 1268 1242 1301 δε

305 1318 436 1356 honore
461 1319 622 1354 condatur
642 1343 654 1359 ,
680 1319 870 1352 discretioni
884 1318 991 1351 vesirae
1010 1329 1064 1360 per
1075 1317 1239 1361 Apostoli·

275 1395 277 1399 s
303 1382 344 1406 ca
360 1370 477 1414 scripta
487 1369 681 1404 mandamus
701 1391 713 1407 ‚
740 1377 901 1409 quatenus
919 1377 1035 1410 corpus
1045 1366 1113 1408 ejus
1122 1366 1240 1400 devote

305 1420 340 1455 δε
362 1427 563 1457 reverenter,
590 1418 675 1450 fabia
703 1416 842 1448 solemni
867 1416 1067 1456 processione
1088 1437 1099 1453 .
1132 1415 1241 1457 aliquo

304 1468 469 1514 praecipuo
479 1466 555 1505 die,
581 1472 785 1509 congregato
795 1462 937 1497 Clero&
959 1464 1103 1506 populo,
1129 1464 1163 1497 in
1186 1464 1243 1497 Al-

307 1519 370 1554 tari
383 1513 568 1552 honorifice
579 1513 786 1554 recondatis,
811 1523 866 1546 aut
887 1513 992 1555 ipsum
1006 1513 1039 1546 in
1059 1513 1168 1554 aliqua
1188 1513 1243 1546 dr-

304 1568 395 1605 eenti
409 1567 515 1610 Capsa
529 1572 707 1610 ponentes,
734 1574 829 1606 prout
849 1563 1030 1601 convenit,
1056 1563 1187 1597 elevetis
1208 1565 1238 1596 in

304 1620 432 1659 altum,
457 1618 491 1652 δε
505 1614 722 1660 patrocinium
736 1613 802 1652 ejus
824 1624 882 1655 pro
903 1614 1003 1646 salute
1026 1612 1189 1647 Fidelium
1208 1613 1239 1646 ἀ

305 1680 384 1715 pace
395 1666 585 1703 universalis
609 1663 755 1699 Ecclesiae
777 1662 927 1707 satagatis
947 1662 1035 1707 apud
1056 1662 1241 1697 Dominum

304 1720 416 1758 vestris
429 1719 491 1761 piis
512 1714 727 1751 Orationibus
749 1713 918 1756 impetrare
937 1737 946 1748 .
973 1713 1100 1750 Datum
1122 1713 1243 1762 Signia:

305 1768 425 1823 quarto
436 1767 512 1804 Idus
526 1763 659 1802 Martii,

429 1866 840 1908 EPISTOLA
942 1865 1102 1904 xcul.

360 1974 535 2013 Alexander
557 1974 648 2015 Papa
668 1973 755 2007 clero
776 1971 810 2005 ό·
825 1969 935 2011 Populo
956 1972 1048 2001 coelur
1073 1964 1210 2009 Angue-2

311 2077 390 2115 DE
434 2066 970 2110 CANoNtzATloNE
1018 2061 1251 2102 SANCTI

640 2118 912 2158 THoMAE.

307 2224 612 2315 REDOLET
640 2224 763 2270 Anglia
775 2218 951 2267 flagrantia
962 2218 997 2254 ὰ.
1013 2217 1135 2251 virtute
1144 2214 1251 2259 signo·

437 2289 505 2310 rum
518 2301 528 2315 ,
557 2288 626 2318 quae
639 2287 686 2317 pei
703 2276 814 2307 merita
828 2272 914 2305 illius
927 2267 1070 2302 sancti&
1097 2273 1250 2319 venerari-

306 2328 343 2363 di
357 2327 418 2360 viri
431 2325 592 2362 Thomae,
617 2324 784 2367 quondam
798 2315 1038 2353 Cantuariensis
1052 2311 1253 2358 Archi-‘Epi-

310 2378 401 2421 scopi
414 2375 626 2416 omnipotens
639 2372 728 2404 Deus
740 2378 892 2413 operatur
906 2391 916 2407 ,
942 2366 975 2399 ἃ,
996 2364 1142 2398 universa
1171 2361 1254 2396 leta-

313 2437 368 2462 tur
388 2425 510 2466 ubique
532 2421 678 2453 fidelium
702 2418 887 2452 Christiana
912 2415 1065 2459 Religio,
1095 2422 1153 2456 pro
1170 2423 1212 2445 eo
1241 2435 1252 2452 ,

313 2479 404 2523 quod
420 2473 475 2508 ille
487 2496 497 2511 ‚
510 2472 565 2515 qui
576 2469 621 2503 est
634 2494 645 2510 ,
673 2467 832 2501 mirabilis
844 2467 876 2499 &
888 2466 1048 2509 gloriosus
1062 2465 1094 2496 in
1108 2462 1231 2496 Sanctis
1242 2486 1251 2501 ,

310 2527 467 2564 Saneium
477 2524 568 2556 suum
582 2519 651 2564 post
665 2528 804 2552 mortem
833 2514 1044 2554 clarificavit,
1068 2512 1164 2555 cujus
1186 2513 1252 2545 vita

312 2575 488 2613 laudabilis
499 2571 603 2606 multa
618 2569 702 2604 fulsit
713 2567 818 2612 gloria
836 2565 1025 2599 meritorum
1036 2587 1048 2605 ,
1073 2563 1107 2597 δε
1121 2561 1251 2595 tandem

313 2627 474 2669 martyrio
511 2622 736 2657 consummata
772 2616 816 2651 est
853 2614 1039 2649 certaminis
1077 2611 1217 2668 ⁸gloriosi
1245 2636 1252 2643 .

317 2675 482 2725 Qamvis
504 2681 611 2706 autem
634 2670 674 2702 de
696 2667 871 2701 Sanctitate
891 2664 985 2708 ipsius
1006 2661 1152 2697 dubitare
1186 2672 1251 2694 non

318 2727 414 2772 posfit
427 2749 439 2766 ,
459 2723 516 2769 qui
527 2720 593 2763 ejus
604 2720 637 2753 &
651 2716 848 2752 laudabilem
861 2714 1141 2749 conversationem
1153 2722 1251 2745 atten-

319 2776 370 2815 dit
383 2801 393 2817 ‚
423 2776 457 2810 &
471 2772 648 2819 gloriosam
663 2767 843 2802 considerat
853 2766 1027 2808 passionem
1039 2788 1050 2804 ‚
1076 2762 1181 2796 voluit
1201 2770 1250 2794 ta-

320 2838 394 2863 men
408 2824 613 2864 Redemptor
623 2829 661 2852 ac
684 2818 831 2851 Salvator
853 2815 960 2849 noster
981 2813 1051 2856 ejus
1066 2812 1252 2847 Sanctitatis

320 2875 462 2920 insignia
473 2869 658 2915 magnificis
680 2867 828 2900 irradiare
849 2864 1033 2903 miraculis,
1058 2873 1094 2896 ut
1118 2862 1174 2906 qui
1197 2873 1255 2904 pro

323 2919 693 2964 Christoinsuperabilis
706 2915 830 2950 virtutis
852 2914 1035 2949 constantia
1060 2911 1256 2946 necessitates

321 2978 357 3013 ἀ
386 2971 524 3019 pericula
543 2969 693 3014 pertulit,
720 2967 768 3000 sui
794 2964 917 2998 laboris
947 2965 980 2998 &
1011 2961 1197 2997 certaminis
1223 2963 1254 2995 in

323 3026 465 3066 AEterna
480 3019 688 3056 Beatitudine
701 3016 918 3062 cognoscatur
929 3014 969 3048 ab
980 3012 1136 3047 omnibus
1148 3022 1254 3055 perce-

321 3077 401 3123 pisse
423 3069 625 3114 triumphurn
647 3094 655 3101 .
684 3067 756 3101 Nos
781 3065 857 3098 vero
877 3064 997 3097 auditis
1021 3063 1200 3097 innumeris
1225 3064 1256 3096 ὃ(

322 3125 454 3172 magnis
465 3119 645 3157 miraculis,
671 3116 876 3160 quaejugiter
897 3125 951 3157 per
962 3112 1067 3146 Sancti
1086 3114 1175 3146 illius
1198 3114 1255 3146 viri

324 3177 440 3215 merita
452 3173 523 3208 fieri
535 3169 720 3205 universitas
732 3176 836 3200 narrat
847 3162 991 3197 fidelium
1003 3185 1013 3201 ,
1038 3163 1071 3196 δε
1094 3163 1184 3205 super
1209 3162 1257 3196 his

324 3239 395 3268 non
408 3227 477 3261 fine
487 3232 611 3266 magno
624 3218 748 3263 gaudio
760 3227 813 3258 per
830 3215 964 3248 dilectos
986 3214 1109 3247 Fratres
1132 3213 1256 3246 nostros

326 3279 503 3317 Albertum
515 3269 603 3306 tituli
614 3267 719 3301 Sansti
734 3264 900 3299 Laurentii
915 3265 947 3296 in
962 3263 1086 3296 Lucina
1098 3285 1108 3300 ,
1136 3262 1251 3295 Theo-

324 3327 464 3365 duanam
477 3323 566 3360 tituli
579 3317 685 3354 Sancti
704 3315 824 3351 Vitalis
846 3313 1053 3356 presbyteros
1070 3311 1259 3346 Cardinales

328 3387 429 3419 etque
445 3370 643 3417 Apostolicae
669 3367 759 3401 Sedis
782 3366 946 3408 Legatos,
971 3364 1027 3406 qui
1045 3360 1156 3396 eadem
1169 3363 1257 3396 mira-

329 3426 404 3462 cula
417 3421 627 3469 perspicacius
646 3417 831 3451 didicerunt
845 3438 855 3453 ,
881 3411 1004 3457 quanto
1027 3411 1166 3456 amplius
1190 3413 1259 3447 sunt

326 3479 407 3519 ioco
429 3474 528 3512 vicini
541 3495 552 3520 2
578 3467 731 3517 praecipue
750 3465 901 3502 certiores
920 3461 1049 3507 effesti,
1073 3463 1106 3500 ὅ(
1131 3461 1259 3507 plurimi

981 123 1557 183 EPISTOLAE

1312 215 1450 254 aiiarum
1460 221 1668 264 peril-inarum
1679 216 1872 256 testimonio
1881 217 2006 262 fidem3
2029 218 2108 262 fient
2128 223 2243 263 debui.

1313 277 1408 311 mus,
1430 270 1646 310 adhibentes,
1672 270 1853 315 praedinum
1865 270 2179 318 Archi-Episcopum
2191 278 2242 311 so-

1316 318 1507 354 lemniterin
1523 319 1665 354 Ecclesia
1692 331 1814 366 magno
1835 321 1959 358 ibidem
1978 321 2182 361 clericorum
2198 327 2235 363 dt

1315 367 1489 404 Laieorum
1500 370 1656 416 Collegio
1671 372 1820 414 praesente
1829 395 1842 414 ‚
1865 371 2015 417 incapite
2024 371 2137 416 jejunii
2149 397 2161 414 ,
2183 372 2237 412 de.

1314 418 1449 454 liberato
1460 422 1606 455 Fratrum
1617 419 1800 455 nostrorum
1812 422 1950 456 consilio
1975 423 2241 461 canonizavimus

1315 469 1482 514 ipsumque
1492 470 1694 506 decrevimus
1714 473 1904 507 Sanstorum
1926 471 2092 518 Catalogo
2122 473 2242 509 adscri-

1314 517 1454 554 bendum
1465 545 1474 553 .
1500 521 1760 557 Universitatem
1773 522 1885 567 iraque
1894 522 2031 557 vestram
2043 534 2217 558 monemus
2231 547 2243 566 ,

1313 570 1346 602 ὅε
1357 568 1553 606 authoritate
1564 595 1576 612 ,
1600 583 1664 615 qua
1676 571 1846 617 fungimur
1854 571 1994 609 distriste
2018 573 2219 618 praecipimus
2229 598 2241 615 ,

1313 630 1347 653 ut
1363 621 1501 654 natalem
1514 621 1649 665 przdieh
1663 623 1792 667 gloriosi
1805 623 1961 666 Martyris
1982 623 2068 658 diem
2079 623 2235 668 paffionis

1315 671 1375 703 suae
1401 670 1583 706 solemniter
1606 673 1700 707 annis
1727 673 1861 718 singulis
1885 673 2073 714 celebretis,
2099 673 2133 708 δε
2156 673 2244 717 apud

1312 718 1414 762 ipsum
1427 721 1545 754 votivis
1556 723 1760 757 orationibus
1773 724 1922 767 satagatis
1935 724 2062 758 veniam
2079 734 2243 767 promere-

1311 771 1336 802 ri
1350 783 1360 803 .·
1387 780 1421 803 ut
1435 770 1489 813 qui
1501 781 1558 814 pro
1570 770 1703 806 Christo
1715 774 1749 807 in
1765 773 1829 807 vita
1842 774 1982 808 exilium
1994 799 2006 816 ,
2034 774 2067 809 ἅ
2085 773 2119 807 in
2135 783 2243 808 morte

1313 819 1438 853 virtutis
1457 821 1637 856 constantia
1650 822 1801 866 paffionis
1814 823 2015 866 Martyrium
2032 822 2163 868 pertulit
2175 845 2187 863 ,
2212 823 2248 858 fi·

1311 870 1432 903 delium
1445 869 1511 915 iugi
1526 871 1907 916 supplicationepulsatus
1921 898 1931 913 ,
1958 885 2018 917 pro
2041 872 2135 908 vobis
2158 872 2246 917 apud

1313 919 1494 955 Dominum
1507 920 1702 956 intercedat.
1728 921 1855 957 Datum
1878 923 1998 969 signias
2020 923 2139 968 quarto
2166 922 2244 959 Idus

1312 969 1432 1004 Mai-tii.

1445 1018 1853 1057 EplsToLA
1956 1020 2113 1060 xctv.

1454 1120 1627 1155 Alexander
1651 1123 1740 1164 Papa
1768 1119 1923 1165 aversano
1943 1118 2113 1166 Epis'copo.

1405 1220 1462 1256 UI
1490 1221 1560 1255 vice
1572 1219 1758 1256 BeatiPetri
1775 1221 2014 1265 Apostolorum
2026 1220 2190 1266 Principis
2200 1221 2252 1257 su·

1431 1273 1621 1312 premumin
1641 1271 1777 1306 Ecclesia
1793 1272 1882 1312 Dei,
1909 1271 2177 1313 licetimmeriti,
2203 1272 2254 1307 lo-

1432 1331 1507 1353 cum
1519 1320 1729 1360 obtinemus,
1762 1332 1802 1355 ex
1819 1323 1969 1364 injunisto
1991 1322 2088 1356 nobis
2100 1320 2248 1365 Aposto-

1308 1370 1391 1404 latus
1404 1370 1516 1403 officio
1538 1369 1804 1414 gloriosiffimum
1828 1370 2011 1415 Martyrem
2034 1370 2208 1410 Thomam
2235 1395 2249 1411 .

1308 1419 1474 1459 quondam
1497 1417 1769 1451 Cantuarierisem
1796 1417 2130 1462 Archi-Episcopum
2153 1445 2164 1460 ‚
2190 1421 2250 1464 qui

1309 1478 1366 1510 pro
1380 1465 1500 1509 justitia
1515 1466 1627 1501 Dei&
1650 1466 1795 1501 Ecclefiae
1808 1467 1983 1502 decertavit
1994 1468 2094 1511 usque
2114 1467 2156 1502 ad
2168 1479 2255 1503 mor-

1309 1527 1397 1555 tem,
1424 1517 1459 1551 &
1474 1516 1574 1549 veluti
1597 1517 1689 1560 supra
1711 1516 1839 1551 firmam
1861 1517 1989 1552 Petram
2009 1516 2166 1552 fundatus
2194 1542 2206 1560 ,
2232 1518 2252 1552 a

1310 1566 1412 1601 verbis
1424 1565 1603 1609 impiorum
1618 1577 1685 1599 non
1699 1569 1810 1600 timuit
1823 1591 1835 1608 ,
1847 1577 1941 1602 tanto
1953 1566 2125 1602 studiosius
2142 1568 2177 1602 in
2192 1577 2256 1603 ter-

1310 1618 1351 1651 ris
1363 1617 1507 1650 venerari
1528 1616 1682 1651 debemus
1695 1640 1707 1656 ,
1720 1616 1844 1660 quanto
1854 1617 1971 1652 certius
1982 1641 1994 1659 ,
2020 1616 2142 1652 meritis
2155 1617 2251 1660 ipsius

1309 1665 1539 1714 exigentibus,
1564 1677 1640 1701 eum
1650 1669 1778 1702 constat
1789 1667 1874 1702 inter
1882 1668 2102 1703 exultantium
2115 1666 2251 1712 SanRoq

1311 1729 1379 1752 rum
1392 1717 1648 1752 Chorosaetetna
1672 1717 1829 1752 felicitate
1849 1717 1966 1752 laetari.
1998 1716 2129 1752 Audisti
2156 1715 2255 1762 nqui-

1311 1769 1384 1803 dem
1394 1793 1405 1809 ,
1432 1770 1465 1803 &
1477 1769 1619 1803 maxima
1632 1779 1702 1811 pars
1712 1767 1812 1804 Orbis
1829 1767 1954 1803 Divina
1967 1766 2253 1813 gratia-revelante

1311 1818 1482 1863 cognoscit
1495 1841 1508 1858 ,
1534 1818 1591 1860 qui
1604 1817 1806 1851 mirabilis&
1818 1817 1982 1862 gloriosus
2007 1817 2052 1852 est
2070 1818 2105 1851 in
2130 1817 2254 1852 Sanffis

1312 1868 1397 1907 suis,
1422 1878 1499 1901 cum
1536 1867 1683 1910 potentia
1705 1865 1832 1900 virtutis
1867 1866 1926 1901 suar
1946 1868 1965 1902 a
1988 1867 2042 1902 die
2066 1891 2079 1907 ,
2103 1878 2168 1912 qua
2198 1877 2255 1910 pet

1313 1917 1466 1960 Martyrii
1481 1916 1622 1959 palmam
1637 1915 1774 1957 Coelos,
1798 1916 1878 1950 fient
1904 1916 2129 1952 indubitanter
2152 1916 2255 1951 credi-

1315 1978 1404 2006 mus,
1431 1966 1532 1999 victor
1555 1964 1704 1998 introivit
1722 1987 1734 2006 ,
1767 1966 1943 2010 magnifice
1965 1968 1998 2000 in
2021 1969 2112 2001 terris
2133 1965 2255 2011 glorifi-

1315 2017 1400 2051 cavit
1413 2039 1422 2055 ,
1448 2013 1550 2050 &sub
1562 2014 1700 2049 nomine
1713 2014 1813 2058 ipsius
1833 2015 1934 2049 multa
1946 2017 2095 2061 quotidie
2118 2017 2257 2051 miracu-

1317 2067 1422 2101 lorum
1434 2066 1521 2111 signa
1545 2075 1614 2098 non
1625 2065 1722 2099 cessat
1744 2065 1887 2109 operari.
1917 2065 2022 2101 Unde
2042 2067 2076 2101 ἀ
2101 2076 2162 2101 nos
2174 2065 2253 2101 deli-

1318 2116 1430 2151 berato
1450 2114 1589 2149 consilio
1600 2125 1674 2148 cum
1685 2114 1851 2149 Fratribus
1863 2113 1998 2155 nostris,
2029 2115 2098 2159 posi
2113 2115 2252 2153 multam

1319 2165 1586 2201 sollicitationem
1626 2162 2007 2207 Archi-Episcoporum
2032 2189 2043 2205 ,
2077 2163 2253 2208 Episcopo-

1318 2227 1388 2251 rum
1400 2240 1412 2256 ,
1437 2216 1471 2251 ὅ(
1485 2213 1657 2260 praesertim
1668 2214 1933 2260 commonitione
1946 2214 2139 2249 dilectorum
2152 2213 2254 2251 Filio-

1318 2278 1386 2300 rum
1400 2265 1585 2300 nostrorum
1603 2289 1614 2306 ,
1638 2263 1767 2298 Alberti
1780 2264 1869 2298 tituli
1892 2263 1999 2298 Sansti
2019 2263 2190 2299 Laurentii
2216 2263 2253 2300 in

1317 2316 1467 2356 Lucina,
1492 2312 1854 2351 &Theodwinitituli
1876 2313 2138 2354 SanstiVitalis,
2163 2311 2253 2349 Pres-

1318 2365 1505 2408 byterorum
1518 2364 1747 2399 Cardinalium
1760 2388 1771 2404 ,
1798 2366 1852 2405 qui
1864 2363 1982 2398 exinde
1994 2364 2162 2399 veritatem
2187 2363 2255 2408 pie·

1319 2414 1391 2448 nius
1404 2414 1671 2458 investigaverant
1684 2437 1695 2452 ,
1720 2413 1754 2447 ἀ
1768 2414 1836 2447 visu
1850 2413 2005 2448 &auditu
2016 2423 2255 2458 cognoverant,

1318 2464 1421 2509 ipsum
1443 2463 1738 2502 canonizavimus,
1764 2462 1797 2495 ἁ
1812 2463 1845 2493 in
1870 2462 2035 2506 Catalogo
2059 2463 2251 2498 Sanctorum

1318 2523 1612 2553 connumerantes,
1637 2509 1725 2545 diem
1749 2510 1900 2555 passionis
1925 2512 1985 2544 suae
2010 2511 2162 2553 proximo
2182 2512 2253 2556 post

1319 2564 1446 2598 Festum
1468 2564 1658 2597 Sandiorum
1682 2561 1915 2594 Innocentium
1937 2558 2012 2601 die,
2037 2558 2078 2594 ad
2091 2557 2253 2596 honorem

1318 2613 1528 2657 Deifingulis
1537 2612 1632 2644 annis
1645 2608 2086 2650 solemnitercelebrandam,
2113 2609 2148 2644 δι
2168 2611 2254 2646 inter

1319 2664 1512 2698 Sandinrum
1526 2660 1713 2703 Martyrum
1727 2658 1929 2693 Festivitates
1950 2659 2252 2695 connumerandam

1318 2716 1380 2748 effe
1391 2710 1643 2747 constituimus:
1668 2708 1784 2744 &earn
1798 2719 1852 2752 per
1876 2708 2039 2752 praedictos
2060 2707 2252 2745 Cardinales

1320 2775 1380 2798 nec
1401 2773 1471 2797 non
1496 2761 1532 2796 ὃς
1559 2772 1613 2804 per
1637 2758 1739 2794 Archi
1758 2758 1954 2802 -Episcopos
1979 2758 2012 2792 ἀ
2035 2757 2214 2804 Episcopos
2240 2783 2253 2800 ,

1319 2825 1386 2848 tam
1402 2813 1436 2846 in
1449 2810 1573 2856 Anglia
1584 2832 1596 2850 ,
1620 2819 1679 2843 nec
1692 2820 1758 2844 non
1772 2808 1806 2844 ἀ
1820 2809 1853 2842 in
1865 2807 1938 2843 aliis
1950 2807 2161 2851 Regionibus
2172 2820 2252 2844 con-

1320 2863 1448 2898 stitutos
1475 2862 1681 2905 praecepimus
1709 2856 1910 2893 devotissime
1935 2856 2087 2891 celebrari
2111 2882 2120 2891 .
2159 2859 2252 2907 Qia,

1321 2914 1420 2959 igitur
1441 2911 1531 2954 quod
1551 2911 1568 2944 a
1589 2910 1792 2945 Sacrosanna
1815 2907 1966 2941 Romana
1991 2907 2157 2950 Ecclesia,
2182 2920 2252 2952 qua

1321 2964 1361 2998 ab
1371 2963 1440 3006 ipso
1462 2961 1616 2995 Domino
1627 2959 1736 3001 Caput
1747 2955 1792 2991 est
1804 2957 1838 2990 ἀ
1851 2956 2003 3002 magistra
2016 2956 2168 2994 omnium
2187 2958 2252 2994 Ee-

1320 3013 1485 3048 clefiarum
1497 3011 1672 3046 constituta
1694 3017 1770 3049 tant
1783 3007 1889 3040 sanna
1909 3008 2037 3041 constat
2061 3008 2096 3042 &
2114 3007 2249 3051 provida

1322 3062 1557 3098 deliberatione
1577 3058 1762 3095 ordinatum
1775 3081 1786 3097 ,
1811 3055 1853 3090 ab
1871 3057 2024 3091 universis
2038 3057 2159 3092 Christi
2173 3056 2250 3093 fide·

1323 3113 1407 3147 libus
1428 3123 1503 3146 cum
1531 3119 1649 3155 magna
1671 3107 1715 3142 est
1745 3107 1953 3141 veneratione
1974 3106 2210 3142 observandum
2235 3131 2248 3148 ‚

1322 3161 1529 3198 Fraternitati
1552 3171 1613 3195 ωε
1621 3168 1675 3201 per
1688 3155 1878 3201 Apostolica
1900 3156 2025 3202 Scripta
2043 3157 2249 3198 mandamus,

1322 3210 1483 3258 quatenus
1505 3209 1742 3246 solemnitatem
1766 3207 1992 3251 praenominati
2017 3206 2175 3252 Martyris
2186 3218 2249 3242 an·-

1326 3263 1449 3297 nuatim
1473 3273 1549 3296 cum
1565 3270 1684 3303 magna
1699 3257 1909 3296 veneratione
1926 3256 2068 3292 celebres
2079 3281 2092 3298 ,
2117 3257 2180 3293 &a
2191 3256 2248 3292 Pa·

1325 3312 1488 3347 rochianis
1513 3310 1576 3344 tuis
1603 3309 1762 3352 praecipias
1784 3306 1973 3352 generaliter
1993 3307 2169 3349 celebrari,
2192 3316 2247 3342 eos

1325 3361 1467 3397 studiose
1489 3368 1700 3394 commonens
1723 3382 1734 3398 ‚
1762 3369 1798 3392 ut
1820 3357 1860 3391 ad
1880 3357 1974 3402 ipfius
1995 3358 2100 3392 Sancti
2120 3366 2247 3392 venera·

1325 3415 1450 3448 tionem
1463 3411 1507 3444 ita
1519 3411 1699 3452 frequenter
1709 3407 1880 3442 intendant
1900 3432 1912 3450 ,
1936 3407 2025 3452 quod
2048 3405 2246 3448 meritisejus

1326 3459 1615 3499 intervenientibus
1638 3457 1869 3506 Redemptoris
1885 3458 1934 3496 sui
1951 3457 2090 3506 gratiani
2111 3457 2165 3541 sibi
2197 3465 2249 3491 va—

2133 3513 2207 3543 eant
