2358 3776
486 153 525 198 S.
575 149 862 198 THOMAE
911 145 1314 196 CANTUA-R.
1364 146 1499 193 LIB.
1538 150 1642 195 111.

1854 159 1948 210 265

83 244 124 279 fis
134 238 375 288 aggravaverit,
399 239 432 273 &
447 239 554 284 quoad
577 241 706 283 potuit,
729 237 881 283 gladium
902 234 936 269 in
958 246 1016 269 nos
1071 236 1283 280 Episcopus,
1309 232 1431 267 Comes
1452 232 1560 278 Hugo
1574 257 1586 274 ,
1611 233 1803 280 Radulphus
1827 237 1870 274 de
1894 238 1981 273 Broc
2006 262 2019 280 ,

83 291 280 339 spiritualem
292 314 302 330 ‚
330 290 363 323 in
376 290 455 333 juris
465 290 583 333 publici
597 288 753 324 laessonem
766 312 776 327 ,
803 287 935 322 dextera
957 286 1016 319 ini-

84 342 217 385 quitatis
228 341 355 375 extorsit
369 365 375 372 .
404 340 522 374 Canon
536 351 676 382 namque
687 338 865 382 potiffimus
876 335 930 369 hic
951 334 995 368 est
1009 360 1018 375 ,

1082 285 1233 320 Thomas
1243 284 1330 318 filius
1340 281 1493 318 Bernardi
1507 307 1518 323 ,
1534 282 1699 318 Robertus
1710 286 1852 323 Clericus
1865 287 1905 323 de
1918 288 2017 330 Broc,

1084 337 1187 381 Hugo
1198 334 1238 368 de
1249 336 1278 369 S.
1291 333 1390 368 Claro
1402 358 1413 374 ,
1440 333 1596 368 Letardus
1608 332 1754 367 Clericus
1766 336 1806 369 de
1826 338 1979 373 Norflece
2006 362 2019 379 ,

85 396 131 428 ut
147 403 246 425 nemo
272 389 466 435 praepropere
487 391 537 424 vel
560 389 761 432 praepostere,
788 386 822 421 id
844 386 892 420 ‘est
909 409 921 425 ‚
950 396 1018 419 non
1085 384 1235 430 Nigellus
1246 385 1287 418 de
1299 382 1520 424 Sacca-Villa,
1549 382 1734 418 Richardus
1754 383 1861 418 Frater
1881 388 2022 422 Wilhei.

83 442 326 481 commonitus,
353 451 456 484 neque
474 438 831 482 convistusjudicetur.
860 434 933 469 Nec
946 435 1021 478 Epi-

85 493 201 536 scopus
224 490 365 526 omnind
386 500 580 534 quemquam
602 487 890 525 excommunicet,
916 486 1022 519 donec

85 543 191 577 caussa
205 541 378 585 probetur,
406 541 498 583 super
514 551 576 585 qua
591 539 680 572 Reus
702 535 868 580 impetitur
880 560 887 567 .
920 535 1023 570 Unde

87 592 162 626 cum
174 592 191 625 ὲ
205 592 271 634 jure
280 589 528 629 exorbitaverit,
553 590 592 623 de
615 589 764 622 Domino
787 586 986 620 confidimus
1015 610 1025 625 ,

86 652 124 676 ut
139 642 174 676 in
188 653 249 676 nos
270 639 427 674 vibrando
437 638 603 683 gladium,
629 649 732 672 aerem
756 636 863 680 potius
885 636 1026 670 verbera-

87 692 190 731 verit,
217 691 314 735 quam
325 699 380 724 aut
391 700 527 731 corpore
540 701 596 723 aut
618 689 727 722 anima
747 686 910 728 spirituale
932 684 1026 719 nobis

83 742 208 776 vulnus
218 740 390 775 inflixerit.
419 739 499 773 mus
509 740 596 773 enim
608 738 677 781 ejus
686 737 726 773 ad
752 737 937 770 Dominum
962 735 1026 770 Pa-

88 802 164 836 pam
175 790 368 834 appellando
379 789 587 832 praevenimus
598 813 609 828 ,
634 787 668 820 &
678 786 712 820 in
725 786 824 820 initio
835 785 1027 834 Qadrage—

87 842 174 876 srmae
186 841 266 874 fasta
278 839 452 883 appellatio
463 837 652 872 sententiam
665 835 718 870 die
728 836 918 880 vpalmarum
930 836 1026 870 latam

83 889 184 935 plene
194 889 322 923 -viribus
342 888 527 922 evacuavit.
554 888 665 922 Sixtus
675 887 763 920 enim
786 887 872 929 Papa
884 887 924 919 sic
946 897 1029 919 con·-

87 938 217 974 stituit:
244 940 368 982 ‚Quoties
385 936 550 980 Episcopus
559 936 593 980 se
603 938 622 968 ἃ
630 936 684 978 suo
697 938 925 980 Metropolitum
932 944 1027 979 puta-

90 993 396 1032 veritpraegravari,
425 990 476 1020 vel
497 999 563 1020 eum
578 985 745 1030 suspeHum
765 987 925 1026 habuerit,
964 998 1030 1018 mox

89 1042 256 1072 Roman-rm
268 1039 395 1080 appellet
408 1038 426 1069 5
428 1039 511 1070 edem
524 1060 535 1077 ,
561 1039 579 1069 ἃ
594 1048 652 1079 qua
665 1038 734 1070 dum
743 1036 777 1080 fis
791 1039 890 1070 audiri
901 1034 1032 1080 poposce-

89 1094 158 1130 νὴ,
183 1090 282 1122 nullus
293 1099 359 1121 eum
382 1092 632 1127 excommunicet,
659 1090 820 1130 antequam
842 1087 936 1130 caussa
952 1089 1032 1120 Sum·

90 1144 133 1172 mi
148 1138 300 1180 Pontificis
310 1136 490 1170 authoritate
498 1137 623 1178 finiatur
632 1162 639 1169 .
665 1135 788 1181 ,Quodsi
798 1139 884 1170 aliter
891 1135 1033 1179 prasum-

88 1187 287 1232 ·psumfuerit
301 1211 312 1228 ‚
339 1185 418 1221 nihil
423 1192 481 1220 erit
490 1212 502 1228 ‚
523 1185 583 1230 sed
590 1187 707 1222 viribus
719 1179 834 1221 omnino
845 1186 954 1220 cavebit
968 1210 975 1218 .
1040 1224 1043 1228 Δ

228 1284 637 1320 EPISTOLA
724 1255 886 1318 XLIII.

116 1382 271 1420 Thomas
294 1381 538 1418 Cantuariensis
564 1381 880 1428 Archi—Episcopus
909 1381 1009 1418 Clero

441 1432 665 1467 Lond'onienfi
681 1458 688 1465 .

95 1533 224 1568 Thomas
251 1535 309 1566 Dei
328 1537 435 1577 gratia
461 1531 679 1576 cantuariensis
709 1531 798 1566 Archi
810 1551 820 1558 -
837 1531 1000 1575 Episcopus
1026 1556 1037 1572 ,

142 1586 177 1618 Θ
203 1582 371 1625 apostolica
397 1583 482 1616 5cd1’s
511 1585 660 1626 Legatos,
690 1585 822 1623 Decano,
858 1583 953 1615 Archi·
969 1585 1038 1614 Dia-

96 1638 100 1642 '
140 1638 231 1674 mc,
259 1635 294 1668 ὁ·
320 1632 406 1666 Clero
435 1631 650 1673 Londonienfi,
672 1632 824 1675 salutem,
851 1635 884 1666 (9
911 1634 931 1664 ιὶ
968 1643 1040 1665 com—

119 1698 121 1700 *
144 1687 287 1717 maiorne
307 1688 621 1716 excommunicatorum
642 1682 772 1726 fideliter
799 1680 962 1723 abstinere.

197 1780 401 1817 ESTRAM
430 1782 528 1815 latere
565 1793 635 1815 non
671 1781 766 1815 debet
803 1781 1007 1824 prudentiam
1030 1804 1041 1820 ,

226 1831 315 1874 quod
343 1828 416 1863 'fere
449 1839 537 1863 totus
565 1830 704 1863 Latinus
730 1829 831 1865 Orbis
867 1830 1005 1873 agnovit
1030 1854 1040 1870 ,

91 1880 191 1926 quam
207 1878 319 1924 inique
333 1902 343 1919 ,
371 1879 496 1921 sumpta
509 1879 756 1921 opportunitate
781 1891 822 1913 ex
845 1880 938 1913 causa
962 1878 1042 1913 schi-

90 1931 205 1966 smatis
213 1929 375 1975 generalis
386 1953 397 1969 ,
424 1928 590 1962 Gilbertus
602 1929 845 1963 Londonienfis
861 1929 1042 1972 Episcopus

95 1982 196 2016 frater
205 1979 314 2014 noster
326 2003 338 2020 ,
363 1978 489 2013 utinam
502 1989 615 2018 verus,
643 1979 677 2012 in
692 1980 786 2012 causa
807 1977 954 2012 Ecclefiae
976 1990 1040 2011 ver-

95 2029 252 2081 striusfit‚
276 2029 435 2073 &pacem
463 2028 531 2071 ejus
553 2027 710 2062 studuerit
734 2027 936 2071 perturbare.
966 2028 1042 2069 Sup-

88 2078 288 2126 portavimus
299 2079 390 2113 enim
413 2081 531 2112 eumin
547 2077 649 2112 multa
674 2078 830 2121 patientia
851 2074 1005 2110 haetenus
1034 2100 1043 2116 ,

93 2128 222 2175 quaille
232 2130 355 2172 semper
377 2126 513 2162 abutens
526 2153 534 2168 ‚
560 2128 648 2172 jugis
662 2127 898 2161 inobedientiae
918 2127 1042 2160 crimen

96 2177 318 2224 multiplicans
338 2177 516 2213 exceffibus
541 2177 806 2223 incorrigibiliter
828 2177 1009 2211 cumulavit
1033 2199 1042 2207 .

95 2229 171 2264 Nos
185 2229 284 2274 igitur
297 2252 307 2268 ,
334 2228 386 2262 cui
399 2227 602 2261 diffimulare*
611 2239 678 2261 non
695 2227 810 2267 licuit,
837 2238 911 2260 eum
927 2236 1044 2271 urgen-

98 2289 132 2313 te
150 2277 333 2312 neceffitare
345 2277 480 2317 Officii,
505 2277 675 2312 &ratione
698 2277 776 2320 juris
798 2276 1005 2320 persuadente
1033 2300 1042 2315 ,

97 2326 228 2373 publice
238 2326 617 2368 excommunicavimus,
645 2328 677 2361 &
691 2327 782 2362 vobis
795 2326 995 2370 praecipimus
1010 2327 1042 2358 in

96 2376 422 2412 virtuteobcdientiae
434 2400 445 2416 ,
470 2377 502 2410 &
516 2377 547 2410 in
564 2377 708 2420 periculo
717 2377 843 2410 ordinis
865 2375 1018 2410 &salutis
1035 2399 1044 2415 ,

97 2438 136 2462 ut
160 2426 394 2461 communione
417 2425 506 2468 ejus,
533 2426 612 2460 ficut
634 2425 755 2459 Christi
781 2424 892 2460 fideles
917 2424 1007 2459 decet
1035 2449 1045 2464 ,

99 2477 228 2522 prorsus
239 2475 427 2509 abstineatis
439 2497 446 2506 .
468 2475 627 2510 Similiter
638 2486 694 2510 eos
708 2475 765 2509 sub
777 2476 889 2511 eadem
903 2475 1044 2508 intermi-

101 2527 237 2561 natione
250 2526 449 2569 praecipimus
461 2525 575 2559 evitari
588 2549 599 2566 ,
611 2536 751 2569 quorum
762 2526 902 2559 nomina
913 2524 1044 2558 inferius

100 2577 214 2619 scripta
226 2575 298 2608 sunt
314 2599 320 2605 .
349 2573 455 2607 Simili
468 2585 598 2618 quoque
609 2576 764 2609 sententia
778 2600 789 2616 ,
810 2576 886 2610 Deo
898 2575 1046 2614 authore,

100 2637 157 2662 eos
173 2624 258 2669 quia
273 2623 367 2658 nobis
390 2623 576 2657 solemniter
597 2624 691 2658 citati
715 2627 808 2665 sunt,
833 2626 891 2658 nisi
915 2625 1046 2658 interim

103 2674 315 2710 satisfecerint
332 2696 342 2713 ‚
366 2673 662 2717 condemnabimus
683 2673 719 2706 in.
738 2673 793 2706 die
816 2674 1047 2708 Adscenfionis

103 2725 265 2764 Domini,
293 2723 627 2758 scilicetGaufredum
641 2723 910 2757 Cantuariensem
936 2722 1047 2757 Archi·

102 2774 294 2810 Diaconum
308 2796 318 2813 ,
343 2774 375 2807 ὅ(
397 2774 580 2807 Robertum
604 2772 776 2807 Viearium
797 2773 886 2815 ejus,
913 2772 1046 2807 Richar-

103 2822 181 2858 dum
192 2822 233 2858 de
245 2823 420 2858 Welcestre
433 2848 444 2863 ,
473 2822 677 2858 Richardum
690 2823 730 2858 de
739 2822 822 2858 Luci
837 2847 847 2863 ,
860 2823 1045 2857 Wimarum

106 2873 232 2908 Giffard
243 2897 254 2913 ,
286 2873 393 2907 Adam
406 2873 447 2908 de
460 2872 566 2908 Chere
579 2896 589 2912 ,
613 2874 645 2906 ἀ
658 2884 714 2907 eos
728 2873 782 2917 qui
795 2876 858 2916 ope
879 2873 930 2906 vel
945 2874 1046 2907 confi-

107 2923 156 2957 lio
167 2923 305 2957 Domini
318 2923 439 2968 Regis,
467 2925 516 2958 vel
529 2922 709 2964 mandato,
737 2923 787 2957 vel
799 2923 926 2967 propria
948 2934 1048 2958 teme-

106 2972 222 3012 ritate,
248 2973 353 3007 nostra
365 2973 415 3007 vel
429 2973 633 3008 Clericorum
648 2974 829 3007 nostrorum
843 2973 930 3007 bona
951 2984 1048 3008 occu-

107 3031 287 3068 paverunt,
311 3022 411 3056 &eos
427 3047 437 3064 ,
464 3023 595 3067 quiope
606 3023 654 3056 vel
667 3023 804 3057 consilio
818 3023 959 3057 Domini
982 3023 1045 3057 Re-

107 3072 316 3119 gisanimum
329 3071 478 3106 adversus
500 3072 677 3107 libertatem
700 3073 848 3108 Ecclesiae
862 3098 871 3113 ,
900 3074 933 3108 δε
954 3073 1049 3107 inno-

109 3121 256 3156 centium
280 3120 571 3164 proscriptionem,
596 3122 630 3156 δε
649 3123 938 3168 depopulationem
961 3123 1065 3162 insti-l

111 3172 197 3217 gaffe
212 3171 412 3210 noscuntur,
437 3171 536 3215 &qui
547 3173 699 3207 Nuncios
717 3174 857 3209 Domini
883 3173 974 3217 Papae
993 3185 1048 3208 no·

111 3222 193 3255 sttos
207 3244 217 3260 ,
242 3232 284 3254 ne
296 3221 527 3264 prosequantur
538 3220 686 3256 Ecclesia:
707 3224 923 3265 neceffitates,
949 3224 1064 3267 impe-¹

58 3302 60 3304 .
110 3270 228 3307 diunt.
255 3270 336 3305 Non
351 3272 495 3305 turbetur
507 3282 565 3304 cor
587 3272 744 3315 vestrum,
771 3284 874 3318 neque
895 3248 1065 3307 formidetl

113 3321 146 3354 in
157 3319 205 3353 his
218 3344 228 3359 ,
240 3320 314 3362 quia
324 3320 356 3354 &
369 3332 481 3355 contra
494 3320 774 3365 tergiversationes
786 3324 1048 3368 malignantium,

112 3368 412 3413 &appellationum
424 3369 640 3415 subterfugii,
668 3374 742 3407 Deo
768 3374 932 3418 propitio,
959 3373 1050 3407 Sedis

111 3419 308 3465 Apostolicae
320 3419 712 3456 muniminetutisumus.
741 3423 822 3458 Haec
846 3425 918 3457 sunt
943 3423 1051 3457 nomi-

1085 437 1128 470 mi
1142 435 1182 469 de
1198 434 1351 479 Bastinga
1362 459 1374 475 ‚
1399 434 1456 478 qui
1471 433 1646 468 Ecclesiam
1658 434 1802 469 nostram
1815 432 1854 466 de
1873 435 2019 472 Munech

1082 487 1184 521 etiam
1195 485 1368 530 occupavit
1380 509 1388 517 .
1415 483 1553 518 Valere.
1741 491 1744 494 ’

1210 582 1617 620 EPISTOLA
1718 581 1925 620 XMV.-

1087 686 1240 722 Thomas
1265 685 1508 721 Cantuarienfis
1546 682 1866 730 Archi-Episcopus
1893 683 2031 719 Norwi-

1406 736 1492 770 cenfi
1521 734 1705 780 Episcopo.
1804 786 1822 798 ..

1090 837 1216 872 Thomas
1229 841 1288 870 Dei
1293 842 1399 880 gratia
1411 834 1634 878 Cantaurienfis
1657 833 1744 869 Archi
1754 852 1766 861 -
1780 833 1946 878 Episcopus
1959 857 1970 874 ,
1998 834 2031 868 6·

1143 887 1309 930 apostolica
1320 888 1406 921 sedis
1419 890 1550 931 Legatos
1562 911 1574 927 ,
1600 885 1764 919 venerabili
1768 884 1871 927 fratri
1883 886 1944 915 W.
1962 907 1986 915 ..
2002 908 2009 915 .
2023 908 2032 915 .

1142 939 1246 972 eadem
1267 942 1370 980 gratia
1384 935 1582 979 *norwicenfi
1598 934 1741 979 Episcopo
1760 935 1890 979 salutem
1903 959 1914 973 ,
1955 935 2033 967 (stin

1141 989 1254 1030 spirim
1274 986 1379 1019 sancto
1396 987 1538 1020 Gladium
1550 990 1634 1021 Petri
1656 986 1807 1020 adversus
1832 980 2035 1027 Persecutores

1144 1036 1256 1078 Christi
1263 1036 1393 1085 fideliter
1404 1035 1537 1081 exserere
1547 1061 1558 1079 ‚
1581 1036 1752 1079 &feliciter
1767 1045 1898 1070 exercere
1911 1059 1919 1066 .

1099 1136 1186 1224 SE
1198 1138 1301 1181 ipsum
1313 1137 1353 1172 ad
1368 1148 1497 1181 poenam
1509 1137 1656 1173 criminis
1666 1136 1814 1183 obligare
1823 1132 2043 1180 dignoscitur*¹

1119 1206 1121 1208 v
1182 1189 1326 1231 quisquis
1357 1188 1532 1223 Divinitas
1555 1197 1687 1231 accepta
1708 1186 1868 1230 potestate
1894 1183 2040 1227 perversis

1145 1238 1285 1271 minibus
1307 1238 1361 1271 dat
1383 1237 1553 1272 audaciam
1575 1237 1843 1286 delinquendiex
1867 1232 2042 1268 diffimula-

1091 1292 1095 1308 ³
1113 1298 1189 1319 ione
1199 1286 1360 1319 vindistae.
1376 1287 1465 1319 Nam
1477 1287 1804 1330 sanguisiniquorum
1816 1285 1857 1318 de
1878 1294 1979 1317 manu
1989 1292 2044 1316 ne-

1097 1335 1252 1380 gligentis
1272 1344 1328 1368 aut
1341 1334 1579 1368 ‚diffimulantis
1610 1333 1795 1368 Sacerdotis
1827 1332 2009 1374 exquiritur
2033 1354 2043 1363 .

1098 1386 1204 1429 Spinae
1214 1384 1371 1419 &tribuli
1384 1406 1395 1423 ,
1413 1383 1492 1418 ficut
1505 1383 1665 1426 Scriptura
1676 1383 1776 1418 docet
1787 1408 1797 1423 ‚
1823 1374 1996 1416 nascuntur
2008 1380 2044 1414 in

1099 1446 1198 1469 manu
1218 1434 1393 1469 temulenti
1412 1459 1420 1466 .
1447 1434 1502 1467 Ne
1523 1443 1584 1468 nos
1604 1434 1709 1478 igitur
1728 1444 1770 1467 ex
1788 1431 2045 1466 dissimulatione

1101 1485 1348 1518 manifestorum
1359 1483 1534 1517 criminum
1545 1482 1805 1516 reatusinvolvat
1815 1505 1826 1521 ,
1848 1480 1882 1512 δε
1894 1481 1928 1513 in
1945 1478 2049 1523 perni-

1101 1535 1185 1568 ciem
1200 1533 1347 1567 Ecclefiae
1356 1531 1533 1567 convincat
1545 1532 1686 1566 nimium
1711 1529 1824 1564 siluisse
1836 1554 1846 1571 ‚
1873 1529 2045 1563 Comitem

1102 1585 1285 1628 Hugonem
1299 1607 1310 1624 ,
1324 1582 1519 1626 praecedente
1530 1591 1640 1616 tamen
1654 1580 1810 1616 mandato
1822 1579 1947 1614 Summi
1961 1579 2051 1612 Pon-

1102 1635 1220 1674 tificis‚
1249 1633 1381 1668 vinculo
1392 1631 1608 1671 anathematis
1622 1632 1877 1672 innodavimus,
1904 1628 2049 1673 praecipi-

1103 1686 1236 1728 musque
1249 1693 1285 1718 ut
1294 1695 1375 1718 eum
1383 1695 1436 1728 per
1450 1683 1682 1726 Episcopatum
1694 1681 1834 1715 vestrum
1855 1679 1984 1723 publice
2003 1679 2050 1712 fa·

1103 1735 1195 1769 ciatis
1205 1733 1532 1768 excommunicatum
1544 1730 1732 1765 denunciari
1745 1753 1755 1769 ,
1776 1730 1810 1762 δε
1825 1727 1967 1763 subtrahi
1981 1728 2050 1766 fibi,

1104 1792 1200 1827 prout
1223 1782 1445 1816 Ecclefiastica
1462 1780 1634 1823 disciplina
1659 1776 1832 1823 praescribit
1852 1803 1863 1820 ‚
1902 1777 2049 1813 fidelium

1103 1831 1393 1876 participationem
1417 1856 1424 1862 .
1455 1828 1509 1864 Ad
1532 1829 1598 1864 haec
1618 1829 1800 1864 meminiffe
1820 1828 1925 1871 potest
1949 1827 2051 1862 vestra

1105 1883 1314 1922 Fraternitas,
1323 1879 1479 1927 quoniam
1492 1879 1550 1915 diu
1562 1878 1806 1914 Londoniensis
1820 1876 1973 1922 Episcopi
1987 1875 2052 1910 dis-

1101 1931 1327 1965 simulavimus
1339 1932 1470 1974 culpas,
1494 1930 1550 1974 qui
1562 1955 1572 1970 ,
1598 1940 1635 1964 ut
1646 1938 1758 1964 caetera
1769 1936 1960 1968 taceantur,
1986 1928 2050 1961 uti-

1107 1993 1181 2014 nam
1194 1992 1262 2015 tam
1276 1979 1444 2024 impudens
1454 1980 1635 2014 schismatis
1648 1991 1716 2014 non
1729 1978 1836 2012 fuisset
1859 1978 2012 2011 incentor
2038 1989 2049 2008 .-

1107 2042 1166 2065 nec
1183 2029 1217 2063 in
1240 2029 1475 2064 subversionem
1500 2029 1725 2064 Ecclefiasticae
1744 2027 1903 2062 libertatis
1924 2025 2051 2070 &juris

1106 2079 1271 2114 animasset
1281 2079 1446 2122 publicam
1459 2080 1647 2124 potestatem
1658 2105 1669 2121 ,
1693 2080 1727 2114 δε
1747 2077 1911 2111 ministros
1923 2077 1991 2120 ejus
2004 2087 2054 2110 ar-

1108 2131 1217 2164 maffet
1230 2155 1238 2162 .
1275 2131 1363 2164 Freti
1388 2129 1495 2172 itaque
1514 2130 1603 2165 Sedis
1627 2129 1829 2174 Apostolicae
1849 2125 2050 2162 authoritate

1106 2191 1178 2213 eum
1189 2179 1315 2223 publice
1336 2181 1716 2222 excommunicavimus3
1747 2178 1945 2222 Episcopum
1964 2187 2052 2221 quo-

1107 2241 1169 2273 que
1188 2229 1457 2264 Saresberiensem
1481 2241 1521 2263 ex
1540 2231 1646 2264 cauffa
1669 2227 1899 2264 inobedientiae
1917 2227 1951 2260 δε
1974 2237 2053 2260 con-

1110 2289 1273 2322 temptus;
1299 2279 1331 2312 ὅ(
1341 2277 1424 2311 alios
1437 2301 1447 2317 ‚
1463 2290 1603 2321 quorum
1617 2280 1754 2314 nomina
1767 2278 1940 2321 subscripta
1954 2277 2028 2310 sunt
2039 2299 2050 2315 ,

1110 2341 1151 2363 ex
1165 2329 1260 2363 variis
1274 2329 1307 2362 ὅ(
1321 2327 1411 2370 justis
1420 2328 1532 2362 cauffis
1548 2354 1555 2361 .
1583 2329 1874 2362 Excommunicati
1890 2329 1963 2361 sunt
1973 2336 2053 2371 ergo

1108 2378 1262 2413 Thomas
1273 2378 1378 2411 Filius
1390 2376 1543 2411 Bernardi
1553 2404 1563 2419 ,
1595 2377 1789 2422 Radulphus
1801 2378 1839 2412 de
1852 2377 1936 2410 Broc
1945 2402 1955 2417 ‚
1984 2375 2052 2410 Ro-

1110 2429 1216 2463 bertus
1227 2428 1267 2462 de
1279 2427 1363 2461 Broc
1376 2427 1522 2462 Clericus
1536 2451 1546 2466 ,
1558 2428 1663 2471 Hugo
1675 2427 1716 2461 de
1726 2429 1755 2461 S.
1770 2426 1869 2460 Claro
1880 2450 1889 2465 ,
1917 2427 1950 2458 δε
1963 2426 1992 2458 R

1110 2479 1257 2513 Clericus
1267 2477 1308 2511 de
1322 2477 1476 2512 Norflece
1487 2501 1497 2516 ,
1525 2476 1680 2520 Nigellus
1693 2476 1733 2510 de
1746 2477 1843 2509 Sacca
1855 2491 1865 2497 -
1880 2473 1971 2506 Villa
1983 2496 1992 2511 ,
2018 2475 2051 2507 &

1109 2529 1218 2563 Frater
1242 2526 1413 2561 Wilhelmi
1435 2528 1475 2560 de
1497 2525 1682 2569 Hastinga,
1706 2526 1762 2566 qui
1787 2522 1960 2557 Ecclesiam
1988 2534 2052 2556 no-

1111 2579 1205 2612 stram
1218 2579 1258 2612 de
1269 2576 1470 2611 Monechete
1493 2576 1682 2618 occupavit.
1711 2574 1915 2617 Praecipimus
1939 2584 2050 2606 autem

1110 2627 1307 2663 authoritate
1320 2630 1347 2660 A
1354 2625 1509 2669 postolica
1520 2624 1553 2658 &
1567 2625 1670 2658 nostra
1684 2649 1695 2664 ,
1722 2624 1756 2658 in
1770 2626 1889 2659 virtute
1899 2623 2052 2657 obedien-

1111 2682 1176 2717 tiae,
1201 2678 1280 2712 &in
1294 2675 1438 2720 periculo
1448 2674 1556 2708 salutis
1569 2675 1602 2708 &
1625 2674 1752 2708 ordinis
1766 2699 1776 2714 ,
1802 2684 1837 2707 ut
1849 2683 1905 2709 eos
1927 2683 1981 2716 per
1995 2683 2051 2707 to-

1108 2737 1174 2763 tam
1193 2726 1369 2762 Dioecefim
1396 2724 1529 2758 vestram
1552 2724 1677 2758 faciatis
1709 2722 1836 2767 publice
1859 2722 2049 2757 denunciari

1108 2775 1409 2812 excommunicatos
1420 2798 1430 2814 ‚
1456 2775 1488 2808 δε
1500 2776 1769 2809 communionem
1780 2785 1892 2808 eorum
1914 2771 2051 2815 jubeatis

1108 2828 1149 2863 ab
1161 2827 1313 2863 omnibus
1326 2824 1465 2860 fideliter
1473 2826 1603 2860 evitari.
1636 2824 1754 2859 Valere
1767 2824 1800 2858 in
1813 2823 1966 2858 Domino
1975 2846 1999 2864 .,
2028 2838 2054 2869 ⁴v.)

1285 2924 1695 2961 EPISTOLA
1757 2924 1887 2959 XLV.

1108 3026 1252 3061 Thomae
1278 3025 1519 3061 Cantuariensis
1554 3023 1873 3070 Archi-Episcopus
1899 3022 2038 3069 Nigello

1411 3077 1529 3110 Elienfi
1559 3076 1741 3119 Episcopo.

1061 3164 1065 3235 Ι
1110 3177 1236 3210 Thomas
1251 3180 1308 3210 Dei
1320 3181 1423 3221 grotta
1434 3202 1444 3217 ‚
1472 3177 1531 3209 ἀς.
1544 3176 1674 3209 Venerab
1682 3177 1714 3209 ili
1716 3176 1818 3218 fratri
1840 3176 1957 3219 Nigello
1971 3199 1980 3214 ,
2006 3182 2051 3205 ea-

1156 3229 1222 3260 dem
1230 3234 1333 3271 gratia
1345 3226 1489 3270 Episcopo
1501 3225 1655 3266 Elienſs,<o
1670 3230 1742 3263 Rico
1762 3226 1986 3260 Archi-Dracone
1991 3221 2044 3265 suo

1155 3275 1328 3320 salutem,&
1339 3279 1464 3319 dirigere
1472 3276 1636 3316 prudenter
1650 3283 1681 3309 in
1699 3272 2021 3317 futuraprospec‘lum

1171 3326 1422 3362 ACRORUM
1450 3325 1628 3360 Cauonum
1641 3325 1808 3367 disciplina
1834 3322 2005 3366 praescribit
2031 3345 2042 3361 ,

1194 3388 1228 3412 ut
1247 3376 1397 3420 Episcopi
1416 3377 1774 3410 excommunicatorum
1788 3376 1916 3407 suorum
1940 3371 2049 3408 nomi-

1113 3438 1152 3461 na
1183 3425 1526 3470 Comprovincialibus
1565 3425 1763 3458 denuncient
1784 3448 1794 3462 ‚
1830 3433 1870 3456 ne
1892 3433 1957 3456 una
1979 3424 2051 3455 ovis

115 3479 157 3504 na
192 3468 574 3504 excommunicatorum:
615 3471 780 3514 Jocelinus
811 3473 1051 3509 Saresberiensis
1111 3476 1259 3513 morbida
1294 3486 1425 3521 gregem
1463 3474 1607 3509 fidelium
1647 3474 1868 3507 contaminare
1907 3473 2000 3516 poffit
2039 3495 2045 3501 .

213 3519 318 3560 christ.
333 3522 411 3563 Lupi
422 3523 521 3564 Opera
531 3523 651 3556 TomX.

1711 3523 1738 3555 Z
1939 3522 2010 3556 Nos
