2358 3776
274 161 317 206 s.
388 156 771 206 THOMAE
840 144 1786 211 CANTUARIENSIS.

156 246 227 292 lpse
245 244 323 282 vero
343 243 582 289 correptionem
602 242 736 279 vestram
743 240 846 276 multa
863 239 1039 286 gratiarum

106 299 235 336 afflone
268 320 281 337 ,
314 296 489 339 suscipiens
513 294 617 329 multa
649 292 753 326 animi
776 292 988 335 temperantia
1028 315 1039 331 ,

106 347 273 393 multaque
313 345 472 381 modestia
520 343 753 393 consequenter
785 339 954 385 respondit
998 340 1038 374 ad

105 399 234 443 singula
278 423 286 431 .
335 397 376 431 ln
421 394 531 440 primis
574 394 711 427 asserens
755 399 901 426 mentem
949 391 1037 424 suam

105 448 125 483 a
150 447 246 483 vobis
276 446 464 483 nullatenus
479 442 665 483 seaVertiffe
699 466 713 484 ,
748 451 811 476 nec
835 440 872 475 id
892 439 1038 484 unquAm

104 498 260 544 propositi
292 506 413 543 mente,
437 493 615 538 concepisse
649 517 657 526 .
694 492 789 540 Qin
825 491 904 537 dum
937 500 1037 535 pater-

105 560 186 584 nam
213 547 269 583 sibi
302 542 453 594 gratiam
468 542 679 578 e'ithibueritis
713 566 725 584 ,
761 552 821 576 vos
847 550 885 575 ut
916 550 1038 584 patrem

105 598 242 645 diligat,
264 598 298 633 δε
309 596 446 632 sannam
458 593 645 628 Romanam
667 591 842 626 Ecclesiam
854 601 890 636 ut
904 600 1037 626 matrem

105 659 275 684 veneretur
294 647 329 681 dt
350 645 459 679 foveat
472 668 484 684 ‚
506 644 541 678 ἀ
569 642 662 678 sacris
679 641 871 685 juffionibus
892 641 1000 675 vestris
1025 665 1037 682 ,

105 696 326 739 salvafibisua
338 693 498 739 regnique
513 694 560 728 sui
580 693 744 738 dignitate
764 715 775 731 ,
803 691 971 725 humiliter
980 690 1037 725 ob-

105 740 259 793 temperet
278 746 314 780 Bc
330 743 483 779 obediat.
510 744 613 792 Qdd
633 742 656 775 fi
679 753 737 782 vos
758 741 822 785 jam
837 741 1036 786 aliquamdiu

102 788 382 833 solim-&eremias
389 805 456 829 non
468 794 604 837 respexit
615 816 627 833 ,
653 791 738 827 hanc
747 790 842 835 hujus
855 793 897 825 rei
910 792 1038 826 causam

102 846 238 885 asserus
251 845 341 889 quod
350 843 530 886 eum-vobis
544 845 577 877 in
601 842 789 876 neceffitate
806 852 881 876 toto
902 840 1001 875 corde
1027 865 1037 881 ,

101 905 174 931 tota
194 905 326 935 mente,
350 894 432 928 totis
451 893 573 928 viribus
593 892 751 926 adstiterit
764 916 775 932 ,
812 891 870 926 sibi
898 890 1038 936 postmo—

101 945 182 980 dum
194 956 248 988 per
258 944 411 978 Nuncios
423 944 455 977 in
473 943 655 989 necestitate
666 942 841 976 recurrenti
864 941 905 976 ad
926 951 983 975 vos
993 941 1039 975 di-

101 995 169 1042 gne
181 1006 238 1039 pro
250 994 374 1029 meritis
387 993 536 1029 sanstitas'
555 992 657 1027 uestra
677 1003 747 1027 non
769 992 936 1036 respondit
948 1015 960 1032 ‚
984 992 1038 1026 sed

100 1045 137 1081 in
158 1045 252 1080 omui
274 1045 340 1079 fere
359 1045 519 1087 petitione
541 1045 595 1078 sua
615 1044 647 1076 se
673 1041 832 1086 repulsam
858 1041 1039 1090 sustinuisse

99 1098 315 1140 conqueritur
324 1095 356 1128 &
366 1093 522 1128 erubescit
534 1119 541 1126 .
566 1095 621 1128 De
632 1104 764 1137 paterna
775 1102 886 1127 tamen
898 1091 1040 1126 confisus

100 1146 207 1190 gratia
226 1169 238 1186 ,
275 1156 346 1188 quae
376 1144 483 1178 filium
505 1143 581 1178 cum
600 1145 691 1178 volet
712 1143 864 1177 exaudiet
887 1166 899 1183 ,
932 1143 1040 1175 vultus

99 1195 463 1238 sperans&exspectans
484 1193 642 1232 laetiores,
670 1194 704 1226 in
728 1193 817 1227 Beati
830 1192 916 1226 Petri
929 1202 967 1225 ac
981 1202 1038 1224 ve-

98 1244 163 1278 stra
175 1267 187 1284 ,
212 1253 248 1276 ut
261 1244 383 1277 ditium
395 1242 440 1275 est
460 1268 469 1282 ‚
495 1243 651 1276 fidelitate
671 1242 834 1285 immobili
856 1241 1038 1275 constantia

96 1294 275 1342 perseverat
290 1316 298 1323 .
323 1292 410 1327 Inde
424 1293 469 1326 est
492 1292 582 1335 quod
604 1293 802 1326 sanstitatem
825 1291 962 1325 vestram
974 1291 1036 1324 visi·

95 1348 167 1378 tare.
185 1343 370 1382 volentem,
397 1342 526 1387 nullum
547 1341 674 1384 prorsus
696 1342 869 1386 impediet,
901 1340 958 1375 sed
977 1352 1038 1375 nec

93 1390 262 1433 haetenus,
287 1402 324 1427 ut
336 1391 470 1432 asset-iu
489 1389 659 1435 impedivit
671 1416 678 1423 .

116 1442 184 1477 “¹111
203 1441 480 1486 appellationibus
499 1453 541 1476 ex
561 1442 694 1487 antiqua
719 1441 828 1488 Regni
848 1443 896 1477 sui
921 1441 1038 1477 consti·

93 1492 227 1528 tutione
238 1492 270 1526 id
281 1492 339 1526 fibi
354 1492 497 1526 vindicat
508 1491 644 1527 honoris
657 1493 689 1526 ὅ(
706 1494 833 1534 oneris,
860 1504 896 1527 ut
921 1493 967 1527 ob
987 1493 1038 1526 ci-

93 1541 194 1577 vilem
202 1543 331 1577 causam
343 1542 453 1576 nullus
466 1541 670 1577 Clericorum
689 1543 800 1588 Regni
824 1544 870 1576 sui
896 1543 1036 1585 ejusdem

92 1590 207 1638 Regni
218 1593 299 1627 fines
308 1604 402 1627 exeat
417 1618 428 1633 ‚
457 1593 514 1626 nisi
528 1604 569 1625 an
584 1593 679 1635 ipsius
691 1593 888 1626 authoritate
901 1594 934 1626 ὅ(
949 1604 1036 1625 πτειν

92 1641 177 1685 dato
190 1643 239 1685 jus
261 1644 354 1675 suum
374 1641 522 1674 obtinere
541 1652 662 1684 queat,
682 1641 879 1685 experiendo
899 1642 1039 1685 cognos-

94 1700 149 1727 cat
162 1716 170 1723 .
195 1689 298 1744 Qod
320 1690 341 1723 fi
369 1701 428 1724 nec
448 1691 489 1723 fic
509 1689 709 1736 obtinuerit,
747 1692 787 1725 ad
806 1691 1037 1726 excellentiam

94 1734 232 1776 vestrai'n
244 1739 397 1781 ‚‘ipsoin
410 1739 505 1771 nullo
512 1737 731 1778 reclamante,
758 1739 835 1771 cum
861 1739 949 1771 volet
967 1740 1036 1779 qui·

1904 166 1969 225 85

1101 242 1149 275 siat
1159 240 1226 276 Dei
1236 240 1399 287 irrogatur
1407 265 1419 283 ,
1444 238 1597 287 injuriam
1610 242 1814 283 laudabiliter
1824 247 1903 296 igue
1912 249 2034 286 nivini

1077 332 1079 335 Ι
1101 291 1238 335 Spiritus
1247 293 1400 327 accensus
1408 291 1454 327 est
1465 316 1477 335 ,
1490 289 1525 327 ‘si
1536 293 1642 337 placet
1649 293 1690 327 ad
1708 304 1832 339 tempus
1854 300 1940 336 intra
1952 301 2034 338 fines

1100 339 1472 384 modestiaecohibeatis,
1498 341 1541 378 ne
1551 343 1602 378 vel
1615 342 1778 379 interdiffi
1802 347 1993 386 sententiam
2018 373 2033 392 ,

1100 391 1152 426 vel
1173 391 1329 428 ultimum
1344 393 1539 438 praeeisionis
1557 394 1705 439 elogium
1726 395 1919 438 proferendo
1936 424 1947 439 ‚
1973 402 2034 436 Ee·

1099 441 1207 476 elefias
1228 445 1392 479 universas
1411 443 1551 480 subverti
1571 444 1687 479 misere
1705 443 1844 480 doleatis
1865 458 1877 479 :
1912 447 1947 481 δε
1966 459 2034 485 tam

1100 492 1227 537 Regem
1238 494 1363 538 ipsum,
1389 494 1487 537 quam
1508 495 1700 531 innumeros
1719 505 1841 530 cumeo
1865 496 2035 540 populosa

1100 541 1217 584 vestra,
1241 545 1330 587 quod
1348 542 1447 584 absit,
1471 544 1664 580 obedientia
1682 545 1938 581 irrevocabiliter
1951 557 2037 581 aver·
2082 580 2083 583 ,

1099 592 1175 627 tatis
1193 617 1201 625 .
1228 593 1359 629 Bonum
1389 594 1437 629 est
1460 594 1644 630 membrum
1668 595 1779 640 Capiti
1800 595 1960 631 cohaerere
1984 595 2037 630 vel
2076 615 2077 621 =

1090 643 1264 686 saucium,
1289 645 1386 688 quam
1397 645 1415 679 a
1426 655 1564 690 corpore
1574 645 1834 690 sequestrarijam
1852 647 2017 690 praecisum
2027 671 2037 679 .

1090 713 1093 742 '.
1100 693 1254 741 Redeunt
1273 693 1315 729 ad
1336 692 1620 731 sanitatem-saucia
1633 721 1644 737 ‚
1671 696 1725 730 sed
1749 695 1877 740 corpori
1897 698 1954 730 vix
1965 707 2039 730 coa·

1099 743 1299 786 lescuntjam
1312 746 1462 788 praecisa‘.
1476 743 1627 780 'Adducit
1654 745 1910 789 desperationem
1932 746 2039 789 praeci-

1100 793 1166 834 fio,
1192 794 1330 828 restituit
1339 796 1511 831 sanitatem
1526 796 1648 831 vulneri
1659 796 1738 840 saepe
1755 796 1951 831 medicantis
1962 808 2038 840 ope·

1101 844 1184 878 ratio
1191 852 1205 877 ³.
1229 845 1578 891 Qiid‘errimsisermo
1590 846 1692 881 vester
1708 845 1864 880 nondum
1883 846 1978 890 plene
1987 858 2040 881 ca·

1101 895 1147 938 pit
1159 903 1215 929 aut
1227 897 1355 938 capitur
1368 897 1382 929 ἒ
1406 897 1570 942 Nunquid
1583 896 1698 933 divina
1709 896 1906 940 desperanda
1914 896 1958 929 est
1968 908 2039 941 gra-

1101 946 1168 986 tia,
1196 944 1275 988 quin
1290 945 1358 979 cito
1370 970 1381 986 ‚
1406 946 1483 981 cum
1495 948 1584 982 volet
1605 971 1617 988 ,
1636 946 1785 990 &capiat
1811 948 1847 981 δε
1867 946 2039 990 capiatur?

1069 1004 1070 1007 ’
1091 985 1461 1045 {Nunquidabbreviata
1471 998 1515 1031 est
1528 1009 1646 1032 manus
1663 996 1829 1036 Domini,
1845 1007 1893 1031 ·ut
1917 997 2040 1031 salvare

1101 1055 1262 1088 nequeat,
1287 1056 1343 1080 aut
1353 1047 1438 1080 auris
1449 1045 1516 1089 eius
1530 1058 1705 1092 aggravata
1717 1071 1728 1087 ,
1741 1058 1784 1082 ut
1796 1058 1863 1081 nou
1871 1045 2040 1081 exaudiat?

1091 1096 1244 1130 >Currens
1264 1095 1319 1129 ille
1339 1098 1443 1132 sermo
1466 1097 1606 1133 Domini
1630 1098 1781 1132 velociter
1802 1122 1814 1138 ‚
1841 1096 1951 1131 statim
1962 1097 2040 1131 cum

1084 1147 1194 1208 lvult,
1222 1147 1375 1180 immutat
1387 1148 1525 1190 omnia,
1551 1149 1586 1182 ἀ
1607 1149 1789 1182 sanstorum
1812 1147 1959 1190 precibus
1983 1146 2041 1180 dat

1104 1195 1263 1237 insperata
1277 1221 1284 1227 .
1311 1198 1667 1242 Sanguis-Regiustum
1679 1199 1710 1231 se
1725 1198 1858 1231 demum
1880 1198 2042 1240 permittit

1084 1241 1215 1302 ³¹·vinci‚
1241 1245 1316 1279 curn
1347 1248 1458 1280 vicerit
1484 1259 1491 1278 :
1531 1247 1604 1280 Nec
1628 1246 1863 1280 verecundatur
1893 1245 2005 1279 cedere
2029 1269 2042 1285 ,

1087 1296 1173 1328 'cum
1187 1296 1380 1337 superaverit
1391 1319 1398 1327 .
1424 1296 1681 1330 Mansuetudine
1692 1295 1880 1329 tolerandus
1891 1295 1934 1328 est
1949 1319 1959 1334 ,
1971 1306 2041 1328 mo⁴

1101 1346 1178 1378 nitis
1199 1345 1233 1379 δε
1258 1345 1416 1388 patientia
1438 1345 1654 1389 superandus.
1684 1345 1778 1391 Qid
1800 1344 1888 1379 enim
1909 1345 2042 1387 fijastu·

1100 1406 1167 1428 ram
1180 1394 1343 1438 quandam
1356 1395 1583 1438 temporalium
1596 1393 1723 1429 invehit
1735 1394 1883 1429 exhibita
1903 1394 1938 1428 in
1961 1406 2042 1428 tem·

1101 1456 1158 1488 pus
1172 1446 1353 1487 patientia?
1380 1445 1462 1479 Non
1486 1447 1574 1479 enim
1599 1447 1643 1480 est
1657 1445 1795 1479 dubium
1819 1445 1977 1479 severitati
1991 1443 2042 1478 de-

1099 1494 1296 1529 trahendum
1309 1497 1377 1530 fore
1390 1520 1402 1535 ‚
1427 1495 1502 1530 curn
1516 1496 1795 1540 stragesimminet
1820 1496 2036 1537 populorum:

1099 1545 1131 1578 ἀ
1153 1545 1229 1578 clim
1255 1545 1423 1587 tempestas
1447 1546 1572 1589 ingruit
1594 1569 1605 1585 ,
1633 1545 1666 1578 in
1690 1556 1777 1578 mare
1804 1544 1918 1578 debere
1939 1545 2042 1579 multa

1101 1594 1214 1637 projici
1229 1619 1239 1633 ,
1267 1606 1302 1628 ut
1317 1594 1357 1628 ad
1369 1605 1500 1637 portum
1515 1595 1618 1631 valeat
1633 1594 1721 1627 navis
1735 1594 1817 1627 salva
1839 1594 1988 1636 perduci.

1150 1643 1361 1687 Infipienter‚
1387 1645 1577 1679 attamenin
1589 1643 1748 1678 charitate
1769 1654 1837 1677 non
1847 1644 1918 1678 fieta
1939 1645 1981 1678 sic
1994 1644 2040 1679 lo-

1081 1716 1085 1728 ,
1100 1695 1230 1736 quimur
1243 1718 1254 1733 ‚
1278 1694 1300 1726 si
1313 1695 1356 1726 sic
1371 1693 1499 1725 reifinis
1509 1692 1670 1726 exstiterit
1687 1715 1698 1731 ,
1719 1702 1756 1725 ut
1767 1692 1886 1727 amissis
1897 1694 1962 1727 suis
1973 1695 2043 1729 Do-

1080 1731 1208 1780 hminus
1219 1740 1459 1774 Cantuarienfis
1478 1739 1616 1773 exilium
1631 1740 1708 1784 juge
1732 1741 1905 1782 sustineat,
1935 1744 1968 1776 δε
1992 1755 2042 1777 ve-

92 1783 377 1830 liffi⁰3ppellabit
396 1811 403 1817 .
431 1786 469 1818 ln
489 1792 556 1828 quo
579 1787 601 1818 si
622 1786 756 1828 juri*vel
781 1786 901 1819 honori
932 1787 1037 1819 vestro
1080 1788 1186 1830 ‘stris,
1223 1788 1312 1831 quod
1331 1788 1408 1823 absit
1427 1815 1438 1831 ,
1475 1790 1639 1824 mandatis
1659 1790 1795 1826 ulterius
1821 1790 1947 1836 Anglia
1972 1805 2042 1828 non

93 1829 319 1884 praejudicatur
337 1836 370 1869 in
383 1833 495 1879 aliquo
510 1858 520 1875 ‚
548 1833 581 1869 id
594 1835 626 1868 se
636 1834 741 1869 totius
764 1835 912 1869 Ecclesiae
923 1836 1035 1879 Regni

89 1883 295 1923 ssai‘cbnfilio
309 1886 527 1920 corresturum
548 1885 584 1919 in
602 1885 754 1928 proximo
773 1909 784 1925 ,
811 1886 945 1928 juvante
966 1887 1034 1921 Do·

91 1938 211 1976 mino,
236 1935 426 1981 pollicetur.

99 1986 107 2000 ⁷
137 1987 372 2030 Imperatorem
395 1985 511 2025 illum,
539 1985 595 2020 etsi
620 1983 860 2020 schismaticum
885 1987 1033 2026 noverit,

83 2035 104 2072 ὶ
125 2036 222 2072 vobis
248 2045 358 2071 tamen
381 2036 709 2069 excommunicatum
730 2036 793 2069 esse
811 2037 910 2078 usque
934 2035 1035 2069 hodie

88 2098 159 2122 non
184 2086 332 2121 rescivit.
359 2086 461 2134 Qod
484 2086 506 2118 fi
529 2085 787 2120 denunciatione
807 2087 906 2119 vestra
926 2086 1032 2119 rescie-

90 2136 133 2172 ἧι
147 2150 161 2178 ·,
186 2139 205 2171 li
229 2136 333 2171 foedus
355 2136 511 2170 illicitum
530 2147 605 2170 curn
629 2136 697 2179 ipso
718 2146 774 2169 aut
794 2135 861 2169 alio
885 2135 1033 2179 quolibet

90 2185 186 2228 iniit,
212 2187 247 2221 ἀ
270 2187 334 2221 hoc
358 2185 506 2220 Ecclesiae
523 2186 642 2230 Regni
672 2185 718 2219 sui
736 2184 860 2229 judicio
882 2184 973 2219 simul
999 2186 1032 2220 &

89 2236 229 2270 consilio
242 2236 273 2269 se
284 2237 501 2270 corresturum
513 2236 674 2278 promittit
683 2261 691 2268 .

143 2285 275 2319 Patrem
300 2285 446 2318 nostrum
464 2285 652 2320 Dominum
683 2285 952 2321 Cantuariensem
973 2285 1032 2320 suo

93 2334 126 2368 se
138 2335 258 2380 Regno
270 2335 473 2377 nequaquam
490 2336 648 2379 expulisse
669 2335 772 2369 asserit
786 2361 793 2367 .
825 2335 931 2371 Unde
952 2330 1031 2369 sicut

89 2384 235 2418 abscesiit
257 2383 447 2423 ultroneus,
464 2385 518 2418 'sic
541 2384 581 2418 ad
608 2385 781 2419 Ecclesiam
807 2386 894 2419 suam
920 2411 932 2426 ,
955 2385 1031 2419 cum

87 2434 146 2468 fibi
158 2433 272 2468 sederit
283 2434 415 2472 animo,
443 2435 538 2477 plena
561 2446 788 2478 pacereverti,
815 2435 873 2469 sibi
899 2435 1030 2469 libitum

86 2485 147 2517 erit
161 2495 168 2514 :
196 2484 287 2517 Dum
297 2494 405 2518 tamen
420 2483 452 2516 in
466 2486 693 2519 satisfaciendo
705 2484 760 2519 fibi
776 2487 865 2529 super
876 2484 927 2519 his
941 2510 952 2526 ‚
972 2497 1030 2519 un·

87 2532 367 2576 deconqueritur,
398 2534 518 2577 Regias
530 2534 605 2575 fibi,
633 2536 711 2569 &in
725 2547 804 2578 quas
827 2536 1029 2581 ipsejuratus

89 2583 134 2618 est
150 2607 162 2624 ,
188 2583 265 2617 velit
278 2583 455 2628 dignitates
468 2584 592 2629 integre
602 2586 802 2619 conservari.

137 2633 169 2667 Si
182 2642 245 2676 qua
264 2633 342 2667 vero
368 2633 510 2667 Ecclesia
524 2637 571 2666 vel
587 2635 805 2670 Ecclesiastica
828 2637 961 2680 persona
984 2635 1026 2670 ab

88 2682 159 2727 ipso
171 2684 250 2718 vela
263 2684 325 2717 suis
345 2684 374 2717 se
394 2694 565 2728 gravatum
585 2685 762 2720 ostenderit
775 2710 785 2726 ‚
813 2687 1024 2720 satisfactioni

85 2734 190 2779 plenae
199 2734 298 2767 totius
310 2734 454 2768 Ecclefiae
463 2734 587 2777 judicio
597 2746 725 2777 paratus
735 2736 795 2769 erit
808 2754 819 2761 -

135 2784 217 2817 Haec
229 2785 247 2817 ὲ
259 2784 410 2818 Domino
423 2784 533 2818 nostro
556 2786 648 2829 Rege
669 2787 701 2819 in
722 2786 882 2829 'responsis
901 2785 1024 2828 accepi·

1038 1867 1049 2317 J

1094 1838 1229 1874 obediat
1244 1864 1255 1880 ‚
1267 1841 1359 1874 fuisse
1372 1840 1469 1874 satius
1481 1841 1641 1884 patienter
1654 1841 1687 1872 in
1701 1851 1830 1884 ternpus
1842 1842 2042 1883 sustinulfle,

1097 1900 1194 1932 quam
1207 1901 1301 1924 tanto
1313 1891 1384 1924 zelo
1397 1891 1558 1925 severitati
1570 1890 1739 1939 deservisle
1749 1915 1756 1923 .
1768 1891 1862 1938 Qid
1875 1893 1892 1923 ?
1918 1893 2040 1928 Etiam-

1097 1939 1118 1972 si
1133 1940 1236 1983 plures
1247 1941 1265 1975 ὲ
1277 1940 1372 1975 nobis
1383 1941 1424 1975 ab
1434 1940 1622 1975 obedientia
1635 1939 1735 1974 vestra
1757 1941 1938 1984 persecutio
1954 1944 2040 1987 sepa-

1097 2001 1163 2023 rare
1176 2002 1242 2024 non
1253 1991 1372 2034 poterit
1390 2015 1400 2031 ‚
1425 2001 1493 2024 non
1506 1990 1607 2025 deerit
1618 2001 1726 2024 tamen
1740 2013 1752 2031 ,
1779 1990 1836 2035 qui
1847 2002 1936 2035 genu
1960 2004 2038 2026 cur·-

1097 2050 1148 2072 vet
1162 2051 1238 2074 ante
1253 2041 1331 2073 Baal
1341 2063 1351 2079 ,
1377 2041 1411 2076 δε
1422 2040 1463 2074 de
1477 2051 1574 2074 manu
1585 2039 1668 2074 Idoli
1683 2040 1827 2075 Pallium
1852 2041 2037 2077 Cantuariae

1098 2100 1165 2122 non
1179 2088 1476 2136 habitoreligionis
1486 2100 1542 2124 aut
1551 2090 1680 2132 justitiae
1703 2089 1830 2125 delectu
1852 2091 2002 2135 suscipiat
2030 2118 2036 2125 .

1095 2139 1169 2173 Nec
1179 2138 1315 2174 deerunt
1328 2143 1386 2185 qui
1396 2140 1485 2175 sedes
1498 2140 1622 2175 nostras
1631 2150 1830 2184 occupantes
1839 2165 1849 2181 ,
1876 2142 1910 2175 δε
1927 2142 2036 2177 cathe-

1093 2188 1167 2222 dras
1178 2190 1396 2235 insidentes&
1402 2192 1410 2224 i
1409 2191 1457 2235 psi
1468 2200 1538 2225 tota
1548 2191 1728 2226 devotione
1738 2192 1858 2225 mentis
1867 2190 2035 2228 obediant.

1093 2239 1164 2283 Jam
1189 2239 1284 2273 multi
1307 2240 1540 2282 praemasticant
1561 2241 1602 2275 ad
1614 2241 1690 2275 talia
1711 2266 1722 2281 ,
1748 2250 1900 2284 optantes
1925 2253 1961 2277 ut
1983 2255 2036 2277 ve·

1092 2289 1185 2322 niant
1197 2288 1344 2324 scandala
1357 2314 1368 2330 ,
1394 2291 1429 2325 ὅ(
1443 2289 1562 2324 ᾶῐκεᾶι
1573 2301 1737 2335 ponantur
1761 2292 1797 2324 in
1811 2303 1905 2335 prava
1918 2318 1925 2326 .
1954 2292 2031 2327 Un-

1091 2337 1131 2372 de
1153 2351 1221 2374 non
1245 2341 1395 2384 propria,
1421 2339 1516 2375 Pater
1531 2366 1543 2382 ,
1578 2341 1768 2386 plangimus
1789 2351 1845 2376 aut
1870 2343 2044 2386 ploramus‘

1092 2390 1302 2424 incommoda
1314 2413 1325 2429 ,
1352 2391 1403 2424 sed
1418 2392 1475 2425 nisi
1486 2390 1521 2424 in
1538 2390 1589 2424 his
1602 2391 1693 2426 malis
1715 2393 1919 2428 occurreritis
1935 2418 1946 2432 ,
1975 2395 2034 2428 foe-

1089 2439 1164 2473 dam
1179 2440 1324 2474 Ecclefiae
1336 2441 1402 2474 Dei
1415 2440 1651 2475 subversionem
1671 2441 1843 2475 imminere
1860 2445 2033 2477 cernentes

1090 2490 1368 2533 pertimescimus,
1395 2491 1542 2525 necitius
1565 2490 1608 2524 ob
1628 2491 1701 2523 vitae
1721 2489 1853 2523 taedium
1877 2500 2030 2534 optemus

1089 2539 1213 2583 periisse
1232 2540 1319 2574 diem
1343 2565 1354 2581 ‚
1389 2552 1453 2584 qua
1476 2542 1517 2575 ad
1540 2539 1728 2583 hujusmodi
1760 2540 1938 2582 spectacula
1958 2542 2029 2578 nati

1087 2590 1197 2625 sumus
1211 2616 1219 2623 .

1135 2642 1188 2675 De
1199 2653 1312 2675 caetero
1326 2642 1417 2684 super
1427 2640 1495 2673 Cen
1501 2641 1534 2674 su
1545 2638 1637 2673 Beati
1650 2637 1739 2674 Petri
1760 2650 1860 2676 nemo
1882 2641 1976 2676 nobis
1989 2642 2025 2677 in

1085 2689 1207 2735 Regno
1220 2692 1269 2724 vel
1295 2691 1335 2724 de
1358 2691 1493 2723 modico
1517 2689 1749 2733 respondiffet,
1776 2690 1834 2724 nisi
1856 2692 2027 2727 Dominus

1086 2739 1155 2774 Rex
1179 2740 1379 2774 Mandatum
1399 2741 1489 2783 super
1511 2739 1576 2772 hoe
1598 2739 1631 2773 in
1655 2749 1834 2774 commune
1851 2741 1987 2777 dediflet
2013 2768 2021 2776 .

1086 2789 1161 2832 Ejus
1174 2793 1250 2825 vero
1265 2790 1429 2824 Mandato
1438 2815 1449 2831 ,
1476 2790 1599 2823 statuto
1608 2789 1790 2833 antiquitus
1802 2793 1945 2825 termino
1957 2793 2025 2827 col·

87 2842 182 2875 mus,
208 2835 263 2875 qui
284 2834 411 2868 utinam
433 2834 474 2869 ad
498 2845 632 2869 omnem
657 2836 862 2870 voluntatem
885 2836 1020 2869 vestram
1082 2839 1223 2885 ligetur,
1249 2840 1452 2878 &sanaitati
1474 2840 1580 2874 vestra:
1605 2850 1659 2884 per
1679 2851 1816 2875 manum
1839 2841 1983 2878 nostram
2011 2867 2024 2885 ,

86 2883 219 2917 ulterius
229 2884 352 2928 aliquid
364 2886 608 2927 accepissemus.
642 2886 764 2920 Eadem
777 2886 852 2920 vero
877 2885 1018 2919 sublimi-

85 2933 144 2967 tati
157 2934 260 2968 vestrae
272 2935 471 2969 notificanda
481 2935 635 2969 duximus
646 2960 656 2976 ‚
685 2947 719 2970 ut
728 2948 769 2969 ex
783 2937 878 2980 ipsius
889 2937 1018 2979 respon-

86 2981 126 3015 sis
136 2982 279 3018 advertat
292 2985 391 3019 vestra
401 2985 552 3019 discretio
563 3012 572 3027 ,
601 2997 668 3030 quo
682 2987 851 3030 negotium
875 2985 937 3020 hoc
952 2986 1017 3019 fine

85 3031 279 3066 concludat.
316 3035 454 3069 Causam
481 3046 619 3081 namque
638 3037 727 3071 suam
742 3037 908 3071 Dominus
940 3036 1015 3070 Rex

83 3081 261 3126 plurimum
280 3081 334 3115 fibi
351 3085 522 3125 justificare
542 3087 669 3121 videtur
681 3111 692 3127 ‚
718 3086 794 3122 cum
817 3092 849 3120 in
861 3085 1014 3121 omnibus

85 3131 248 3176 quaedista
260 3132 352 3172 sunt,
381 3135 524 3170 Ecclesiae
539 3136 647 3181 Regni
666 3137 862 3172 suiconfilio
882 3136 1012 3171 simul&

85 3180 209 3223 judicio
221 3183 252 3215 se
264 3182 462 3225 pariturum,
487 3187 625 3230 &patris
654 3188 753 3221 nostri
775 3188 1013 3222 DominiCan-

82 3232 395 3267 tuariensisreditum
408 3256 419 3272 ,
445 3233 532 3275 juxta
553 3237 641 3280 quod
663 3238 788 3272 ditium
808 3237 876 3280 est,
904 3240 932 3272 se
946 3237 1011 3271 nul·

82 3279 209 3315 ratenus
221 3281 451 3324 impediturum
477 3286 662 3325 pollicetur.
692 3287 794 3322 Unde
818 3288 924 3322 vestra:
946 3290 1014 3330 sup-

81 3330 271 3374 plicandum
291 3333 516 3367 aestimavimus
536 3336 751 3377 excellentiae,
793 3339 952 3382 quatenus
974 3338 1012 3371 il-

81 3379 137 3414 lud
151 3393 212 3425 prae
222 3382 327 3415 oculis
334 3380 485 3417 habentes
496 3406 507 3422 ‚
535 3386 691 3420 calamum
706 3389 865 3432 quaffaeum
882 3400 937 3422 non
947 3400 1008 3422 con·
1054 3397 1059 3413 ⁸

1079 2890 1212 2934 juvante
1223 2890 1376 2926 Domino
1386 2914 1398 2932 ‚
1425 2891 1664 2925 transmittetur
1676 2914 1684 2923 .

1230 3040 1648 3078 'EPISTOLA
1699 3041 1861 3076 XXXIX.

1211 3142 1378 3177 Alexander
1405 3145 1493 3185 Papa
1528 3141 1652 3175 Robem
1677 3140 1884 3186 Herefbrdenfi

1462 3190 1606 3235 Episcopo
1626 3217 1634 3225 .
1864 3214 1867 3217 <

1190 3339 1390 3377 IRAMUR
1417 3343 1594 3388 plurimum
1608 3367 1620 3383 ‚
1645 3342 1734 3385 quod
1757 3341 1833 3375 cum
1852 3349 1927 3375 ante
1938 3351 2011 3384 pro·

1214 3392 1499 3427 motionemtuam
1522 3395 1627 3427 virum
1650 3391 1855 3434 Religiosum
1876 3391 1910 3424 ὅ(
1934 3389 2009 3424 Deo

79 3438 153 3464 teres
165 3455 176 3471 ,
202 3431 499 3477 &linumfumlgam
513 3443 731 3480 nonexnngues
744 3463 754 3478 ,
794 3439 900 3473 zelum
919 3439 1011 3472 illum
1051 3466 1053 3469 f
1077 3441 1233 3477 devotum
1244 3442 1440 3477 audierimus
1466 3455 1498 3476 te
1515 3441 1688 3480 exstitisse,
1722 3440 1891 3484 postquam
1914 3440 2007 3474 Pon-

81 3481 243 3521 Τιιιᾶιηη,
268 3483 324 3526 qui
338 3482 376 3516 ad
390 3484 609 3518 ulciscendam
628 3496 760 3528 omnem
779 3511 793 3530 ,
817 3499 887 3532 quae
906 3488 1013 3524 Eccle-

177 3530 282 3573 Cbrist.
297 3536 374 3579 Lupi
384 3537 482 3579 opera
492 3534 616 3570 TomX.

1079 3492 1207 3528 tificalis
1217 3503 1250 3527 es
1261 3492 1431 3538 dignitatis
1442 3492 1571 3527 culmen
1574 3490 1718 3575 I:tideptus
1727 3514 1739 3532 ,
1758 3490 1877 3526 videris
1893 3488 2006 3571 inl-hoc

1909 3551 1927 3573 a
1942 3552 1965 3574 1-
