2358 3776
414 153 528 199 1300

334 1269 435 1304 ceatis
446 1294 454 1301 .

334 1418 429 1463 quod
437 1418 572 1454 timetur
581 1441 591 1454 .

505 1565 591 1602 ει)
618 1563 920 1602 1.sToLA
1011 1538 1111 1601 vm.

331 1669 408 1706 Alex
414 1651 514 1705 andro
524 1669 622 1709 Papae
631 1669 731 1700 Simon
741 1670 827 1700 Prior
839 1667 877 1700 de
887 1669 989 1699 Monte
1001 1668 1059 1699 Del
1072 1689 1084 1706 ,
1111 1666 1147 1700 <9
1161 1668 1192 1699 E
1194 1666 1278 1711 nge!-

541 1716 645 1751 benus
657 1719 744 1749 Prior
755 1718 793 1749 de
805 1717 892 1749 Valle
915 1718 945 1749 5.
959 1719 1044 1750 Petri
1056 1738 1064 1748 .

325 1836 330 1846 ι
431 1816 468 1852 D
489 1815 645 1851 illustrem
657 1815 787 1861 Regem
800 1813 932 1859 Angliae
941 1825 1017 1849 curn
1036 1813 1132 1849 fratre
1141 1791 1273 1853 Bernar-

457 1866 503 1901 do
516 1866 557 1900 de
569 1865 686 1901 Corilo
697 1877 798 1909 nuper
810 1864 943 1908 profesti
964 1866 1121 1906 sumus,ut
1131 1862 1273 1900 authori·

324 1924 395 1953 tate
415 1916 570 1951 Mandati
591 1914 686 1950 vestri
707 1915 792 1949 inter
816 1915 922 1958 ipsum
935 1915 968 1948 δι
981 1915 1171 1954 Dominum
1183 1915 1270 1949 Can·

324 1966 522 2006 tuariensem
544 1976 607 2010 pax
630 1966 664 2000 &
685 1963 861 2000 concordia
875 1965 1121 2008 reformaretur.
1147 1964 1191 1998 Et
1202 1964 1270 2008 quo

322 2014 454 2054 facilius
474 2017 664 2053 trastaretur
685 2013 751 2051 hoc
774 2014 908 2049 verbum
922 2037 933 2054 ,
961 2013 1152 2048 Dominum
1177 2013 1269 2048 Can-

323 2069 521 2103 tuariensem
544 2069 704 2101 traximus
729 2066 769 2100 ad
781 2066 914 2104 locum,
938 2062 995 2097 ubi
1009 2063 1119 2109 Reges
1130 2063 1268 2098 authore

322 2118 403 2155 Deo
414 2117 619 2153 reconciliati
645 2118 737 2150 sunt.
768 2115 916 2150 Traditis
926 2124 1038 2156 autem
1049 2114 1268 2155 commonito-

321 2169 381 2205 riis
400 2169 510 2204 vestris
533 2168 621 2212 Regi
644 2165 775 2211 Angliae
793 2189 804 2205 ‚
829 2166 862 2200 δ(
883 2163 1031 2201 adhibita
1055 2163 1227 2209 diligentia
1256 2187 1267 2203 ,

319 2229 423 2262 quarn
448 2219 535 2263 apud
556 2229 633 2252 eum
652 2216 852 2252 credidimus
871 2213 1026 2259 expedire
1034 2237 1054 2256 ,.
1073 2214 1265 2248 monuimus

322 2269 591 2305 &consuluimus
602 2267 755 2302 Domino
776 2263 1023 2302 Cantuaricnfi,
1050 2271 1087 2295 ut
1112 2264 1143 2295 se
1155 2274 1264 2296 coram

318 2317 419 2363 'Rege
443 2318 655 2355 humiliaret,
681 2317 716 2349 &
739 2314 879 2357 rigorem
896 2311 964 2356 ejus
987 2309 1175 2347 humilitate
1198 2323 1265 2354 pre-

323 2379 402 2403 cum
423 2368 458 2402 &
477 2363 650 2403 sedulitate
673 2363 822 2407 obsequii
839 2361 978 2396 studeret
988 2360 1156 2395 emollire·
1186 2361 1265 2395 Hoc

321 2417 430 2462 ipsum
450 2414 743 2450 Christianiffimus
763 2413 839 2447 Rex
860 2409 1026 2453 Franciae,
1054 2410 1263 2455 Archi-Epis·

322 2468 421 2511 copi,
448 2464 626 2509 Episcopi,
649 2463 808 2507 &magni
821 2460 897 2497 Viri
927 2462 985 2506 qui
1006 2459 1163 2503 aderant,
1190 2473 1266 2496 una-

323 2518 460 2553 nimiter
471 2514 648 2551 suadebant
660 2538 667 2545 .
681 2512 834 2547 Arctatus
850 2509 952 2554 Regis
963 2511 1104 2546 consilio
1118 2536 1128 2552 ,
1149 2512 1183 2546 ὃ(
1199 2522 1267 2546 orn-

323 2569 419 2602 nium
431 2565 788 2607 Archi-Episcoporum
798 2586 809 2603 ‚
839 2561 1074 2604 Episcoporum
1088 2585 1099 2601 ,
1119 2562 1153 2595 &
1166 2561 1265 2596 Baro-

323 2628 428 2659 num,
454 2615 618 2661 acquievit
637 2611 958 2655 Archi-Episcopus,
983 2611 1017 2645 &
1037 2622 1147 2646 coram
1158 2612 1264 2646 omni·

325 2666 386 2702 bus
397 2666 523 2701 acceffit
535 2665 575 2698 ad
588 2663 716 2707 Regem
729 2661 859 2706 Angliae
869 2684 880 2701 ,
903 2662 937 2696 ὅτ,
950 2661 1090 2706 genibus
1101 2661 1194 2695 flexis
1206 2673 1263 2705 po·

326 2717 392 2752 suit
402 2717 479 2751 sein
491 2713 718 2757 Deo&Rege
739 2712 781 2746 ad
804 2712 965 2745 honorem
988 2711 1053 2745 Dei
1078 2712 1226 2757 &Regis
1252 2736 1263 2752 ,

327 2777 424 2802 utens
436 2765 496 2800 hac
520 2765 626 2799 forma
646 2760 816 2796 verborum
829 2786 840 2801 ,
866 2772 903 2795 ut
922 2760 965 2795 fic
989 2762 1091 2804 poffet
1103 2763 1260 2808 pacem&

328 2818 469 2863 gratigtn
486 2815 555 2859 ejus
578 2811 749 2857 promereri
769 2836 778 2845 .
818 2810 893 2845 Rex
915 2822 1024 2846 autem
1046 2823 1176 2856 propter
1198 2811 1262 2847 hoc

328 2867 484 2908 verbum,
510 2866 554 2898 ad
562 2863 695 2898 honorem
706 2866 782 2902 Dei,
808 2860 917 2895 noluit
929 2872 1005 2895 eum
1025 2863 1186 2906 recipere,
1211 2875 1262 2896 co-

328 2927 402 2951 ram
424 2915 582 2950 omnibus
608 2915 722 2948 dicens
743 2910 870 2955 publice
884 2936 895 2952 ‚
931 2923 973 2945 ne
994 2912 1152 2947 videretur
1174 2912 1263 2956 quod

330 2966 632 3009 Archi-Episcopus
643 2962 802 2999 honorem
816 2961 880 2995 Dei
892 2962 987 2996 vellet
999 2963 1131 3003 servare,
1141 2964 1174 2997 ἀ
1189 2963 1262 2997 Rex

320 3016 491 3057 ν-ῐτιὶιιίῐηὲ,
517 3014 570 3049 sed
593 3014 663 3058 post
687 3012 788 3059 multa
809 3035 822 3052 ,
857 3022 926 3054 quae
945 3012 1074 3045 utinam
1096 3013 1228 3048 siluisset
1253 3024 1270 3054 ,⁰

330 3064 418 3101 dixit
429 3065 518 3110 quod
532 3063 573 3100 ab
585 3061 868 3106 Archi-Episcopo
880 3060 966 3094 nihil
977 3062 1065 3096 aliud
1086 3063 1264 3105 quaerebat,

320 3114 391 3151 -nisi
403 3126 440 3151 ut
452 3117 483 3150 ei
495 3114 649 3158 tanquam
663 3113 828 3157 presbyter
841 3110 876 3146 &
887 3110 1066 3154 Episcopus
1076 3124 1185 3147 coram
1197 3124 1260 3146 orn-

324 3165 430 3201 *nibus
450 3165 652 3210 promitteret
676 3165 710 3197 in
739 3162 837 3197 verbo
858 3161 1001 3196 veritatis
1016 3185 1027 3201 ,
1054 3163 1084 3195 se
1096 3163 1160 3197 fine
1171 3162 1263 3196 omni

332 3216 473 3262 ingenio
493 3215 691 3250 servaturum
728 3209 984 3247 consuetudines
1019 3234 1031 3251 ,
1057 3223 1135 3254 quas
1157 3212 1263 3246 Sani-ii

333 3265 607 3310 Archi-Episeopi
627 3263 875 3297 Cantuarienses
895 3261 1143 3296 observaverant
1163 3263 1262 3306 Regi-

334 3315 397 3351 bus
410 3317 473 3351 suis
484 3342 495 3358 ,
520 3314 719 3359 &quasipse
733 3311 1029 3355 Archi-Episcopus
1048 3311 1104 3345 fibi
1118 3312 1181 3345 alia
1196 3314 1264 3345 vice

334 3367 533 3407 promiserat.
548 3362 841 3406 Archi-Episcopus
851 3370 959 3395 autem
970 3361 1132 3405 respondit
1142 3385 1152 3401 ,
1175 3363 1262 3405 quod

336 3412 424 3460 Regi
440 3416 555 3450 fecerat
564 3415 774 3453 fidelitatem,
800 3422 862 3456 qua
873 3411 903 3444 ci
925 3412 1061 3454 praestito
1083 3412 1266 3456 juramento

312 3464 505 3502 „tenebatur
534 3467 655 3500 servare
682 3464 784 3499 vitam
803 3487 814 3505 ,
841 3459 986 3498 membra
1003 3484 1015 3505 ,
1041 3463 1075 3498 ἀ
1109 3461 1272 3498 honorem.

363 216 614 258 consuetudines
634 229 706 263 quae
724 218 766 253 ab
789 228 831 253 eo
852 217 1053 263 exiguntur:
1073 218 1150 262 quia
1169 217 1302 262 Legem'

363 268 787 313 Dei&Sedir'Apostolicae
810 268 1017 312 privilegium
1035 275 1178 310 patenter
1193 262 1300 311 impus'
1329 273 1331 281 *

361 330 487 367 gnant.
513 321 558 356 Et
567 319 641 364 quia
653 320 761 355 noster
771 328 826 352 aut
840 317 1088 361 Religiosorum
1108 319 1212 353 sermo
1224 329 1292 352 non

363 370 555 415 capiebatin
576 369 694 415 Rege,
720 380 781 403 nec
802 365 986 400 authoritas
998 366 1176 410 Majcstatis
1190 369 1295 402 vestrae

358 422 480 457 frustus
505 420 700 455 obedientiae
725 417 842 460 reperit
862 440 874 456 ,
901 415 1021 449 infesta
1047 428 1126 461 pace
1152 418 1293 452 Domini

358 470 600 506 Cantuarienfis
612 467 715 501 tristes
729 466 769 499 ab
780 477 821 499 eo
831 465 1047 499 discessimus.
1073 466 1117 501 Et
1140 468 1196 502 ille
1208 492 1218 508 ,
1255 469 1296 502 fi..

340 529 412 560 ‘cut
423 532 482 564 pro
491 527 579 553 certo
591 517 776 560 accepimus
786 540 798 557 ,
818 515 976 559 exspestat
989 515 1130 550 reditum
1144 518 1294 552 Nuncio—

347 563 426 605 *rum
439 571 589 607 suorum,
616 578 699 611 quos
711 567 733 600 si
747 590 758 607 ,
786 576 821 600 ut
842 566 961 609 justum
980 565 1026 599 est
1039 588 1050 605 ,
1077 565 1111 602 ἀ
1123 568 1262 610 speratur
1274 569 1292 601 a

351 618 502 653 fidelibus
537 616 648 651 vestris
666 642 677 658 ,
702 616 856 652 confusos
890 614 1075 651 remiseritis
1092 639 1103 656 ,
1129 618 1291 651 credimus

349 667 441 714 quod
455 667 598 703 Ecclesia
610 666 856 701 Cantuarienfis
866 665 936 700 cito
949 664 1081 700 habebit
1094 677 1207 709 pacem
1218 692 1230 708 ,
1256 669 1290 703 &

334 747 336 750 s
349 718 500 755 Ecclesiae
513 718 673 752 Romanae
685 718 719 751 in
731 714 904 750 Gallicana
916 715 1056 751 Ecclefia
1072 716 1106 751 δε
1118 725 1191 750 toto
1201 718 1287 751 occi-

347 768 447 804 dente
470 767 743 813 redintegrabitur
762 768 849 801 fama
869 789 879 799 .
914 766 957 800 Et
979 764 1044 802 hoc
1064 768 1197 810 quidem
1218 779 1286 802 non

347 818 464 863 aliquo
475 829 610 855 rancore
621 817 741 852 mentis
763 815 978 860 proponimus
996 826 1110 853 contra
1123 817 1249 862 Regem
1276 841 1286 857 ,

336 870 406 912 >qui
418 880 521 914 nuper
533 869 567 903 in
580 869 720 913 gratiam
731 866 875 901 nostram
897 866 1015 905 rediit,
1041 868 1074 901 &
1087 878 1147 902 nos
1157 878 1233 901 cum
1245 879 1285 902 eo

339 929 456 956 ‘veram
467 920 603 955 fecimus
615 929 748 962 pacem.
775 914 836 951 Sed
857 915 945 960 quod
966 916 1129 957 vidimus,
1155 917 1284 953 &audi-

343 969 472 1011 vimus,
498 971 532 1005 ὅ(
551 968 759 1004 tractavimus
770 965 922 1001 manibus
944 967 1061 1002 nostris
1074 991 1085 1007 ,
1113 966 1179 1001 hoc
1193 968 1285 1001 testa-

342 1030 418 1054 mur
428 1032 489 1064 pro
500 1019 635 1054 veritate
654 1017 800 1062 justitia,
824 1028 883 1060 pro
907 1016 1055 1051 Ecclefiae
1076 1015 1246 1052 honestate
1273 1042 1284 1058 ,

341 1079 403 1112 pro
422 1068 487 1104 fide
505 1068 540 1103 &
565 1069 763 1107 reverentia,
789 1078 886 1111 quam
908 1065 1063 1101 debemus
1088 1066 1284 1110 Apostolicae

337 1117 435 1153 Sedi.
462 1118 689 1163 Supplicamus
701 1119 810 1162 itaque
832 1116 1026 1157 paternitati
1043 1116 1175 1158 vestrae,
1200 1128 1285 1161 qua-

331 1169 431 1205 tenus
443 1168 747 1214 rigorem-justitiae,
772 1178 869 1213 quem
897 1176 1033 1212 urgente
1043 1167 1164 1201 duritia
1177 1166 1283 1202 homi·

337 1218 391 1254 nis
408 1218 618 1254 laudabiliter
640 1220 772 1253 tandem
794 1216 971 1261 arripuistis
992 1242 1003 1258 ,
1035 1218 1173 1251 viriliter
1195 1229 1282 1253 exer-

485 1269 576 1316 Quia
587 1269 610 1302 fi
627 1268 893 1311 perseverantiam
920 1267 1054 1301 vestram
1070 1267 1186 1300 viderit
1201 1290 1211 1306 ,
1238 1268 1280 1301 fa-

333 1318 398 1354 cile
409 1319 550 1353 ceffurus
561 1319 703 1351 creditur
714 1342 725 1357 ‚
753 1329 812 1351 nec
825 1316 998 1353 coaetaneis
1022 1326 1078 1350 aut
1097 1317 1280 1352 successuris

332 1366 543 1411 Principibus
578 1367 837 1411 presumptionis
869 1365 1031 1410 relinquet
1051 1367 1241 1411 exemplum
1267 1393 1279 1411 ,

1347 227 1535 260 terrenum,
1574 219 1665 254 salvo
1686 219 1804 254 ordine
1827 221 1886 255 suo
1906 244 1915 254 .
1951 221 1995 257 Et
2012 224 2080 262 hoc
2106 226 2288 264 fideliffinre

1347 279 1476 313 paratus
1498 281 1564 304 erat
1591 270 1743 313 implere.
1772 270 1845 305 Nec
1868 269 1909 306 ab
1933 271 2285 315 aliquoantecefforum

1351 321 1481 355 suorum
1492 321 1620 364 aliquid
1633 320 1766 355 ulterius
1787 323 1936 356 exactum
1957 321 2002 355 est
2014 346 2027 363 ,
2053 325 2103 358 vel
2122 327 2161 362 ab
2172 329 2285 371 aliquo

1350 370 1564 415 exigendum.
1590 371 1634 404 Et
1644 371 1719 405 cum
1741 370 1815 404 Rex
1838 371 1928 414 super
1951 370 2016 407 hoc
2041 373 2174 411 articulo
2187 379 2286 423 pluri-

1351 420 1440 456 mum
1462 421 1622 455 institifl'et
1635 445 1646 462 ,
1683 421 1851 455 Dominus
1872 421 2111 457 Cantuarienfis
2131 426 2243 468 adjecit
2267 454 2280 468 ,

1350 469 1424 504 lieet
1435 472 1542 505 nullus
1555 474 1790 506 antecessorum
1816 470 1880 505 hoc
1905 472 2028 508 fecisset
2053 474 2103 506 vel
2127 479 2282 517 promitis-

1349 519 1414 561 set,
1439 521 1578 565 necipse
1599 521 1761 556 ullatenus
1779 519 1844 554 hoc
1859 521 1977 565 dejure
1999 523 2104 557 facere
2115 523 2244 562 deberet
2271 544 2285 568 ·,

1348 578 1456 605 tamen
1476 571 1563 607 dixit
1583 570 1672 615 quod
1705 583 1763 615 pro
1788 582 1865 614 pace
1888 572 2034 607 Ecclefiae
2054 573 2203 618 &gratia
2215 575 2286 619 ejus

1349 621 1549 662 promitteret
1561 625 1591 656 se
1601 620 1853 656 consuetudines
1870 620 1964 663 illas,
1990 633 2070 666 quas
2093 624 2190 658 saneti
2214 625 2285 660 An·

1347 672 1512 706 teceffores
1523 673 1569 707 sui
1583 671 1733 717 Regibus
1746 672 1810 705 suis
1826 670 2050 713 serva'verant,
2071 671 2161 716 salvo
2188 675 2288 710 ordine

1343 717 1394 761 suo
1403 719 1432 753 ei
1444 720 1641 757 servaturum
1656 722 1832 766 ‚quatenus
1843 721 2020 757 secundum
2034 723 2147 758 Deum
2161 726 2280 768 posset.

1350 769 1392 803 Et
1414 771 1531 806 faceret
1551 784 1608 816 pro
1630 784 1741 806 amore
1761 772 1827 814 ejus
1853 773 2094 817 recuperando,
2123 773 2284 818 quidquid

1347 821 1446 861 postet
1462 819 1549 864 salvo
1559 822 1664 856 honore
1676 826 1749 856 Dei:
1780 823 1918 856 afferens
1941 822 2032 867 quod
2057 825 2227 867 nunquam
2257 824 2290 859 ei

1326 868 1500 907 ‚libentius
1510 873 1662 913 servivit,
1687 872 1784 915 quarn
1799 872 1905 906 adhuc
1926 874 2066 914 faceret,
2091 874 2114 908 fi
2135 873 2287 918 eiplace-

1346 931 1411 953 ret.
1443 921 1563 956 Noluit
1584 932 1694 956 autem
1716 923 1790 956 Rex
1816 922 1880 956 hoc
1893 923 2054 967 recipere,
2082 924 2138 956 nili
2155 924 2285 967 praecise

1344 969 1377 1003 &
1390 970 1535 1006 absolute
1556 971 1615 1005 sub
1639 971 1824 1014 juramento
1844 972 1876 1006 ei
1896 973 2099 1015 promitteret
2110 973 2291 1009 observan-

1345 1020 1423 1053 tiam
1434 1020 1731 1055 consuetudinum:
1758 1021 1833 1064 quia
1856 1019 1941 1054 nihil
1965 1023 2102 1057 ulterius
2113 1024 2206 1059 abeo
2219 1025 2288 1058 exi·

1345 1069 1464 1113 gebat.
1492 1070 1596 1118 Qod
1619 1071 1695 1113 quia
1719 1069 1839 1103 Archi·
1857 1069 2035 1114 Episcopus
2050 1096 2063 1113 ‚
2088 1073 2164 1108 licet
2187 1073 2286 1108 multi

1346 1119 1523 1160 instarent,
1549 1121 1653 1154 facere
1667 1120 1796 1161 noluit,
1819 1119 1893 1155 Rex
1905 1119 2045 1156 disceffit
2067 1123 2285 1163 paoeinfetta.

1345 1170 1431 1204 Cum
1457 1169 1534 1204 vero
1555 1169 1684 1215 Regem
1706 1169 1970 1212 exhortaremur,
1996 1169 2134 1214 utiuxta
2145 1171 2289 1208 Manda-

1343 1229 1414 1252 tum
1429 1221 1567 1254 vestrum
1579 1230 1744 1254 revocaret
1758 1219 2078 1264 Archi-Episcopum
2099 1221 2134 1254 iu
2148 1222 2287 1266 gratiam

1343 1270 1454 1310 suam,
1480 1271 1552 1304 &ei
1571 1281 1682 1312 pacem
1707 1271 1740 1303 ὅ(
1762 1269 1938 1304 Ecclesiam
1963 1272 2053 1305 suam
2066 1270 2249 1307 restitueret
2274 1295 2289 1314 ,

1341 1319 1506 1360 respondit
1517 1320 1606 1363 quod
1618 1319 1933 1354 fortasseconsrlium
1959 1320 2156 1355 Amicorum
2182 1322 2246 1357 erit
2273 1347 2288 1365 ‚

1341 1379 1376 1402 ut
1390 1367 1561 1403 Ecclesiam
1572 1366 1769 1411 quandoque
1780 1369 1943 1409 restituat,
1976 1370 2029 1404 sed
2051 1370 2140 1404 dixit
2166 1371 2199 1406 se
2210 1383 2288 1418 grae-

1341 1419 1421 1451 tiam
1445 1428 1512 1452 non
1535 1419 1780 1457 restituturum,
1806 1419 1883 1460 quia
1908 1429 1987 1452 tunc
1997 1431 2171 1455 evacuaret
2186 1421 2288 1465 privi-

1343 1467 1465 1511 legium
1475 1490 1486 1507 ,
1511 1465 1603 1509 quod
1613 1466 1642 1502 ei
1654 1464 1788 1499 dedistis
1798 1487 1809 1503 ‚
1825 1467 1859 1499 ἀ
1871 1477 1939 1509 quo
1951 1468 2286 1509 potestatemAi-cbi—

1342 1515 1493 1559 Episcopi
1506 1515 1733 1560 suspendistis,
1759 1514 1867 1550 donec
1882 1515 1990 1550 redeat
2002 1518 2037 1551 in
2050 1518 2192 1561 gratiam
2204 1519 2283 1564 ejus.

1342 1564 1384 1599 E't
1395 1566 1472 1610 quia
1483 1567 1701 1609 preceperatis
1713 1575 1790 1600 eum
1803 1563 1908 1609 primo
1926 1567 2096 1603 conveniri
2119 1567 2154 1602 in
2169 1570 2284 1613 spirim

1341 1616 1550 1659 lenitatisper
1563 1616 1832 1650 comminatorias
1845 1615 1963 1651 vestras
1973 1639 1985 1656 ,
2010 1619 2282 1657 comminatorias

1340 1667 1501 1701 vestrasin
1523 1666 1612 1700 aliud
1636 1675 1763 1709 tempus
1785 1664 1903 1701 cidare
1916 1664 2119 1701 distulimus.
2148 1668 2286 1713 Interim

1339 1718 1450 1752 Deum
1462 1717 1584 1752 oraturi
1599 1741 1610 1757 ,
1636 1716 1671 1753 in
1684 1715 1774 1759 cujus
1788 1727 1887 1750 manu
1900 1715 1998 1751 corda
2015 1716 2089 1751 sunt
2114 1717 2247 1763 Regum
2275 1743 2288 1760 ,

1338 1779 1373 1800 ut
1395 1767 1542 1800 animum
1567 1766 1634 1808 ejus
1653 1767 1802 1800 emolliat
1816 1790 1827 1806 ,
1852 1766 1887 1800 ἀ
1910 1767 1951 1800 ad
1962 1765 2124 1801 honorem
2144 1769 2285 1804 suum&

1338 1815 1485 1850 Ecclefiae
1497 1815 1638 1851 utilitam
1653 1826 1766 1858 pacem
1778 1815 1876 1849 faciat
1898 1815 2062 1850 reformari
2076 1839 2084 1848 .
2111 1816 2217 1864 Qod
2232 1829 2286 1852 vo

1334 1865 1371 1899 τὸ
1382 1866 1423 1900 de
1435 1863 1598 1901 Mandato
1613 1864 1719 1899 vestro
1731 1864 1895 1908 reliquum
1906 1864 1952 1899 est
1965 1888 1977 1905 ,
2003 1876 2138 1909 accepto
2151 1877 2283 1912 tempo-

1333 1926 1388 1956 re,
1414 1927 1468 1960 per
1491 1916 1628 1961 gratiam
1651 1915 1718 1948 Dei
1739 1925 1816 1949 eum
1841 1913 1934 1948 omni
1947 1913 2124 1961 diligentia
2133 1927 2275 1960 exeque-

1334 1977 1426 2004 mur,
1452 1965 1487 1999 &
1499 1964 1627 1999 exitum
1640 1964 1767 2008 negotii
1780 1988 1792 2005 ,
1820 1974 1919 2007 quem
1931 1965 2023 2000 Deus
2033 1964 2159 2000 dederit
2172 1990 2183 2007 ,
2204 1967 2284 2003 Ma-

1334 2014 1437 2056 jestati
1451 2014 1556 2048 vestras
1566 2014 1745 2059 fignific-are
1755 2015 1946 2051 curabimus
1958 2038 1967 2047 .
1986 2014 2140 2060 Rogatus
2158 2017 2277 2052 Frater

1334 2064 1537 2104 Bernardus,
1562 2066 1644 2099 ficut
1658 2076 1739 2105 nos,
1766 2075 1801 2099 ut
1823 2064 1950 2109 negotii
1976 2063 2072 2108 hujus
2093 2065 2206 2101 seriem
2223 2079 2283 2101 vo-

1332 2114 1381 2149 bis
1395 2114 1563 2155 scriberet,
1591 2114 1755 2158 respondit
1778 2112 1866 2159 quod
1889 2114 1926 2148 in
1946 2113 2064 2150 ordine
2082 2116 2279 2151 suoinhibi·

1332 2175 1403 2199 tum
1423 2164 1491 2205 est,
1517 2167 1642 2207 nequis
1657 2166 1774 2199 fastum
1799 2174 1857 2207 pro
1878 2164 1992 2209 aliquo
2017 2166 2158 2210 negotio
2182 2166 2278 2201 vobis

1334 2215 1384 2248 vel
1407 2215 1463 2248 alii
1487 2214 1624 2255 scribat,
1652 2215 1706 2249 sed
1731 2214 1891 2248 dicturum
1914 2215 1946 2248 se
1970 2215 2148 2259 spopondit
2163 2227 2277 2252 coram

1332 2265 1469 2299 Nuncio
1479 2264 1585 2299 vestro
1598 2264 1756 2310 magistro
1775 2263 1965 2299 Lombardo
1980 2287 1992 2304 ,
2017 2265 2076 2308 qui
2099 2265 2131 2300 ei
2152 2264 2277 2302 litteras
2327 2295 2330 2297 Α

1331 2314 1448 2348 vestras
1467 2313 1623 2362 tradidit,
1647 2316 1681 2349 δε
1703 2314 1761 2359 qui
1786 2314 1882 2349 vobis
1894 2326 1962 2348 rem
1975 2314 2099 2359 gestam
2112 2339 2126 2357 ,
2159 2316 2278 2352 ficutis

1330 2365 1384 2406 qui
1396 2367 1531 2408 praesens
1540 2364 1691 2400 inter-fuit
1704 2389 1716 2406 ,
1740 2362 1882 2400 fideliter
1905 2364 2104 2409 fignificabit
2116 2389 2126 2398 .

1502 2461 1918 2498 EPVISTOLA
2019 2461 2090 2496 lx.

1327 2612 1456 2648 Thomas
1468 2611 1691 2654 Cantuarienfis
1705 2609 1975 2656 Archi-Episcopus
1985 2613 2100 2646 simoni
2115 2616 2219 2649 Priori
2227 2618 2266 2651 de

1496 2666 1597 2697 Monte
1612 2666 1671 2697 Det
1683 2687 1695 2706 ‚
1719 2664 1754 2698 Θ·
1768 2664 1927 2701 Βενηιινᾰρ
1936 2664 1974 2698 de
1985 2664 2098 2697 Cor-ilo.

1444 2762 1712 2801 ANDATUM
1738 2763 1880 2798 Domini
1901 2763 1993 2806 Papae
2017 2761 2151 2798 dileetio
2165 2763 2265 2799 vestra

1465 2814 1601 2858 suscepit
1616 2837 1628 2856 ,
1652 2812 1813 2856 quatenus
1826 2814 1950 2858 Regem
1973 2814 2212 2854 conveniretis,
2229 2825 2266 2848 ut

1328 2864 1425 2899 nobis
1451 2865 1627 2899 Eccieliam
1646 2863 1789 2897 nostram
1803 2864 1836 2898 δι
1849 2863 1987 2907 gratiam
2006 2862 2175 2904 restituat,
2201 2874 2263 2898 nos

1326 2926 1439 2949 aurem
1458 2916 1559 2958 parati
1583 2914 1728 2953 fuimus,
1751 2913 1831 2947 ficut
1854 2913 2018 2955 prasentes
2031 2913 2178 2953 vidistis,
2206 2925 2265 2956 po·

1329 2976 1403 2999 nere
1418 2977 1479 2999 nos
1491 2963 1630 2999 omnino
1641 2962 1683 2997 ad
1694 2962 1854 2997 honorem
1878 2962 1988 2997 Dei&
2008 2963 2151 2998 suumin
2172 2964 2268 2998 mise·

1328 3014 1467 3048 ricordia
1480 3013 1591 3049 Dei&
1614 3014 1689 3048 sua.
1716 3011 1797 3045 Non
1821 3012 1943 3055 placuit
1971 3011 2039 3046 haec
2050 3014 2152 3055 forma
2166 3037 2178 3054 ,
2206 3013 2263 3048 nili

1329 3075 1389 3099 nos
1399 3063 1617 3109 obligaremus
1627 3062 1666 3096 ad
1680 3061 1940 3096 observationem
1962 3063 2235 3098 consuetudinum
2247 3080 2263 3103 5

1329 3125 1409 3159 quas
1431 3115 1639 3150 antecessores
1662 3110 1762 3145 nostri
1790 3112 1853 3146 suis
1875 3114 2089 3147 servaverant.
2114 3111 2262 3147 Promisi-

1330 3176 1400 3199 mus
1422 3176 1503 3209 ergo
1526 3161 1612 3209 quod
1632 3173 1684 3197 eas
1706 3160 1842 3197 libenter
1862 3164 2073 3203 servaremus,
2100 3161 2261 3205 quatenus

1330 3216 1488 3259 possemus
1506 3214 1594 3259 salvo
1619 3214 1723 3246 ordine
1745 3211 1853 3251 nostro:
1882 3213 1917 3247 δε
1942 3211 2029 3256 quod
2050 3211 2261 3256 quidquid-se-

1327 3263 1471 3299 cundum
1495 3267 1603 3300 Deum
1628 3262 1822 3304 poterimus,
1851 3273 1910 3305 pro
1931 3262 2144 3305 recuperanda
2155 3262 2257 3308 gratia

1327 3315 1395 3358 ejus
1406 3313 1608 3349 devotiffime
1619 3313 1794 3346 faceremus
1804 3335 1814 3346 .
1850 3311 1971 3346 Noluit
1991 3313 2189 3355 acquiescere
2198 3310 2256 3343 nifi

1328 3364 1472 3399 absolute
1488 3362 1749 3407 promitteremus
1760 3373 1822 3397 nos
1844 3362 1917 3396 illas
1937 3360 2256 3404 consuetudines-'ser-

1330 3425 1458 3448 vaturos
1474 3438 1482 3445 .
1508 3412 1611 3460 Qod
1633 3412 1767 3456 quidem
1790 3411 1932 3446 omnine>
1947 3423 2017 3446 non
2040 3411 2154 3450 licuit,
2178 3408 2256 3451 quia

1330 3465 1444 3511 aliquae
1455 3474 1564 3499 earum
1578 3463 1594 3497 ὲ
1608 3462 1689 3499 Sede
1700 3461 1893 3507 Apostolica
1912 3459 2221 3542 condemnataepsunt
2247 3483 2256 3494 .

2145 3519 2208 3543 ara·
