2358 3776
403 167 502 206 zm·
977 165 979 168 “
1044 151 1592 206 ΕΡΙΕἿΓΟΕΛΈ

327 255 391 282 mo
401 240 554 280 succurrit
566 263 578 283 ,
605 252 648 279 ne
656 236 904 289 compensemus
917 241 1231 287 Eccieriaejacturam
1257 267 1268 284 ‚

329 303 432 340 prout
451 303 541 327 nunc
551 292 736 337 possumus,
757 294 975 331 Ecclesiastica
986 293 1097 328 saltem
1107 296 1240 329 censura
1260 317 1271 334 ,

329 356 374 380 ne
385 342 513 378 silentio
522 343 727 381 convalescat
738 345 917 388 impunitas
926 368 937 387 ‚
963 343 1016 382 sed
1028 344 1162 387 prodeat
1175 343 1210 378 in
1224 343 1272 377 lu-

323 390 403 429 kem
425 400 520 433 tanta
539 394 758 430 concursionis
782 392 963 428 authoritas
986 417 999 433 ‚
1032 403 1100 429 tam
1120 395 1271 429 affectatae

324 443 581 491 prosumptionis
602 443 686 479 ultio
705 443 741 478 in
763 442 852 484 vita,
889 451 926 478 ut
946 454 1099 487 appareat
1121 453 1268 488 tempore

312 490 475 539 postero,
500 503 569 528 tarn
589 491 738 528 enormia
751 517 763 534 ‚
788 502 857 528 tam
879 493 1105 536 detestabilia,
1131 495 1267 530 nullate·

306 553 385 582 ,nus
403 542 553 587 impune,
578 541 633 577 sed
654 543 774 579 merito
795 553 955 579 attentata
979 544 1073 577 fuisse
1096 569 1103 576 .
1130 544 1266 579 Certum

321 601 452 634 tenete,
476 591 671 636 exspestatio
689 593 749 628 ista
775 594 951 637 plurimum
975 592 1072 628 habet
1092 594 1228 637 periculi
1255 619 1265 635 ,

318 643 428 678 salutis
438 641 542 677 nihil.
569 641 833 679 Aliascurandus
845 643 891 678 est
914 644 940 676 is
957 643 1092 678 morbus
1107 668 1117 684 ,
1143 644 1165 676 fi
1195 656 1263 679 non

319 705 376 738 per
385 692 676 731 dissimulationem
687 694 828 728 nostram
841 693 939 727 vultis
956 692 1048 728 infici
1074 694 1183 739 Reges
1196 696 1264 729 uni-

316 745 411 778 versae
421 744 546 778 Terrae.
577 743 695 780 micis
708 744 796 779 enim
810 743 855 778 est
867 744 962 779 omni
977 743 1145 788 Tyranno
1156 755 1262 779 amara

1498 287 1912 333 EplsToLA
1971 280 2110 328 xm'ru„

1428 390 1622 428 Alexandro
1641 390 1735 436 Papae
1760 383 1915 426 Thornas
1926 390 2168 432 Cantuarienfis

1622 441 1728 478 Archi
1738 461 1751 469 -
1761 441 1943 487 Episcopus
1954 467 1962 475 .

1329 545 1524 586 Amdntiffimo
1535 548 1659 579 Domino
1673 568 1684 584 ,
1710 545 1745 578 ὦ*
1767 546 1857 578 Patri
1869 543 2046 584 Sanfflffimo
2058 543 2230 577 Alexandro
2249 548 2263 589 ,'

1374 645 1509 687 Ecclefiae
1519 645 1640 680 humilis
1654 644 1786 684 Minister
1795 670 1806 685 ,
1832 646 1920 687 misi-r
1934 656 1968 678 ac
1985 642 2159 688 miserabilis
2169 645 2242 679 exul
2249 667 2263 686 ‚

1372 706 1439 729 cum
1446 695 1512 739 suis
1527 696 1656 730 exulibus
1662 693 1789 739 salutem
1798 695 1831 729 (9
1842 705 1923 729 omne
1934 695 2043 730 bonum
2058 721 2066 728 .

1376 599 1434 629 Dei
1440 602 1548 639 gratia
1564 595 1676 639 summo
1699 594 1859 637 Pontifici,
1892 593 2022 627 Thomas
2042 591 2275 634 Cantuarienfi-

316 794 452 828 servitus
462 792 611 831 Ecclefiae
626 817 636 833 ,
663 806 723 829 nec
734 794 810 828 rolli
825 794 951 836 facilis,
978 794 1001 827 fi
1028 805 1096 828 non
1121 796 1159 828 fit
1179 794 1209 829 ei
1219 797 1262 829 ci-

313 842 432 878 tisfime
446 843 510 887 ipsa
522 846 576 878 sua
592 844 732 879 dulcedo
745 854 852 878 amara
863 845 1030 879 severitate
1042 845 1170 889 justitiae
1182 870 1190 876 .
1209 845 1261 878 Εὸ

312 892 378 936 jam
400 903 591 938 perventum
615 894 681 936 est,
709 904 745 928 ut
767 895 914 937 sequatur
936 893 1012 929 Rex
1034 895 1143 930 noster
1161 896 1258 929 eriam

305 943 437 978 ,Siculos
451 969 462 985 ,
489 942 592 978 immo
612 945 696 979 certe
717 943 882 988 precedat.
909 944 1060 979 Curritur
1081 945 1258 989 undique&

308 992 449 1029 Clericis
475 994 605 1038 Angliae
625 993 667 1029 ad
691 994 780 1029 suam
797 995 934 1030 Curiam
956 1019 968 1035 ,
1004 996 1089 1029 fiunt
1112 994 1258 1029 Curiales

308 1043 479 1086 Capeliani
503 1068 522 1083 „
541 1043 599 1077 sub
619 1044 760 1080 obtent‘u
791 1045 853 1080 isto
876 1045 1120 1090 adstringuntur
1136 1044 1258 1087 jurisju-

306 1091 400 1127 randi
430 1093 635 1136 necessitate,
663 1105 699 1131 ut
720 1094 771 1128 vel
783 1096 872 1129 ficin
885 1105 966 1130 terra
978 1097 1035 1130 sua
1056 1094 1187 1129 liberius
1200 1095 1254 1128 ob·

305 1142 409 1176 tineat
422 1142 462 1176 de
473 1151 579 1186 cetero
592 1168 603 1184 ‚
625 1145 714 1188 quod
729 1143 793 1181 hoc
806 1155 951 1189 tempore
965 1145 1006 1180 de
1017 1145 1190 1179 voluntate
1201 1147 1254 1180 sua

302 1203 364 1235 pro
385 1192 456 1235 jure
479 1194 671 1229 constituit.
701 1195 769 1229 Itur
793 1196 908 1230 curfim
931 1194 1181 1239 indispendium
1194 1195 1254 1231 Ec-

303 1242 405 1276 clefiae
426 1254 494 1279 non
516 1245 693 1287 reparabile
707 1269 716 1284 ‚
742 1245 817 1279 cum
840 1246 877 1280 fit
899 1255 1021 1285 nemo,
1047 1245 1253 1288 quicurrenti

301 1303 372 1329 non
387 1293 499 1332 cedat,
525 1294 581 1336 qui
596 1294 765 1338 redarguat
775 1294 1023 1338 delinquentem
1043 1294 1216 1328 efficaciter
1242 1319 1252 1335 ‚

300 1342 359 1385 qui
373 1343 486 1384 puniat
500 1341 568 1384 ejus
582 1342 716 1376 viriliter
725 1346 885 1377 accessum
899 1366 906 1374 .
932 1342 1025 1388 Quid
1038 1343 1096 1377 erit
1115 1342 1208 1377 nobis
1219 1344 1252 1378 &

297 1391 395 1426 vobis
417 1392 556 1425 ulterius
573 1392 606 1425 in
631 1402 713 1427 terra
727 1393 781 1425 illa
793 1416 803 1431 ,
829 1393 851 1426 fi
865 1393 1001 1427 celerius
1013 1404 1081 1427 non
1104 1404 1250 1427 occurra-

299 1450 354 1474 tur
364 1440 545 1475 huictanto
553 1442 698 1484 periculo
709 1465 720 1481 ,
742 1442 765 1474 li
778 1453 847 1476 non
859 1443 1049 1477 retundatur
1065 1442 1179 1477 arctius
1189 1442 1247 1477 hu-

295 1488 348 1532 {us
357 1499 426 1523 tam
437 1491 583 1527 enormis
596 1491 752 1524 novitatis
762 1491 940 1533 periculosa
957 1492 1155 1534 presumptio
1170 1514 1180 1530 ,
1192 1503 1250 1527 vos

294 1538 532 1583 ipfijudicetis.
558 1537 790 1583 Disposueram
815 1539 901 1575 certe
922 1541 1068 1575 animam
1092 1551 1200 1576 meam
1214 1541 1248 1575 in

294 1588 360 1623 hae
379 1599 467 1633 parte
489 1588 810 1630 liberare‚-virlliter
834 1589 1005 1624 subvenire
1029 1590 1176 1633 periculo
1189 1615 1202 1631 ,
1227 1591 1250 1625 si

295 1650 366 1675 non
377 1638 470 1682 hujus
480 1638 643 1679 fastime,
669 1639 748 1674 ficut
758 1639 922 1674 credimus
945 1663 956 1680 ‚
982 1639 1150 1674 immerito
1171 1639 1248 1674 aesti-

293 1690 438 1724 maffetis
458 1689 637 1732 indignum
666 1712 673 1719 .
701 1688 877 1733 Indulgent
896 1690 988 1725 Deus
1013 1688 1079 1724 hoc
1099 1690 1249 1726 facienti-

295 1739 373 1773 bus.
410 1738 487 1774 Erat
500 1736 715 1781 mihiquippe
728 1748 803 1771 cum
827 1739 898 1780 ipso
923 1738 1054 1773 facilior
1072 1740 1214 1774 accessus
1238 1763 1249 1779 ‚

295 1788 318 1822 fi
342 1788 431 1832 quod
454 1787 559 1827 absit,
584 1787 651 1821 fine
674 1786 769 1821 vobis
792 1786 944 1822 Ecclefiae
962 1787 1151 1823 discrimina
1165 1788 1249 1828 diffi-

295 1838 419 1874 mulare
429 1838 583 1871 curassem
595 1861 603 1869 .
632 1836 757 1871 Verum
778 1836 937 1881 quidquid
955 1848 1084 1872 mecum
1096 1838 1248 1882 egeritis,

293 1886 454 1932 quidquid
473 1887 600 1930 agatis,
622 1897 677 1929 per
702 1887 957 1922 misericordiam
979 1889 1045 1923 Dei
1072 1887 1157 1922 nihil
1178 1888 1247 1922 fita

296 1949 350 1972 me
364 1938 431 1971 fine
443 1935 535 1971 vobis
546 1944 557 1976 ,·
583 1935 670 1970 nihil
683 1936 715 1971 in
733 1936 948 1981 prejudicium
970 1937 1143 1979 Eccstfiae,
1168 1938 1191 1973 sr
1205 1939 1247 1971 vi-

293 1998 326 2022 ta
349 1997 458 2022 comes
481 1985 566 2020 mihi
589 1987 759 2022 succurrit.
786 1989 885 2022 Hanc
906 1987 992 2023 viam
1015 1988 1103 2033 elegi
1126 2011 1137 2027 ‚
1162 1987 1248 2022 hanc

296 2036 431 2072 Christo
448 2038 544 2071 Duce
554 2047 621 2071 non
634 2038 772 2073 mutabo
782 2037 979 2073 sententiam
991 2061 1003 2078 ,
1023 2037 1090 2072 haec
1100 2038 1146 2071 est
1159 2038 1247 2072 enim

294 2086 378 2123 mihi
391 2087 442 2121 via
457 2086 592 2123 salubris
609 2112 616 2120 .
644 2089 726 2122 Haec
742 2088 835 2123 vobis
856 2088 983 2129 scribo,
1008 2098 1076 2122 non
1101 2087 1142 2122 ad
1165 2087 1249 2122 indi-

294 2137 489 2183 gnationem
502 2137 648 2182 aliquam
662 2163 673 2180 ‚
702 2140 795 2174 novit
807 2140 920 2180 Deus,
945 2140 1003 2182 qui
1023 2139 1180 2172 scrutator
1202 2137 1247 2171 est

294 2188 446 2223 cordium
459 2212 470 2227 ‚
497 2187 549 2221 scd
562 2188 603 2222 ad
617 2190 777 2224 cautelam
789 2214 800 2230 ‚
825 2201 867 2224 ne
878 2189 989 2223 veniat
1005 2189 1098 2231 super
1109 2199 1168 2222 vos
1179 2187 1247 2222 dics

295 2236 464 2278 Domini,
490 2239 567 2272 ficut
581 2239 652 2279 fur,
680 2240 750 2274 dies
772 2239 935 2277 ultionis,
960 2238 1016 2281 qui
1038 2238 1164 2270 nemini
1183 2247 1250 2279 par-

295 2288 360 2322 cit.
389 2288 526 2324 Credite
537 2299 616 2332 ergo
629 2287 711 2321 mihi
725 2289 815 2321 fideli
829 2288 933 2320 vestro
953 2296 1010 2328 per
1030 2287 1167 2324 omnia,
1194 2286 1247 2318 di-

295 2338 457 2373 lectissimi
482 2338 624 2371 Domini
645 2337 796 2370 resumite
818 2336 924 2376 vira,
948 2335 1245 2380 accingiminigla-

296 2386 356 2422 dio
376 2388 463 2423 verbi
489 2387 555 2421 Dei
580 2385 794 2429 potentiffimi
808 2411 818 2426 ‚
843 2386 967 2420 exerite
987 2385 1135 2429 gladium
1155 2386 1246 2419 Beati

297 2437 412 2477 Petri,
438 2436 592 2479 injuriam
604 2434 731 2470 Christi
743 2436 955 2470 vindicate&
979 2436 1111 2469 suorum
1124 2460 1134 2476 ,
1163 2436 1246 2469 nulli

298 2496 408 2532 parcat
420 2485 536 2521 oculus
553 2484 654 2518 vester
666 2509 677 2525 ,
704 2485 801 2519 facite
816 2485 977 2529 judicium
998 2486 1032 2520 &
1043 2485 1197 2528 justitiam
1211 2486 1246 2518 si-

300 2549 344 2572 ne
366 2537 525 2571 dilatione
546 2535 640 2568 omni
668 2535 804 2579 patienti
829 2535 1001 2577 injuriam·
1029 2535 1110 2569 Haec
1130 2535 1175 2568 est
1198 2536 1248 2569 via

301 2588 431 2633 Regia,
458 2586 526 2620 haec
536 2585 580 2618 est
595 2585 645 2618 via
660 2608 670 2624 ‚
694 2597 764 2629 quae
777 2584 869 2619 ducit
881 2585 921 2619 ad
947 2586 1046 2621 vitam
1061 2608 1070 2617 .
1097 2586 1174 2619 Hac
1195 2596 1250 2619 vo-

302 2637 352 2673 bis
363 2634 579 2672 incedendum
591 2635 637 2667 est
649 2658 659 2673 ,
687 2646 723 2669 ut
739 2635 919 2679 sequamini
934 2635 1069 2680 vestigia
1084 2635 1208 2670 Christi
1235 2660 1246 2676 ,

303 2685 438 2730 vestigia
463 2682 699 2727 Apostolorum
713 2710 724 2725 ,
749 2697 891 2730 quorum
911 2686 988 2720 estis
1005 2686 1136 2719 vicarii.
1166 2685 1246 2720 Non

305 2734 535 2774 fimulatione,
563 2743 631 2768 non
646 2735 780 2778 ingenio
791 2735 932 2780 regenda
948 2736 993 2770 est
1009 2736 1149 2770 Ecclesia
1163 2759 1174 2775 ,
1197 2735 1248 2769 sed

267 2810 269 2816 ,
305 2785 429 2830 justitia
452 2785 486 2820 ἀ
508 2783 661 2822 veritate,
687 2794 757 2827 quae
782 2785 811 2818 se
830 2785 1055 2820 observantem
1081 2785 1194 2820 liberat
1207 2786 1248 2820 ab

305 2836 401 2871 omni
412 2834 575 2880 periculo.
605 2833 685 2867 Hoc
700 2834 819 2873 facire,
847 2834 1056 2871 &habebitis
1079 2847 1137 2879 pro
1160 2847 1248 2871 certo

307 2887 418 2921 Deum
439 2883 641 2926 adjutorem,
668 2895 729 2917 nec
750 2883 891 2919 timeatis
914 2884 956 2920 de
977 2896 1092 2920 caerero
1113 2886 1191 2930 quid
1208 2886 1251 2921 fa-

307 2933 465 2971 eiatmihi
477 2933 600 2968 homo.
633 2932 724 2970 Bene
737 2934 863 2976 valete,
888 2945 924 2970 ut
947 2936 1030 2972 bene
1056 2937 1095 2972 iit
1118 2935 1214 2972 nobis
1239 2962 1249 2979 ,

308 2988 342 3025 δε
354 2985 418 3022 toti
434 2983 578 3022 Ecclesiae
590 3009 597 3018 .

1437 794 1651 832 lTTlMUS
1677 795 1835 830 sanctitati
1859 794 1965 830 vestrae
1990 795 2108 831 latores
2130 796 2266 839 praesen-

1460 846 1543 880 tium
1555 846 1666 881 fideles
1677 846 1804 880 nostros
1814 871 1825 886 ,
1850 846 1933 880 duos
1947 846 2100 882 videlicet
2115 846 2157 880 de
2168 845 2265 880 mise·

1323 895 1363 927 ris
1374 895 1408 928 δε
1417 897 1608 931 cocxulibus
1620 896 1737 931 nostris
1746 920 1758 937 ,
1770 906 1853 939 quos
1867 906 1978 930 tamen
1989 896 2029 930 ad
2040 897 2176 940 praesens
2188 894 2266 939 pos-

1323 944 1429 979 sumus
1442 970 1453 986 ‚
1473 947 1505 981 δε
1515 947 1592 981 ficut
1605 947 1771 990 possumus
1783 969 1794 985 ‚
1820 956 1856 980 ut
1866 957 1984 988 pereos
2005 946 2145 980 audiatis
2159 946 2194 979 ὅτ.
2208 945 2265 978 in·-

1322 993 1476 1039 telligatis
1486 996 1615 1031 certiori
1635 996 1670 1030 ὅ(
1692 994 1867 1030 miserabili
1878 995 2059 1036 relatione,
2085 1006 2154 1040 quat
2178 994 2264 1029 circa

1322 1054 1381 1077 nos
1393 1046 1524 1080 noviter
1532 1047 1599 1081 aaa
1612 1047 1689 1080 sunt
1698 1043 1750 1077 his
1769 1044 1885 1078 diebus
1898 1068 1906 1076 .
1932 1045 2140 1080 Miseriarum
2161 1045 2265 1079 etiam

1320 1093 1498 1130 nostrarum
1509 1095 1543 1129 δε
1555 1094 1741 1130 nostrorum
1749 1092 1914 1138 angustias
1927 1116 1938 1132 ‚
1964 1104 2035 1134 quae
2056 1093 2190 1137 quidem
2203 1093 2266 1128 im-

1320 1155 1429 1178 manes
1439 1146 1514 1179 sunt
1525 1170 1532 1177 .
1559 1144 1603 1179 Et
1626 1143 1836 1187 suscipiamus
1859 1143 1877 1176 ὲ
1894 1142 2061 1176 sanctitate
2083 1142 2184 1176 vestra
2205 1167 2217 1183 ,
2241 1142 2265 1176 si

1317 1195 1420 1235 piacet
1432 1219 1443 1234 ‚
1468 1193 1616 1229 celeriter
1626 1193 1770 1228 debitam
1782 1193 1817 1227 δε
1827 1192 1884 1226 diu
1897 1192 2035 1226 dilatam
2047 1190 2261 1236 oppreffionia

1317 1243 1463 1277 Ecclefiae
1475 1245 1509 1278 ὃ(
1523 1244 1635 1278 nostrae
1646 1243 1875 1278 liberationem
1886 1266 1894 1274 .
1915 1241 2081 1277 Dolorum
2089 1242 2190 1276 etiam
2200 1251 2262 1278 no·

1315 1293 1451 1328 strorum
1463 1305 1519 1336 per
1543 1303 1679 1328 manum
1701 1292 1925 1327 misericordia:
1947 1291 2054 1325 vestrae
2074 1292 2224 1327 levamen
2249 1315 2263 1333 ,

1316 1355 1357 1377 ne
1391 1343 1580 1377 immaniter
1601 1343 1646 1377 δε,
1666 1342 1895 1385 multipliciter
1914 1340 2046 1384 depreffi
2072 1341 2264 1377 deficiamus

1318 1395 1350 1426 in
1363 1393 1576 1427 tribulatione
1588 1415 1599 1431 ,
1624 1404 1694 1436 quae
1705 1404 1774 1426 non
1783 1393 1846 1425 fuit
1858 1392 1876 1425 a
1895 1390 2010 1426 diebus
2030 1390 2186 1427 dolorum
2201 1390 2258 1425 di·

1317 1443 1452 1477 strictior
1464 1467 1472 1474 .
1496 1442 1654 1477 Protrasti
1666 1441 1755 1476 enirn
1768 1442 1894 1474 sumus.
1921 1441 1993 1484 Jam
2007 1441 2064 1475 diu
2083 1441 2130 1476 est
2141 1465 2154 1482 ,
2185 1441 2265 1477 ficut

1318 1492 1410 1526 novit
1420 1490 1616 1526 excellentia
1629 1490 1732 1524 vestra
1742 1514 1754 1530 ‚
1774 1489 1932 1524 trahimur
1943 1514 1954 1529 ‚
1978 1490 2077 1524 etiam
2088 1491 2123 1524 δε
2141 1498 2264 1533 protra-

1318 1540 1448 1587 himur,
1474 1552 1543 1575 non
1565 1540 1676 1575 minus
1700 1539 1873 1575 crudeliter
1895 1537 1994 1584 quam
2015 1538 2182 1583 unquam,
2207 1549 2264 1583 pet

1317 1601 1443 1634 tempus
1453 1592 1488 1625 δε
1499 1600 1646 1633 tempora
1657 1591 1692 1624 in
1705 1589 1831 1624 miseria
1843 1590 1877 1624 ὃ(
1888 1588 2004 1624 dolore
2014 1612 2026 1629 ,
2051 1598 2087 1623 ut
2096 1589 2148 1623 vel
2160 1588 2204 1623 lic
2214 1589 2264 1624 ἰή-

1316 1640 1363 1674 fra
1382 1641 1482 1685 longi
1505 1641 1662 1683 temporis
1684 1649 1787 1674 metas
1811 1639 1993 1673 afflictione
2009 1637 2140 1673 deficiat
2149 1638 2264 1679 anima

1317 1690 1439 1730 nostra,
1448 1689 1694 1735 exstinguamur
1704 1688 1830 1730 attriti,
1840 1687 2031 1724 deficiamus
2041 1686 2176 1732 penitus
2183 1699 2259 1731 exq-

1315 1742 1357 1774 sti
1369 1741 1566 1775 miseriarum
1578 1739 1736 1785 angustiis
1747 1764 1759 1780 ,
1784 1739 1924 1782 exspiret
1935 1737 2067 1773 interim
2078 1735 2263 1784 ειιὼρτίως

1312 1789 1414 1823 vestra
1429 1811 1440 1828 ,
1463 1790 1553 1832 quod
1563 1789 1644 1823 abfit
1656 1813 1669 1829 ‚
1680 1801 1750 1832 quae
1761 1799 1816 1831 per
1826 1788 1892 1822 Dei
1914 1787 2168 1824 misericordiam
2179 1798 2259 1831 ωε,-

1315 1848 1362 1873 tra
1384 1839 1576 1880 iniquorum
1597 1837 1789 1872 desiderium
1809 1862 1819 1878 ‚
1864 1845 1980 1873 contra
1997 1837 2256 1882 malignantium

1315 1887 1461 1923 fraudem
1473 1888 1649 1924 relevatura
1659 1888 1704 1922 est
1717 1887 1879 1922 miseriam
1891 1887 2078 1930 nostram&
2095 1887 2260 1932 aliorum,

1315 1938 1489 1983 antequam
1502 1937 1791 1974 finiatut.1nclina
1803 1937 1902 1983 igitur
1912 1961 1922 1978 ‚
1951 1936 2122 1979 Domine,
2148 1946 2260 1973 aurem

1315 1999 1404 2023 ruam
1415 2014 1425 2029 ,
1453 1989 1487 2023 δι
1498 1988 1574 2023 audi
1587 1999 1598 2030 ;
1623 1987 1710 2031 aperi
1722 1988 1840 2021 oculos
1850 1998 1924 2022 tuos
1935 2013 1945 2029 ‚
1971 1988 2007 2023 ἀ
2029 1985 2124 2030 vide,
2149 1988 2174 2022 fi
2196 1985 2264 2024 fuit

1315 2037 1471 2082 iniquitas
1484 2038 1562 2073 ficut
1572 2036 1630 2073 ista
1640 2048 1655 2081 ;
1681 2036 1811 2072 attende
1831 2036 2022 2083 diligentius
2043 2038 2079 2079 ,fi
2090 2036 2258 2079 estdolor,

1314 2087 1393 2123 ficut
1403 2087 1501 2122 dolor
1522 2088 1633 2122 noster
1653 2086 1906 2127 &nostrormm
1929 2087 1986 2130 qui
2010 2087 2081 2122 dati
2104 2085 2259 2123 sumusiu

1313 2138 1530 2182 direptionem
1550 2162 1561 2178 ,
1588 2136 1648 2172 nisi
1673 2135 1787 2183 subito*
1805 2136 1975 2172 subveniat
1995 2136 2094 2172 nobis
2116 2147 2173 2182 per
2184 2147 2258 2172 ma-

1314 2200 1391 2222 num
1411 2189 1544 2222 vestram
1558 2187 1622 2223 Dei
1635 2184 1869 2222 misericordia.
1902 2187 1991 2221 Fasti
2005 2187 2115 2222 sumus
2136 2187 2171 2222 in
2184 2185 2258 2221 sub·

1314 2238 1540 2272 sannationern
1554 2237 1740 2283 &derisum
1754 2236 1805 2271 hi's
1816 2260 1828 2277 ‚
1853 2236 1909 2280 qui
1932 2236 1967 2271 in
1981 2237 2121 2272 circuitu
2135 2235 2251 2272 nostro

1313 2288 1385 2321 sunt
1398 2311 1407 2327 ‚
1422 2287 1620 2323 authoritate
1632 2287 1834 2332 Legatorum
1848 2285 2028 2325 vestrorum
2037 2287 2113 2332 ,qui
2126 2287 2254 2322 utinam

1314 2348 1380 2370 non
1392 2338 1498 2381 magis
1520 2338 1698 2373 enormiter
1719 2337 1818 2381 quam
1843 2337 2093 2381 praesumptuose
2114 2336 2253 2381 egissent

1311 2388 1395 2420 circa
1408 2397 1468 2420 nos
1478 2388 1513 2420 δε
1526 2387 1673 2421 Ecclesiae
1686 2389 1819 2431 negotia
1834 2411 1841 2418 .
1859 2389 1892 2420 Si
1905 2388 1994 2420 enirn
2011 2386 2078 2421 haec
2091 2388 2172 2422 fasta
2181 2387 2257 2421 sunt

1313 2435 1407 2471 nobis
1422 2436 1463 2470 ab
1475 2436 1549 2479 ipsis
1562 2436 1595 2469 in
1610 2435 1730 2476 viridi,
1762 2436 1840 2479 quid
1854 2436 1910 2468 fiet
1924 2437 1956 2467 in
1971 2436 2064 2469 arido
2076 2460 2087 2475 ,
2114 2437 2136 2469 fi
2147 2435 2250 2471 dura·

1312 2497 1383 2520 rura
1395 2485 1441 2520 est
1457 2485 1516 2520 ista
1529 2485 1650 2529 legatio
1660 2509 1671 2526 ,
1685 2496 1753 2527 quae
1766 2484 1932 2527 nunquam
1952 2485 2056 2518 fuisset
2071 2485 2087 2516 ,ἲ
2113 2485 2255 2528 Suspen-

1312 2537 1429 2571 derunt
1451 2536 1506 2580 ipsi
1527 2547 1588 2570 nos
1602 2560 1613 2575 ‚
1641 2533 1800 2578 quantum
1818 2535 1852 2567 in
1865 2534 1911 2566 eis
1932 2534 1997 2573 est,
2023 2533 2065 2567 ab
2087 2529 2182 2581 omni
2192 2546 2256 2568 au·-

1313 2585 1490 2628 thoritate,
1517 2585 1615 2629 quam
1627 2583 1824 2618 habebamus
1843 2582 1874 2615 in
1901 2582 2054 2616 Ecclefiis
2075 2580 2257 2628 Anglic&

1314 2637 1456 2680 personis
1468 2659 1479 2676 ,
1504 2634 1593 2679 quod
1607 2634 1775 2676 nunquam
1783 2631 1889 2677 gratia
1899 2632 1966 2666 Dei
1976 2633 2010 2666 δε
2032 2632 2134 2667 vestra
2145 2631 2187 2668 ad
2196 2633 2256 2668 ali-

1313 2687 1405 2730 cujus
1417 2685 1578 2728 Principis
1590 2684 1644 2718 vel
1667 2683 1797 2718 alterius
1829 2682 2016 2717 instantiam
2037 2683 2161 2717 saelum
2177 2682 2254 2718 esta

1315 2737 1409 2771 vobis
1419 2760 1430 2776 ,
1455 2745 1514 2769 nec
1525 2735 1580 2769 fiet
1593 2745 1647 2778 per
1656 2734 1724 2768 Dei
1736 2731 1988 2767 misericordiam
2001 2756 2013 2773 ,
2035 2732 2114 2767 ficut
2135 2743 2177 2768 ex
2187 2743 2255 2768 cer-

1315 2799 1346 2821 ta
1358 2784 1708 2830 promiffioneindulfit
1730 2782 1827 2818 nobis
1846 2782 1946 2817 vestra
1967 2780 2168 2817 sublimitas.
2197 2781 2254 2818 Ut

1314 2837 1393 2882 quid
1403 2862 1414 2879 ‚
1440 2836 1590 2870 Domine
1608 2859 1619 2875 ‚
1647 2834 1789 2869 tribuisti
1825 2832 2043 2877 Legationem
2079 2831 2212 2867 homini
2238 2855 2253 2879 ,

1315 2888 1356 2922 de
1391 2886 1483 2930 cujus
1519 2883 1654 2920 introitu
1692 2882 1860 2918 attendisse
1895 2881 2048 2916 debuerat
2082 2881 2254 2923 Dominus

1315 2948 1406 2971 meus
1427 2961 1438 2978 ,
1480 2945 1518 2970 ut
1541 2934 1626 2969 salva
1648 2943 1729 2976 pace
1754 2932 1822 2976 ejus
1843 2931 1956 2975 loquar
1982 2956 1993 2972 ,
2027 2932 2101 2976 quis
2121 2930 2254 2976 deberet
2303 2947 2307 2952 ·

1316 2987 1378 3021 esse
1414 2987 1545 3020 futurus
1579 2982 1752 3028 legationis
1786 2980 1884 3023 huius
1918 2982 2039 3016 fructus
2064 3005 2076 3022 ‚
2110 2979 2252 3025 pensasse

1316 3037 1415 3072 etiarn
1437 3035 1580 3079 ejusdem
1598 3032 1724 3067 exitum
1744 3055 1756 3071 ‚
1791 3031 1882 3074 cujus
1915 3032 2026 3065 anima
2059 3041 2131 3066 tota
2152 3030 2251 3070 effluit

1316 3086 1379 3122 fuit
1389 3085 1431 3121 ab
1442 3085 1558 3123 initio,
1582 3082 1720 3116 &estin
1741 3082 1868 3115 ruinam
1890 3080 2119 3115 Ecclefiasticae
2137 3079 2252 3124 digni-⁶

1316 3136 1412 3177 tatis,
1437 3137 1470 3170 &
1494 3135 1652 3172 vestram,
1679 3142 1716 3166 ut
1735 3132 1786 3166 vel
1808 3132 1848 3165 sic
1867 3132 1923 3165 fiat
1945 3130 2090 3174 Principi
2101 3139 2212 3175 gratus
2234 3130 2250 3170 ἰ

1316 3186 1484 3224 Domine,
1509 3182 1657 3218 Domine
1666 3181 1707 3216 ad
1729 3190 1762 3216 te
1783 3182 1858 3216 sunt
1869 3180 1959 3215 oculi
1969 3180 2070 3214 nostri
2088 3190 2129 3213 ne
2140 3189 2251 3223 perca.-

1317 3248 1388 3272 mus
1403 3260 1411 3267 .
1438 3234 1567 3278 Adjuva
1579 3243 1642 3267 nos
1653 3233 1822 3273 Domine,
1847 3231 1882 3266 &
1892 3232 1943 3265 fac
1958 3228 2128 3264 nobiscum
2140 3229 2254 3275 secun-

1317 3287 1395 3322 dum
1413 3282 1635 3329 promissiones
1647 3292 1718 3317 tuas
1729 3306 1739 3323 ,
1765 3293 1835 3325 quae
1850 3281 1977 3315 utinam
1995 3290 2063 3314 non
2083 3280 2117 3314 in
2129 3288 2251 3314 vanum

1317 3334 1549 3372 laetificaverint
1563 3331 1687 3367 animas
1700 3334 1840 3367 nostras.
1866 3329 2084 3364 Sustinuimus
2107 3329 2196 3364 enim
2206 3325 2250 3362 ad

1319 3388 1426 3422 vestrae
1445 3379 1655 3418 Celfitudinis
1680 3381 1878 3417 Mandatum
1896 3404 1905 3413 .
1929 3380 2147 3414 sustinuimus
2163 3401 2175 3418 ,
2198 3376 2249 3411 iu·

1260 3473 1263 3476 ,
1319 3446 1416 3484 quam
1428 3458 1439 3475 ,
1450 3444 1561 3478 pacem
1574 3457 1585 3474 ,
1598 3431 1632 3467 &
1643 3443 1712 3467 non
1725 3432 1815 3467 venit
1828 3455 1836 3463 .
1848 3429 2108 3473 Exspestavimus
2117 3437 2172 3472 per
2181 3434 2253 3461 ma-

1321 3497 1425 3523 nuum
1447 3494 1544 3531 opera
1559 3482 1745 3530 legatorum
1765 3481 1939 3517 vestrorum
1950 3480 2095 3522 bonum,
2123 3475 2251 3532 &ecee

2101 3536 2205 3570 major
