2358 3776
264 144 308 191 S.
380 138 781 190 THOMAE
840 133 1721 190 CANTUARIENIS.

110 274 582 320 mfiPISTQLA
672 254 917 317 cLXVu

78 348 83 352 *
130 379 384 416 Bartholomaeo
392 375 559 420 Bononiensi
588 372 733 419 Episcopo
745 378 779 424 J
781 384 893 411 oannes

413 425 660 472 saresberienfis.
778 444 782 447 ·
904 443 909 449 -

62 528 219 619 ME
231 532 327 567 causa
347 528 505 575 duplex
485 541 535 573 κιιι
553 525 791 573 praesentiarum
813 523 947 569 impulit
967 523 1009 560 ad

203 580 410 619 scribendum
424 595 437 621 ‚⁴
460 589 535 614 tum.
543 589 584 613 ne
600 587 714 623 vpraeter
733 576 1008 612 consuetudinem

62 634 131 668 fine
158 634 273 669 litteris
289 630 378 668 abire
407 628 510 675 patiar
537 628 680 672 aliquem
711 626 754 663 ad
777 637 837 661 vos
862 626 903 660 de
937 637 1009 660 mea

60 684 270 721 conscientia
293 680 574 725 proficiscentem,
599 689 670 713 tum
689 687 728 712 ut
750 675 878 712 Amicis
893 700 904 717 ,
929 687 1009 720 quo·

64 743 140 767 rum
168 731 342 773 'voluntati
379 729 524 765 satisfieri
562 740 616 774 par
633 727 702 770 est,
729 738 855 762 morem
872 737 981 771 geram
999 751 1007 759 .

65 781 272 819 voluerunt.
290 780 380 816 enim
414 781 570 817 Latorem
607 777 813 823 praesentium
840 778 857 811 a
898 777 1011 810 Devo-

62 1030 238 1072 incursari,
272 1028 385 1073 utpote
408 1039 506 1073 quem
527 1031 563 1061 in
585 1039 671 1073 pago
694 1027 847 1063 Remensi
869 1038 926 1071 per
959 1037 1012 1062 an·

63 1091 127 1117 nos
144 1080 349 1116 laudabiliter
375 1079 409 1112 δε
429 1079 495 1112 fine
515 1078 646 1124 querela
673 1077 846 1124 perhibent
869 1087 1012 1112 conver-

65 1132 192 1165 fatum.
222 1131 279 1165 Eis
300 1129 407 1172 itaque
430 1128 647 1169 satisfaciens,
685 1128 797 1171 pietati
813 1127 921 1163 vestrae
944 1135 1023 1162 tam·

64 1182 215 1220 securas,
243 1180 340 1223 quam
354 1179 487 1213 sinceras
502 1179 635 1222 porrigo
646 1188 772 1220 preces,
794 1177 871 1212 cum
885 1175 1009 1220 pridem

62 1230 102 1266 i&
113 1228 440 1273 remmlexperientia
448 1228 482 1263 <Sc
493 1227 643 1263 conditio
654 1226 763 1266 mihi,
776 1227 866 1262 «Ωιταε
881 1226 915 1261 dr
925 1223 1014 1257 mul-

66 1278 289 1320 tirzrveonstet
313 1277 541 1312 discretionem
566 1277 701 1311 vestram
714 1275 817 1320 legis,
847 1274 1015 1317 quaeinter

65 1328 191 1364 amicos
214 1337 281 1361 tam
299 1324 460 1371 aequitatis
482 1325 599 1367 suasu,
625 1325 724 1370 quam
746 1324 877 1359 decreto
902 1321 1014 1358 Philo-

66 1377 280 1422 sophantium
292 1376 416 1413 sancita
429 1374 497 1418 est,
524 1386 594 1410 uon
606 1377 670 1410 esse
692 1374 859 1419 ignaram.
889 1373 937 1409 Ea
960 1384 1015 1407 au-

63 1438 138 1464 nem
158 1426 228 1469 est,
253 1436 289 1461 ut
310 1425 428 1462 melius
452 1425 575 1467 nostis,
600 1434 638 1459 ut
660 1423 811 1460 honestas
832 1434 962 1467 precum
976 1424 1014 1459 sit

68 1477 290 1518 moderat-rix,
314 1477 349 1511 ἀ
371 1477 405 1510 in
417 1475 469 1511 his
490 1473 660 1509 dumtaxat
680 1474 856 1510 audiantur
878 1474 976 1509 amici
1003 1496 1016 1516 ‚

67 1526 192 1572 quibus
204 1527 261 1562 illa
273 1537 343 1561 non
363 1525 562 1560 adversatur.
592 1523 770 1560 Praescribit
789 1524 878 1559 enim
894 1524 979 1558 ratio
1005 1547 1016 1565 ,

66 1585 113 1612 ne
129 1587 178 1613 ex
192 1577 304 1611 caussa
322 1575 475 1611 amicitiae
495 1574 631 1610 illicita
641 1584 792 1631 petantur
812 1583 885 1607 aut
899 1573 981 1607 fiant
1008 1597 1017 1607 .

64 1626 179 1675 Qia
186 1637 269 1671 ergo
295 1627 476 1660 amicorum
498 1625 602 1669 gratia
621 1624 765 1660 amicum
787 1622 873 1665 apud
893 1631 1017 1666 patrem

69 1676 108 1711 ἃ
129 1676 317 1711 Dominum
328 1673 556 1709 commendare
577 1673 699 1716 suscepi
719 1697 731 1715 ‚
758 1682 869 1716 precor
881 1682 916 1706 ut
941 1682 1019 1706 con

68 1724 293 1769 templatione
305 1724 392 1763 Dei,
419 1724 455 1758 &
477 1733 622 1757 mearum
643 1724 829 1756 interventu
848 1732 979 1765 precum
1007 1744 1019 1762 ‚

67 1784 172 1815 uim,
186 1772 430 1815 siexpetierit,
457 1771 620 1804 audiatis
611 1781 645 1802 in
656 1770 731 1810 bis,
757 1781 827 1811 quae
838 1770 1017 1804 neceffitati

69 1824 160 1867 ὄρς’,
182 1821 219 1855 &
242 1819 404 1854 honestati
433 1818 542 1852 vestras
562 1817 715 1852 discretio
737 1817 905 1852 disiaverit
923 1828 1018 1860 expe-

67 1873 162 1908 dire
191 1871 234 1906 Et
247 1870 270 1904 fi
285 1869 368 1904 forte
380 1878 456 1904 eum
467 1867 508 1901 de
519 1868 723 1902 conscientia
735 1867 834 1902 vestra
846 1866 888 1902 ad
901 1877 961 1902 nos
974 1877 1018 1901 re·

69 1922 142 1959 dire
151 1920 352 1964 contigerit,
374 1928 427 1952 me
441 1919 532 1962 super
542 1918 625 1954 statu
638 1917 763 1958 vestro,
775 1917 1013 1956 &amicorum‚

71 1970 337 2015 acceptissaltem
350 1968 555 2011 publicorum
577 1978 744 2001 rumorum
767 1967 882 2003 litteris
896 1991 906 2007 ‚
933 1977 1020 2010 pote-

69 2022 117 2058 rit
130 2021 319 2056 certiorare.
347 2019 401 2054 De
413 2029 487 2054 tneo
496 2028 608 2051 autern
633 2018 716 2051 statu
734 2017 775 2051 ad
798 2018 931 2060 praesens
953 2027 1021 2059 par-

70 2070 142 2107 cius
154 2070 259 2110 scribo
272 2094 283 2110 ,
311 2079 379 2102 non
390 2069 468 2112 quia
480 2067 606 2111 aliquid
619 2077 767 2101 meorum
778 2066 796 2099 a
809 2066 902 2101 vobis
917 2066 1016 2101 velim

71 2122 135 2157 esse
144 2118 371 2156 absconditum
383 2143 393 2160 ‚
421 2118 475 2153 sed
488 2119 564 2162 quia
578 2116 688 2153 recolo
708 2128 760 2151 me
773 2126 825 2161 per
838 2117 1020 2151 Falconem

31 2164 45 2171 x
73 2171 260 2215 nuperrime
274 2170 388 2203 omnia
401 2167 583 2212 plenissime
596 2167 777 2201 nunciasse.
806 2167 894 2202 Nam
906 2166 927 2199 fi
943 2164 1020 2209 quid

74 2222 185 2258 deerat
206 2221 333 2264 paginae
344 2218 512 2263 grandiori
525 2242 536 2258 ,
565 2218 734 2261 portitoris
746 2217 875 2258 officio,
904 2217 936 2250 &
951 2215 1022 2249 dili·

74 2270 187 2318 gentia
204 2280 291 2303 ratus
312 2270 380 2301 sum
406 2267 468 2302 esic
490 2267 744 2311 supplendum.
772 2266 896 2314 Qoad
919 2265 1022 2309 pnbli·

65 2332 156 2374 cum
180 2319 256 2354 vero
277 2318 420 2359 statum,
446 2316 513 2352 haec
526 2317 637 2362 postea
653 2316 833 2352 multorum
853 2317 1023 2351 assertione

65 2356 210 2414 vulgata
237 2369 334 2407 sunt,
359 2378 475 2400 omnes
499 2367 681 2411 Ep1scopos
692 2365 824 2410 Angha:
835 2378 876 2400 ex
888 2365 1024 2400 manda·

81 2431 119 2456 to
133 2419 237 2464 Regis
260 2416 467 2452 convenifle.
495 2416 539 2450 Et
560 2427 603 2450 ne
622 2415 805 2456 sententia,
832 2427 931 2462 quam
956 2417 1022 2449 Do

76 2470 186 2505 minus
207 2468 295 2511 Papa
322 2466 515 2507 dictaverat,
541 2466 653 2501 locum
672 2464 805 2502 haberet
819 2491 830 2507 ,
856 2465 1026 2511 appellasse

78 2530 196 2554 contra
219 2516 354 2551 Archi·
369 2516 565 2559 Episcopum
600 2518 694 2551 suum
718 2540 730 2556 ,
768 2518 825 2559 qui
848 2528 906 2560 pro
926 2516 1026 2550 salute

79 2579 216 2609 eorum,
240 2568 274 2602 &
295 2565 443 2600 libertate
466 2566 616 2600 Ecclefiae
637 2590 648 2607 ,
683 2566 853 2601 facultates
872 2566 1025 2609 permittit

80 2617 286 2664 raptoribus,
314 2615 480 2650 fortunam
500 2628 566 2649 non
578 2617 738 2650 erubescit
749 2618 910 2651 nutrimet
926 2641 933 2649 .
960 2615 1025 2650 Ve-

80 2678 199 2706 nerunt
215 2667 256 2702 ad
274 2677 350 2700 eum
377 2677 477 2709 nuper
499 2665 622 2700 Clerici
644 2665 730 2706 duo,
758 2667 838 2700 sicut
860 2665 943 2700 mihi
966 2677 1024 2709 pro

84 2730 174 2754 certo
186 2718 322 2752 relatum
336 2716 380 2750 est
394 2715 435 2751 ab
458 2727 498 2750 eo
510 2741 520 2756 ‚
548 2717 603 2759 qui
625 2726 705 2751 tunc
719 2726 786 2751 erat
811 2716 1000 2751 Pontiniaci
1014 2740 1025 2756 ,

81 2769 149 2805 haec
163 2766 365 2813 publicantes
385 2766 649 2811 &appellantes,
676 2777 762 2800 unus
783 2777 823 2800 ex
848 2776 936 2809 parte
949 2767 1025 2801 Do-

82 2819 167 2854 mini
190 2816 432 2853 Saresberienfis
454 2841 464 2857 ,
501 2817 582 2851 alter
604 2828 645 2850 ex
666 2826 754 2859 parte
786 2816 914 2849 Decani
939 2816 988 2849 sui
1014 2840 1025 2856 ,

81 2869 264 2904 inficiantis
274 2865 415 2902 omnino
429 2868 460 2900 se
480 2866 698 2910 juramentum
719 2866 890 2909 praestitisse
916 2866 1022 2908 impe-

82 2919 184 2954 ratori
196 2942 206 2959 ,
231 2918 282 2952 vel
296 2915 481 2963 Reginaldo
493 2916 682 2951 Coloniensi
706 2914 910 2950 schismatico
924 2918 957 2949 in
969 2915 1024 2949 ali-

85 2979 153 3013 quo
164 2968 415 3002 communicasse
427 2992 436 3000 .
464 2967 556 3002 Idem
575 2967 672 3002 etiam
686 2967 848 3001 confitens
872 2967 903 3000 se
922 2966 1023 3001 Cleri·

84 3029 161 3053 cum
177 3015 365 3051 familiarem
387 3017 544 3053 demensa
566 3017 710 3062 magistri
727 3016 915 3062 Joannisde
937 3017 1022 3051 Oxe-

85 3067 224 3107 neford,
249 3066 306 3110 qui
318 3066 463 3102 Clericus
486 3068 587 3112 Regis
597 3068 642 3101 est
655 3091 667 3108 ‚
692 3068 725 3104 se
739 3069 841 3112 Regis
851 3068 891 3101 ad
905 3066 1022 3102 Archi·

88 3117 293 3161 Episcopum
312 3113 442 3149 verbum
461 3116 578 3153 habere
589 3117 675 3152 dixit
691 3131 700 3151 ·.
722 3118 886 3161 appellans
904 3129 946 3153 ex
958 3129 1022 3161 par-

88 3168 166 3201 re&
187 3166 323 3200 nomine
347 3165 448 3209 Regis
461 3189 473 3206 ‚
497 3169 532 3203 δε
546 3167 702 3202 mandato
722 3169 812 3211 ejus,
838 3180 873 3202 ut
893 3167 1023 3212 ajebat,

89 3216 232 3251 eundern
255 3214 378 3250 Archi·
392 3215 587 3261 Episcopum
608 3217 650 3252 ad
669 3218 875 3253 audientiam
909 3216 1023 3252 Domi-

89 3267 125 3301 ni
148 3266 241 3309 Papae
254 3265 453 3306 Alexandri,
480 3266 514 3299 &
534 3277 588 3309 per
607 3278 683 3301 eum
700 3268 883 3313 appellabat
900 3293 911 3309 ,
935 3268 1022 3303 diem

90 3316 258 3362 praefigens
279 3326 343 3357 qua
364 3314 548 3350 cantabitur
570 3330 578 3349 ε
605 3321 671 3362 Ego
687 3317 751 3361 sum
774 3318 875 3360 Pastor
895 3319 986 3353 bonus
1010 3342 1018 3350 .

93 3366 224 3400 Archi·-
237 3364 414 3408 Episcopus
437 3366 514 3400 vero
535 3366 567 3400 δε
586 3366 619 3400 in
643 3367 710 3401 haec
731 3370 825 3404 verba
844 3368 1019 3413 respondit:

91 3419 138 3449 Tu
151 3439 162 3457 ,
190 3417 255 3450 com
277 3414 362 3448 nobis
384 3420 495 3460 ignotus
501 3414 540 3457 fis
563 3440 574 3456 ,
607 3426 660 3450 nec
677 3421 856 3453 mandatum
875 3431 926 3453 nec
944 3421 1022 3452 litte-

91 3476 145 3500 ras
156 3470 245 3513 Regis
261 3464 391 3510 babeas,
417 3467 452 3502 (ν
470 3478 508 3504 ex
527 3473 721 3504 communione
733 3471 850 3504 Domtm·
866 3475 912 3505 tul
914 3473 946 3517 J
950 3481 1025 3505 oan-

1032 2275 1046 3480 Q*

61 834 120 868 nia
148 831 326 867 oriundum
361 853 375 873 ,
400 829 564 864 ut‘afferit
587 852 599 868 ,
623 828 659 862 δε
694 828 718 861 fi
755 826 842 863 credi
880 826 974 870 possit
1000 849 1012 866 ‚

65 893 142 916 eum
165 881 207 917 ab
226 879 434 915 ulterioribus
445 878 667 914 Convicaneis
686 877 798 913 vestris
819 876 904 914 circa
919 887 1013 910 mon-

64 941 134 968 tem
152 930 245 967 Beati
258 928 482 975 Archangeli·
473 940 509 963 m
520 928 590 962 finu
602 927 779 964 Armorico
803 927 932 963 traxisse
943 927 1006 960 ori-

62 980 199 1028 ginem,
226 990 339 1027 pietati
350 980 478 1018 vessrae
504 989 584 1013 mea:
595 977 763 1021 parvitatis
775 977 894 1013 officio
919 987 1010 1013 com-

1834 153 1939 206 167

1070 230 1118 262 uls
1137 225 1176 262 da
1196 223 1386 266 oxeneford,
1413 233 1501 266 quem
1520 233 1798 265 excommunicatum
1815 230 1868 278 effe
1877 229 2003 275 constat,

1063 285 1120 322 per
1144 276 1264 314 litteras
1295 277 1418 309 Domini
1439 276 1537 317 Papae
1552 283 1817 312 excommunicatus
1835 281 1876 322 sis
1895 307 1908 324 ,
1942 290 2001 324 ap-

1063 327 1206 373 pellantis
1224 326 1347 368 officmm
1368 325 1496 367 implere
1498 336 1557 358 non
1572 334 1679 371 potes.
1707 330 1780 367 Non
1796 340 1896 366 autem
1917 342 2004 368 man-

1069 380 1174 415 datum
1198 375 1384 418 apostolicum
1399 380 1594 421 exequimur,
1620 377 1656 412 (π
1679 379 1742 411 Deo
1760 377 1882 412 authore
1899 383 2004 424 ample-

1066 428 1181 464 bimus.
1207 425 1297 473 Qd
1308 435 1417 463 autern
1428 426 1533 466 animi
1545 425 1586 463 ad
1594 425 1867 472 saresberiensem
1878 426 2006 473 habeat,

1071 477 1146 512 scite
1168 476 1300 521 volens,
1327 477 1368 511 ad
1388 487 1470 514 cum
1488 477 1657 533 proprium
1680 466 1854 523 Nuntium
1867 475 2010 513 destina-

1071 529 1123 568 vi,
1148 527 1205 572 qui
1226 537 1370 562 mentem
1390 527 1461 574 ejus
1483 524 1674 567 familiarius
1702 527 1905 572 exploraret.
1944 526 2012 562 Cae·

1071 588 1175 614 terum
1195 578 1313 614 fastum
1334 577 1421 626 istud
1448 577 1689 622 Episcoporum
1710 578 1846 614 Francia
1859 587 1930 612 tota
1952 576 2016 612 mi-

1072 639 1177 668 ratur,
1203 627 1318 663 dicens
1337 639 1395 662 eos
1412 626 1594 672 oportuisse
1612 629 1793 663 convenire
1809 652 1822 668 ‚
1846 638 1885 664 ut
1904 629 2013 663 tracta-

1072 688 1143 715 rent
1164 678 1207 714 de
1225 679 1329 712 salute
1341 678 1443 723 Regis
1464 677 1534 718 sui,
1562 687 1663 723 quem
1682 678 1762 721 sicut
1779 678 2015 722 Imperatorem

1071 739 1111 763 ex
1133 729 1228 765 causa
1252 726 1458 770 schismatis„
1479 728 1526 765 ita
1548 738 1678 772 propter
1699 727 1883 764 Clerum&
1898 726 2016 762 Eccle-

1072 780 1150 815 siam
1162 800 1174 818 ,
1198 789 1298 822 quam
1316 777 1448 814 collidit
1468 802 1480 818 ,
1515 777 1666 824 quotidie
1687 777 1872 814 labefactari
1889 775 2017 820 conspi-

1072 829 1165 875 ciunt
1185 854 1193 864 .
1230 827 1416 872 Oportebat
1435 839 1570 872 quoque
1585 839 1642 863 eos
1662 827 1704 863 de
1725 827 1874 864 libertate
1907 827 2018 862 Eccle-

1074 881 1124 916 sioe
1146 879 1180 917 ὃς
1201 890 1281 924 pace
1301 878 1492 922 sollicitari,
1515 877 1553 914 ἀ
1574 889 1706 923 operam
1724 877 1803 914 dare
1822 878 1858 912 ὅ(
1879 876 2022 922 diligen-

1074 931 1153 967 tiam
1163 953 1176 970 ,
1201 927 1374 973 quomodo
1385 928 1611 966 reformaretur
1622 940 1687 973 pax
1707 927 1807 965 Clero
1819 952 1830 970 ,
1855 938 1926 963 non
1939 937 2023 971 quo-

1075 979 1178 1017 modo
1197 980 1229 1017 se
1247 979 1282 1016 δι
1304 980 1359 1013 sua
1379 977 1560 1022 sumptibus
1583 1003 1594 1020 ,
1621 978 1810 1019 laboribus,
1835 978 1869 1014 δε
1893 976 2016 1022 pericu-

1075 1031 1358 1076 lisexponerent,
1381 1029 1416 1063 ἀ
1436 1029 1559 1066 famam
1579 1029 1886 1074 suamdeturpantes
1912 1028 2020 1072 impo-

1075 1081 1192 1116 sterum
1213 1078 1389 1115 Ecclesiam
1410 1076 1604 1122 subjicerent
1625 1080 1769 1115 servituti
1789 1103 1798 1113 .
1827 1077 1913 1115 Rem
1938 1088 2021 1123 quo-

1075 1142 1138 1174 que
1156 1128 1364 1172 mirabilem,
1390 1128 1412 1163 fi
1425 1137 1533 1164 tamen
1546 1140 1618 1165 vera
1637 1129 1707 1171 est,
1732 1140 1869 1169 omnes,
1894 1128 1950 1169 qui
1966 1137 2020 1162 au-

1074 1180 1172 1214 diunt
1184 1204 1196 1220 ,
1223 1180 1340 1224 pariter
1358 1178 1579 1216 admirantur.
1605 1154 1710 1227 Qod
1729 1179 1854 1216 scilicet
1865 1177 2023 1213 Herefor·

1075 1229 1200 1268 denfis,
1225 1229 1275 1263 vir
1298 1230 1480 1270 litteratus,
1505 1229 1540 1263 δε
1563 1231 1681 1264 mundi
1706 1238 1919 1271 contemptor
1933 1225 2028 1260 habi-

1076 1290 1147 1318 tus,
1174 1278 1210 1310 in
1222 1276 1351 1313 Archi·
1363 1278 1566 1320 Episcopum
1590 1279 1683 1312 suum
1704 1278 1739 1313 δε
1760 1278 2024 1312 consecratorem

1075 1325 1243 1364 invehitur
1261 1352 1274 1368 ,
1307 1325 1423 1361 dicens
1443 1336 1520 1360 eum
1544 1326 1744 1360 turbatorem
1767 1337 1875 1362 rerum
1901 1349 1912 1365 ,
1947 1324 2027 1368 quia

1079 1378 1229 1413 Ecclesia:
1251 1376 1404 1412 vendicat
1424 1375 1624 1410 libertatem.
1654 1375 1782 1410 Nonne
1804 1376 1848 1410 fic
1874 1374 2029 1418 Praepofi·

1077 1429 1103 1464 ti
1123 1428 1289 1463 Filiorum
1310 1426 1405 1461 lsrael
1427 1427 1462 1460 in
1482 1425 1640 1468 Moysem
1663 1426 1696 1459 &
1722 1426 1855 1464 Aaron,
1891 1424 2027 1459 Divinae

1079 1479 1177 1523 Legis
1197 1486 1414 1516 executorem,
1441 1476 1571 1518 culpam
1594 1475 1809 1513 refunderunt
1823 1498 1835 1514 ,
1861 1476 1939 1518 quia
1959 1473 2023 1507 fla-

1077 1526 1282 1573 gellabantur
1306 1526 1350 1560 ab
1370 1524 1607 1565 exactoribus,
1634 1524 1760 1568 negatis
1791 1523 1893 1565 paleis
1913 1547 1924 1563 ,
1959 1533 2028 1566 quae

1079 1578 1282 1613 debebantur
1304 1576 1346 1610 de
1362 1575 1466 1619 Jure
1460 1573 1476 1596 ²
1502 1574 1628 1608 Nonne
1640 1573 1799 1608 ministris
1817 1572 1886 1607 Dei
1906 1573 2031 1615 impro-

1080 1627 1250 1672 perabatur
1279 1650 1292 1670 ,
1327 1624 1416 1670 quod
1448 1623 1687 1667 praepositorum
1733 1624 1871 1657 nomina
1914 1623 2030 1656 foetete

1081 1680 1222 1713 fecerant
1245 1687 1357 1716 coram
1379 1674 1495 1717 Rege,
1521 1674 1558 1707 δε
1581 1673 1676 1708 servis
1687 1672 1773 1706 suis?
1801 1672 1855 1704 llli
1877 1681 1990 1706 tamen
2016 1695 2030 1712 ,

1081 1728 1138 1761 etsi
1157 1724 1297 1770 queruli
1306 1725 1341 1758 δε
1360 1730 1614 1756 murmuratores
1636 1744 1649 1760 ,
1684 1730 1796 1754 tamen
1820 1720 1921 1754 secuti
1955 1721 2032 1754 sunt

1077 1775 1244 1816 Moysen·
1271 1773 1306 1808 δε
1325 1771 1457 1804 utinam
1479 1769 1516 1806 hi
1540 1793 1551 1809 ,
1576 1770 1634 1814 qui
1657 1767 1761 1804 modo
1792 1778 1977 1815 queruntur
1997 1769 2033 1804 δε

1081 1832 1306 1862 murmurant,
1332 1819 1475 1855 Domini
1502 1821 1676 1862 sequantur
1696 1820 1846 1865 Legem.
1878 1819 1983 1866 Quod
2003 1815 2029 1853 fi

1081 1874 1219 1909 fecerint
1240 1897 1252 1913 ,
1286 1871 1486 1906 convenient
1505 1868 1585 1904 hinc
1606 1869 1733 1913 Regem
1759 1893 1771 1909 ,
1808 1869 1885 1903 inde
1907 1868 2030 1904 Arche-

1085 1925 1309 1967 Episcopum,
1334 1921 1369 1955 &
1386 1931 1484 1963 quem
1517 1920 1551 1953 in
1584 1919 1680 1963 culpa
1724 1918 1894 1959 viderint,
1921 1919 2030 1962 palam

1083 1984 1243 2017 arguent,
1269 1972 1304 2005 &
1324 1970 1342 2004 ὲ
1358 1969 1488 2005 diverso
1509 1969 1662 2010 stabunt,
1690 1980 1749 2004 nec
1761 1969 1922 2004 consensu
1938 1992 1949 2009 ,
1973 1978 2031 2002 aut

1083 2021 1339 2057 dissimulatione
1371 2020 1485 2057 alienae
1511 2018 1696 2066 iniquitatis
1714 2044 1726 2063 ,
1763 2020 1933 2054 contrastu
1964 2018 2027 2054 im-

1083 2070 1252 2120 munditim
1272 2070 1484 2117 polluentur.

1185 2167 1597 2207 EPISTOLA
1696 2168 1951 2205 CLXVIII.

1126 2274 1276 2318 Joannes
1292 2268 1513 2312 saresber-tensis
1538 2268 1677 2315 Magistro
1700 2272 1834 2305 Girardo
1857 2270 1950 2305 Pucel
1961 2294 1968 2302 .

1184 2370 1296 2405 UOD
1321 2368 1492 2405 dilectioni
1524 2369 1630 2404 vestrae
1657 2370 1840 2415 respondeo
1874 2369 1996 2406 tardius
2019 2392 2031 2409 ,

1207 2422 1239 2454 δε
1263 2420 1363 2455 rarius
1385 2420 1509 2461 scribo,
1534 2420 1612 2455 cum
1631 2420 1696 2462 jam
1717 2422 1838 2454 litteras
1853 2421 1971 2454 vestras
1984 2420 2027 2453 se-

1212 2469 1322 2505 cundo
1341 2471 1517 2514 receperim
1530 2468 1548 2511 ‚'
1566 2470 1646 2505 facit
1666 2469 1934 2503 intermeantium
1956 2467 2034 2502 rari·

1087 2531 1155 2561 tas,
1180 2520 1331 2556 locorum
1352 2521 1505 2555 distantia
1528 2544 1540 2561 ,
1576 2520 1612 2553 &
1637 2519 1827 2553 transituum
1847 2518 2026 2552 difficultas

1089 2569 1284 2606 nostratibus
1306 2572 1498 2615 ignotorum
1522 2594 1530 2602 .
1568 2567 1632 2603 Sed
1654 2568 1696 2602 eo
1714 2568 1848 2613 quidem
1868 2568 1970 2602 fervet
1983 2568 2027 2602 af-

1087 2622 1204 2662 festio,
1233 2622 1345 2665 lingua
1357 2620 1423 2653 silet
1437 2617 1683 2663 impatientius,
1707 2629 1775 2662 quo
1787 2617 1939 2652 charitati
1963 2619 2029 2652 suc·

1085 2672 1184 2706 censae
1204 2682 1259 2715 per
1271 2670 1514 2704 exhibitionem
1528 2668 1759 2711 obsequiorum
1773 2668 1901 2712 prodire
1915 2678 1982 2701 non
1993 2667 2032 2700 li-

1087 2731 1137 2755 cet
1158 2722 1194 2756 in
1218 2720 1406 2764 publicum,
1428 2719 1461 2754 &
1482 2718 1682 2754 commercio
1692 2717 1782 2752 verbi
1807 2728 1963 2762 negatum
1981 2716 2029 2752 est

1087 2781 1217 2806 mutuas
1239 2771 1272 2804 in
1295 2769 1393 2806 corda
1415 2768 1523 2804 nostra
1542 2793 1553 2808 ,
1587 2778 1678 2802 more
1699 2768 1814 2803 amieis
1846 2769 1964 2803 usitato
1989 2768 2025 2802 &

1086 2821 1251 2863 jucundo,
1284 2819 1427 2862 trajicere
1449 2818 1625 2853 sententias
1652 2818 1860 2855 animorum.
1901 2819 1938 2851 ln
1961 2814 2027 2851 hoc

1087 2872 1196 2913 itaque
1215 2869 1303 2905 malo
1322 2869 1438 2914 aliquis
1471 2869 1546 2903 usus
1567 2867 1636 2907 est,
1661 2867 1742 2903 dum
1773 2880 1828 2914 per
1847 2867 2026 2903 absentiam

1086 2931 1262 2966 corporum
1290 2921 1395 2965 magis
1417 2919 1587 2955 invalescit
1608 2918 1778 2966 integritas
1800 2919 1988 2955 animorum
2016 2941 2028 2958 ‚

1084 2972 1119 3005 ὅτ
1142 2971 1261 3005 amoris
1282 2970 1488 3015 impatientia
1509 2978 1654 3005 mentem
1682 2968 1873 3006 exulcerans
1902 2967 2027 3003 doloris

1084 3021 1132 3056 sui
1154 3020 1328 3064 dispendio
1347 3021 1381 3056 δι
1397 3021 1455 3057 usu
1483 3019 1632 3054 exercitii
1656 3019 1703 3053 sui
1726 3020 1763 3053 in
1783 3018 1911 3054 virtutis
1931 3027 2026 3052 com-

1085 3069 1243 3115 pendium
1266 3070 1396 3115 proficit
1410 3094 1422 3112 ,
1447 3071 1482 3104 ὃς
1512 3081 1554 3104 ex
1572 3068 1780 3104 assuetudine
1799 3067 2026 3104 diffidentium

1084 3121 1125 3155 ad
1145 3119 1293 3156 laborum
1314 3121 1523 3156 tolerantiam
1547 3119 1737 3154 roboratur.
1765 3119 1886 3156 Malim
1899 3128 2021 3157 tamen,

1081 3171 1138 3206 etsi
1162 3171 1281 3215 profit,
1307 3169 1405 3214 hujus
1426 3169 1635 3214 impatientiae
1663 3169 1769 3205 abesse
1790 3170 1907 3208 usum,
1942 3167 2022 3200 dum

1081 3220 1272 3256 cohabitare
1294 3222 1468 3266 possimus,
1494 3220 1529 3256 ἀ
1542 3220 1662 3254 mutuis
1675 3219 1809 3254 recreari
1827 3216 2024 3258 colloquiis,

1082 3271 1227 3306 consiliis
1252 3271 1390 3311 instrui,
1428 3271 1463 3306 ὃς
1483 3270 1696 3307 auxiliaribus
1714 3270 1832 3304 officiis
1861 3266 1984 3301 muniri
2010 3288 2022 3305 ,

1080 3322 1115 3356 &
1139 3321 1258 3356 firmari
1276 3323 1311 3357 in
1338 3331 1474 3355 omnem
1495 3320 1606 3355 casum
1628 3345 1636 3353 .
1672 3318 1734 3354 Sed
1757 3315 2023 3362 quandoquidem

1082 3371 1287 3415 dispositioni
1311 3370 1443 3404 Divinae
1460 3370 1556 3404 aliter
1582 3370 1684 3405 visum
1700 3367 1769 3406 est,
1806 3375 1953 3410 prompta
1971 3364 2026 3399 de-

1089 3421 1223 3456 votione
1244 3421 1338 3465 ipsius
1360 3430 1528 3463 pareamus
1547 3419 1683 3456 arbitrio
1701 3440 1712 3457 ,
1737 3416 1852 3461 cujus,
1876 3416 1932 3450 etsi
1955 3416 2026 3459 pos·

1088 3471 1186 3508 fimus
1204 3472 1324 3509 evitare
1341 3470 1534 3507 sententiam
1555 3492 1567 3511 ,
1604 3477 1729 3506 mutare
1746 3465 2021 3551 confiliumnnon

1903 3528 1920 3552 v
1956 3525 1985 3551 e-
