2358 3776
277 81 318 126 s.
392 76 772 123 THOMAE
840 65 1767 133 CANTUIARIENSIS.

109 167 195 203 tium
214 164 271 200 ubi
282 162 413 197 extorsit
426 162 634 206 improbitas.
663 160 883 195 Confirmatus
894 157 938 191 est
952 158 982 192 ei
1001 157 1041 192 de

114 227 204 252 novo
214 214 369 259 primatus
383 237 393 253 ‚
419 214 452 247 ὃς
474 212 578 246 Archi
591 228 599 235 -
611 213 774 255 Episcopo
791 208 982 244 Eboracensi
996 209 1039 241 in·

109 266 252 311 junssum
268 287 279 303 ,
305 274 342 298 ut
352 274 428 297 eum
437 265 593 307 agnoscat
612 259 893 306 primatemxsuum
913 256 1038 292 exhibi-

112 312 429 352 tionebbedientiae.
456 313 546 347 Idem
557 311 599 346 est
614 313 756 355 Legatus
767 307 868 344 totius
880 307 1011 352 Angliae
1032 331 1042 346 ‚

111 374 248 407 excepto
270 365 466 408 Episcopatu
491 361 700 407 Eboracenfi,
732 360 790 401 qui
813 354 888 392 ideo
909 358 1040 391 interim

109 415 187 449 huic
208 415 319 447 nostras
348 412 559 457 jurisdit‘iion'i
583 410 797 449 subtrahitur,
826 409 902 452 quia
926 405 1040 441 Archi·

109 464 285 507 Episcopus
301 464 504 497 Ebot-atensis
515 463 656 506 Legatus
667 460 712 492 est
724 459 858 498 Soodae,
888 468 946 491 nec
959 458 1040 491 solet

107 512 249 548 Ecciefia
264 513 416 548 Romana
428 511 561 553 alicujus
582 509 756 544 Ecclesiam
781 509 919 552 Legati,
954 516 1038 541 tem-

108 575 185 607 pore
202 564 394 607 Legationis
409 562 562 601 indultae,
590 559 680 593 alteri
694 559 820 604 Legato
833 556 986 600 subjicere
995 569 1040 592 ra·

103 615 197 648 tione
211 613 418 658 Legationis.
445 611 507 645 Sed
521 622 580 644 nec
593 609 746 644 subtrahit
757 606 888 653 quidem
902 632 910 647 ,
939 608 958 640 si
972 607 1039 641 alio

102 665 169 707 jure
183 664 317 708 subi-:Cia
338 662 403 696 est.
430 661 552 708 Qiaetit
580 661 651 694 Rex
675 660 780 693 noster
796 682 806 698 ,
831 667 868 691 ut
892 655 1039 693 wilhel-

103 724 175 748 mus
192 713 350 757 Papienfis
365 735 375 750 ‚
398 712 430 745 &
442 712 523 744 alius
535 710 717 744 Cardinalis
729 708 900 742 mittantur
912 708 1039 753 Legati,

106 765 232 808 sperans
247 774 282 798 ut
292 763 417 797 causam·
431 761 514 795 hanc
536 759 575 794 ad
599 761 693 804 ipsius
713 759 875 793 diffiniant
896 759 1035 792 volunta·

106 823 190 849 tem.
216 813 286 855 Ipse
308 809 405 852 vero,
432 810 636 844 nevoluntas
647 810 700 843 sua
726 807 900 852 procedat,
926 807 1040 842 multis

105 863 278 905 &magnis
289 860 470 905 procuravit
482 858 648 903 injuriis&
668 858 808 902 rapinis.
837 858 942 893 Unde
958 856 1039 891 mihi

103 911 318 947 commodum
339 910 466 944 videtur
486 933 498 950 ,
524 918 559 943 ut
577 910 598 943 si
621 908 690 943 fieri
712 909 833 952 posset,
863 908 1041 943 Colonien-

105 960 399 1000 seminduceretis‚
426 959 648 1002 quatenussub
658 959 783 995 consilii
795 960 847 1002 spe
870 959 904 992 δε
923 958 1042 992 amoris

105 1008 232 1057 Regem
244 1010 394 1045 statueret
405 1019 517 1044 contra
528 1010 644 1043 faciem
659 1011 746 1043 suam
760 1033 771 1050 ,
796 1009 830 1042 ὅ(
850 1011 961 1043 caussae
981 1009 1041 1042 dif-

105 1063 265 1097 ficultates
275 1060 473 1095 ostenderet.
503 1059 582 1106 Qo
595 1059 784 1102 enimjure,
809 1071 871 1103 qua
895 1058 1042 1097 ratione,

103 1118 167 1157 'q'u'a
181 1112 268 1156 Lege
282 1111 331 1144 vel
357 1107 496 1144 Canone
508 1117 642 1154 cogetur
654 1109 894 1143 cantuariensis
904 1110 1043 1142 caussam

108 1162 235 1206 ingredi
250 1160 401 1204 spoliatus
415 1160 483 1203 post
500 1156 777 1202 appellationem?
804 1160 928 1193 Nonne
950 1158 979 1191 ei
991 1157 1041 1190 de-

109 1211 186 1246 bent
197 1212 288 1245 antea
302 1209 449 1243 universa
460 1209 602 1247 restitui,
625 1210 658 1242 <Sc
671 1220 733 1251 pax
750 1210 874 1252 integra
893 1207 1043 1240 reforma·

107 1264 160 1300 ri,
183 1260 363 1299 &caetera,
388 1268 458 1301 quae
469 1259 623 1292 Canones
636 1259 668 1290 in
679 1257 741 1291 hac
753 1267 840 1299 parte
853 1255 1042 1299 diligentius

104 1308 263 1352 explorari
301 1306 507 1351 praescribunt
526 1307 544 1338 ἕ
572 1307 702 1346 Utique
729 1306 894 1349 plusquam
929 1304 1043 1339 decern

107 1357 211 1394 millia
222 1359 401 1391 marcarum
413 1356 503 1390 eis&
519 1355 583 1389 suis
603 1355 710 1389 ablata
732 1356 804 1389 sunt
828 1354 934 1399 postea
949 1379 959 1395 ,
986 1365 1043 1387 nec

106 1409 188 1443 citra
202 1405 438 1441 restitutionem
457 1416 566 1439 earum
584 1404 655 1447 iure
675 1406 786 1450 aliquo
807 1406 883 1451 cogi
903 1405 1006 1448 potest
1034 1429 1044 1445 ,

105 1460 149 1493 ut'
166 1452 373 1500 respondeat,
409 1455 530 1490 etiamsi
551 1456 629 1495 quid
650 1465 849 1499 competeret
871 1454 922 1489 his
942 1481 953 1496 ‚
989 1454 1045 1496 qui

104 1518 182 1543 eum
204 1508 452 1551 persequuntur.
482 1505 627 1548 Campus
651 1503 705 1539 hic
716 1504 872 1539 orationis
884 1506 1044 1539 discretio-

106 1558 145 1593 ni
165 1557 274 1592 vestras
295 1556 390 1590 latius
413 1565 520 1599 patet,
547 1565 583 1588 ut
606 1556 625 1588 fi
650 1555 716 1589 fieri
741 1555 862 1599 potest,
889 1555 1045 1600 quoniam

105 1603 251 1643 rationes
269 1606 388 1640 melius
400 1605 500 1639 nostis
514 1628 524 1644 ‚
548 1604 578 1637 ei
599 1616 653 1647 per
663 1605 898 1639 Coloniensem
922 1606 1042 1649 persua·

104 1658 230 1696 denis,
259 1667 295 1690 ut
319 1654 444 1688 desistat
467 1653 508 1686 ab
530 1652 697 1695 iniuriis&
712 1656 853 1698 rapinis,
878 1656 911 1688 δε
943 1656 1047 1688 inten-

107 1707 210 1742 tionis
225 1706 284 1738 suae
297 1705 328 1737 in
342 1705 414 1738 usus
426 1703 676 1737 adversariorum
700 1716 765 1737 non
781 1705 975 1747 multiplicet
994 1714 1047 1736 ex-

108 1758 289 1800 ceptiones.
316 1755 399 1787 Hoc‘
416 1753 519 1795 ipsum
545 1764 645 1795 nuper
664 1755 825 1795 aggressus
846 1754 891 1785 est
919 1754 1045 1794 Episco-

108 1799 396 1851 pus'Cicestrensi‘s
427 1815 443 1841 ‚¹
475 1800 630 1833 intimans
654 1801 758 1845 Regi,
790 1799 879 1843 quod
902 1800 1045 1833 Cantua—

68 1860 70 1863 ⁴
107 1854 244 1892 riensem
265 1853 388 1895 iuvaret
401 1845 567 1894 plusquam
588 1848 706 1892 aliquis
730 1847 922 1882 hominum.
949 1849 1045 1895 Qiae-

106 1906 190 1941 renti
204 1903 338 1936 modum
352 1899 513 1944 respondit
535 1913 547 1932 .-
573 1899 647 1942 quia
661 1898 800 1933 caussam
812 1898 879 1943 ejus
891 1898 1007 1932 crebris
1035 1921 1046 1937 ,

109 1956 142 1989 δε
164 1953 281 1988 eisdem
302 1950 412 1986 multis
428 1951 462 1984 &
482 1949 609 1993 magnis
626 1949 805 1991 justificatis
827 1949 974 1992 injuriis,
1011 1947 1045 1980 δε

107 2003 264 2047 justitiam
277 2002 411 2036 vestram
424 2025 435 2042 ,
462 2001 482 2033 fi
496 2011 556 2044 qua
569 2001 695 2049 iuerat,
722 1999 916 2032 suffocastis.
951 1998 1046 2030 Datis

102 2055 139 2089 'ei
161 2055 257 2087 etiam
272 2051 446 2086 confilium
469 2050 503 2082 δε
525 2049 708 2087 auxilium,
736 2057 771 2081 ut
796 2048 964 2087 meliores,
992 2057 1045 2080 aut

107 2103 350 2139 rie-melioribus
361 2100 497 2135 Clericis
509 2122 518 2138 ‚
542 2110 623 2143 quos
638 2097 782 2131 habeatis
793 2099 825 2131 iu
838 2107 919 2131 terra
933 2097 1045 2137 vestra,

104 2157 190 2199 'qum
201 2153 323 2200 cogitis
341 2150 577 2188 eicoexulare,
604 2160 661 2182 nec
679 2148 863 2190 permittitis
887 2156 924 2180 ut
946 2157 1046 2180 rever-

102 2214 219 2238 tantur
234 2229 241 2237 .
268 2203 384 2236 Motus
411 2200 455 2233 est
480 2200 551 2232 Rex
574 2198 615 2232 ad
635 2197 713 2236 ista,
742 2199 773 2231 δε
795 2195 1045 2231 sollicitudinem

109 2254 250 2296 suspiriis
264 2252 456 2295 protestatus
466 2250 509 2283 est
525 2273 535 2289 ,
561 2248 614 2281 sed
626 2257 789 2292 conceptas
810 2246 1046 2291 indignationis

103 2302 319 2337 ‘vehementia
341 2311 410 2334 non
443 2297 600 2343 permisit,
628 2307 662 2331 ut
685 2298 823 2341 saperet.
861 2296 918 2331 Ad
941 2293 1007 2329 haec
1035 2320 1046 2336 ‚

109 2353 186 2397 quia
211 2352 337 2396 Regem
368 2350 567 2383 Francorum
589 2347 730 2381 amicum
758 2347 956 2390 quandoque
986 2344 1045 2379 ha·

111 2402 243 2441 buiriis,
268 2401 303 2434 ἀ
328 2399 457 2433 nescitis
478 2397 554 2439 quid
571 2398 670 2439 pariat
694 2404 826 2431 ventura
842 2396 911 2430 dies
931 2419 942 2436 ,
969 2407 1045 2429 con·

107 2451 265 2490 furerem,
291 2457 328 2482 ut
350 2457 424 2481 eum
448 2446 609 2490 aliquibus
623 2456 678 2480 aut
700 2446 889 2489 placaretis,
914 2447 934 2479 fi
952 2447 1043 2479 reces-

109 2503 143 2535 su
158 2501 262 2534 vestro
281 2497 421 2533 offensus
442 2498 485 2531 est
500 2521 511 2537 ‚
537 2507 593 2530 aut
616 2496 719 2541 magis
737 2497 908 2531 alliceretis
931 2507 1044 2530 munu-

109 2550 227 2588 seniis,
253 2550 273 2582 fi
288 2550 321 2581 in
334 2547 586 2581 veteriamicitia
599 2547 789 2589 perseverat.
819 2545 917 2579 Nihil
935 2556 1042 2579 autem

108 2600 177 2641 est,
204 2598 418 2641 undejpsum
441 2594 545 2635 adeo,
573 2597 605 2628 &
630 2607 733 2630 totam
758 2596 962 2630 Gallicanam
988 2597 1044 2629 Ec-

110 2651 257 2691 clefiam,
281 2648 386 2681 immo
409 2648 441 2680 ἃ·
458 2647 644 2678 Romanam
657 2669 667 2685 ,
695 2645 787 2679 vobis
798 2645 971 2679 conciliare
989 2657 1040 2689 po·

109 2700 217 2740 testis,
241 2709 339 2743 quam
358 2698 380 2730 si
406 2696 570 2731 audierint
592 2706 670 2735 vos,
695 2694 784 2737 quod
808 2693 1042 2738 Philosophum

111 2751 206 2785 decet
228 2774 238 2789 ,
273 2746 376 2783 immo
400 2746 623 2781 Christianum
650 2745 683 2777 in
716 2755 854 2787 utroque
875 2745 944 2787 iure
965 2746 1043 2787 peri·

109 2808 204 2839 tum,
232 2794 377 2838 veritati,
405 2794 494 2842 quod
516 2789 661 2834 debetis,
688 2794 910 2847 testimonium
938 2795 1040 2829 redde-

113 2861 168 2889 re,
193 2849 225 2883 ὅ(
245 2840 405 2883 honestati
429 2857 496 2880 non
518 2856 594 2889 opes
616 2843 730 2885 Cast,
758 2854 816 2878 nec
827 2843 949 2885 aliquas
972 2856 1044 2888 prae-

112 2898 189 2932 ferre
205 2898 355 2933 delicias.
385 2898 416 2931 Si
445 2896 532 2930 enim
556 2893 714 2933 Ethicus‚
742 2895 774 2928 ὅ(
798 2891 957 2928 Ethnicus
981 2896 1042 2928 lau·

111 2947 259 2983 dabiliter
290 2947 331 2981 ad
366 2948 540 2981 litterarum
571 2944 882 2978 commendationen
914 2945 998 2978 dixit
1035 2970 1041 2977 .

113 3000 199 3042 ,Quia
226 3003 309 3029 vans
332 3008 446 3029 avarus
468 2996 553 3028 baud
573 2995 681 3028 temere=
702 2994 739 3034 est
757 2999 891 3027 animus.
919 2994 1042 3028 Nonne

112 3046 352 3088 Philosophum
384 3047 558 3080 Ductorem
591 3043 770 3078 honestatis
803 3067 816 3083 ,
858 3043 1040 3078 Praeconem

112 3096 289 3140 Evangelii
313 3094 444 3139 pudebit
455 3119 467 3136 ,
491 3097 511 3128 si
523 3098 539 3129 a
553 3095 717 3129 mundana
730 3094 923 3138 supellectile
936 3096 1040 3138 oppri-

113 3157 219 3181 matur
242 3171 252 3186 ‚
289 3154 387 3187 quam
411 3144 552 3179 Gentilis
575 3144 674 3178 Poeta
697 3146 908 3187 contempsit?
943 3147 1041 3187 Spero

113 3206 222 3230 autem
241 3196 274 3229 in
299 3193 447 3229 Domino
472 3217 482 3233 ,
508 3193 597 3237 quod
621 3195 793 3229 devotioni
816 3196 922 3228 vessrae
952 3194 1041 3228 dabit

112 3246 414 3289 opportunitatem,
440 3253 474 3276 ut
497 3244 546 3277 vel
559 3244 592 3277 in
614 3244 779 3284 consiliis,
806 3246 856 3278 vel
879 3245 912 3278 in
936 3245 1038 3288 inqui‘

113 3294 283 3329 (itionibus
301 3318 310 3333 ,
335 3294 463 3326 velalio
477 3293 596 3333 modo,
622 3304 717 3337 prout
740 3295 893 3339 expedire
915 3295 1005 3328 novit
1030 3319 1039 3334 ,

114 3345 236 3389 possitis
248 3343 544 3379 cumindemnitate
566 3343 685 3384 vestra,
711 3344 743 3379 in
765 3345 896 3380 auribus
919 3345 1040 3378 Princi-

108 3404 188 3441 pum
202 3419 213 3433 ,
239 3394 279 3427 ad
295 3392 426 3427 vestram
441 3393 473 3426 δι
490 3392 622 3426 illorum
646 3394 778 3430 salutem
792 3420 804 3438 ‚
827 3406 887 3440 pro
911 3396 1042 3430 veritate

199 3442 501 3486 chrffl.1.1‹piopera
512 3445 588 3476 Tom.
607 3444 647 3475 X.

1875 96 1967 140 16‘9

1102 159 1202 194 facere
1224 153 1380 197 verbum,
1416 158 1449 192 δε
1473 160 1607 201 Spiritus
1628 164 1731 199 Patris
1753 165 1846 202 vestri
1869 178 2043 211 promove-

1103 210 1151 244 bit
1164 207 1246 243 iliud
1265 231 1272 240 .
1299 207 1373 241 Nec
1396 209 1534 243 retardet
1554 220 1613 243 vos
1626 234 1635 249 ‚
1661 213 1683 244 fi
1699 215 1732 247 in
1753 217 1890 252 Ecclesia
1916 219 2039 254 Roma.

1090 271 1144 293 vna
1167 257 1282 292 videtis
1302 257 1424 301 aliquid
1445 257 1695 302 reprehensibile
1716 286 1726 301 ,
1763 268 1817 307 qui
1844 269 2038 304 meministis

1103 311 1135 343 in
1150 307 1332 352 Evangelio
1345 308 1533 342 mandatum
1555 309 1618 343 effe
1630 309 1780 343 fidelibus
1794 337 1804 351 ,
1832 328 1865 349 nt
1886 329 1953 351 non
1965 318 2038 354 imi.

1102 369 1210 393 tentur
1237 369 1334 401 opera
1365 358 1546 392 sedentium
1572 360 1606 394 in
1642 358 1803 395 cathedra
1824 363 1953 408 Moysi,
1981 369 2036 403 sed

1100 409 1280 443 doctrinam
1303 419 1419 443 eorum
1438 408 1588 451 operibus
1621 409 1775 452 impleant
1797 435 1805 442 .
1840 411 1974 457 Valete,
2003 420 2038 453 δε

1102 458 1165 492 mei
1178 460 1297 501 semper
1321 460 1476 493 memoris
1485 459 1579 493 vestri
1592 483 1604 500 ,
1628 470 1726 504 quam
1737 460 1881 496 amicum
1901 461 1991 498 decet

1101 507 1247 543 habeatis
1263 509 1454 543 memoriam
1465 532 1473 541 .

2027 491 2039 506 ³

1226 657 1632 695 EPISTOLA
1732 661 1931 698 CLXIX.

1167 761 1312 804 Joannes
1338 756 1558 800 Saresberienlt‘s
1583 757 1732 794 aichardo
1758 761 1943 804 Pidavienfi

1432 808 1519 843 Archi
1527 827 1537 835 —
1551 813 1694 844 Dracone.

1105 956 1280 1043 PUER
1307 969 1400 993 meus
1418 958 1436 994 a
1458 961 1549 996 vobis
1577 961 1724 1002 rediens,
1754 960 1842 997 unde
1871 962 2042 999 Sanstitati

1200 1009 1307 1043 vestrae
1320 1009 1505 1045 innumeras
1525 1013 1644 1056 gratias
1664 1023 1728 1056 ago
1741 1036 1752 1053 ‚
1778 1013 1899 1047 litteras
1913 1014 2038 1055 retulit,

1105 1060 1206 1093 multa
1227 1059 1306 1093 fidei
1326 1060 1359 1094 ὅ(
1382 1058 1550 1095 charitatis
1572 1062 1693 1096 indicia
1713 1064 1912 1106 praeferentes
1934 1088 1945 1097 .
1989 1065 2044 1098 Eo

1103 1109 1193 1143 enim
1221 1109 1344 1153 Spiritu
1375 1110 1526 1145 videntur
1549 1114 1611 1146 esse
1629 1124 1793 1156 conceptae
1814 1138 1824 1154 ,
1862 1124 1897 1147 ut
1919 1114 2044 1158 singula

1104 1159 1199 1192 -verba
1215 1183 1225 1198 ,
1251 1160 1285 1193 ὅ(
1307 1159 1372 1194 fere
1392 1160 1510 1204 singuli
1533 1163 1636 1205 apices
1659 1163 1754 1207 signis
1767 1162 1916 1197 fidelibus
1938 1174 2044 1206 prote-

1105 1208 1248 1248 stentur,
1274 1210 1304 1242 se
1326 1210 1366 1242 ad
1394 1212 1537 1245 amicum
1562 1213 1602 1245 de
1625 1213 1836 1246 finceriffimae
1860 1213 2046 1247 dilectionis

1104 1258 1199 1299 adipe
1212 1258 1399 1300 processisse.
1429 1261 1492 1293 Sed
1503 1261 1580 1301 quia
1594 1261 1724 1301 inillis,
1751 1262 1831 1295 ficut
1846 1261 1878 1294 in
1901 1261 2045 1296 Domini

1105 1307 1168 1340 mei
1185 1307 1334 1350 Episcopi
1347 1307 1486 1349 scripto,
1514 1309 1606 1350 plura
1625 1309 1878 1343 continebantur
1890 1311 2046 1354 Capitula

1107 1357 1332 1401 negotiorum,
1363 1367 1434 1399 quae
1445 1357 1699 1392 sollicitudinem
1709 1360 1849 1393 amantis
1862 1370 1980 1404 augere
1992 1371 2048 1404 po-

1107 1417 1233 1446 terant,
1271 1406 1386 1450 utpote
1403 1406 1491 1450 quod
1510 1407 1604 1450 plena
1632 1410 1889 1444 convalescentia
1912 1411 2008 1453 ipsius
2035 1435 2048 1451 ,

1110 1468 1179 1500 qua·
1190 1455 1338 1490 nondum
1351 1467 1416 1489 erat
1427 1481 1438 1497 ,
1459 1458 1644 1500 sperabatur
1661 1483 1668 1489 .
1698 1459 1742 1492 Et
1754 1460 1842 1502 quod
1855 1461 1896 1493 de
1909 1471 1986 1503 pace
1998 1461 2045 1493 in-

1108 1507 1266 1550 teripsum
1279 1508 1312 1539 dt
1332 1506 1460 1550 Regem
1474 1507 1681 1541 reformanda
1701 1519 1898 1543 convenerat
1913 1531 1923 1547 ,
1947 1510 1981 1543 &
2005 1511 2047 1544 de

1110 1568 1161 1589 me
1172 1556 1419 1589 reconciliando
1428 1558 1553 1590 mentio
1566 1556 1675 1590 habita
1689 1556 1754 1598 est,
1781 1559 1815 1592 ὅ(
1827 1558 1860 1591 in
1875 1557 1962 1593 laune
1977 1570 2048 1593 mo-

1110 1607 1188 1638 durn
1210 1606 1318 1648 plura,
1346 1604 1378 1637 in
1403 1605 1521 1647 quibus
1545 1609 1653 1640 arnico
1673 1606 1806 1651 geffistis
1829 1618 1952 1642 morem
1967 1632 1978 1649 ,
2004 1610 2048 1643 la-

1111 1666 1213 1689 torem
1228 1654 1427 1697 praescntium
1441 1655 1480 1688 ad
1493 1666 1553 1688 vos
1564 1658 1662 1699 usque
1678 1657 1835 1690 transmisi
1849 1682 1860 1697 ‚
1888 1666 1923 1691 ut
1935 1669 1976 1692 eo
1998 1659 2048 1693 in·

1110 1715 1287 1738 termeante
1307 1715 1359 1736 me
1370 1704 1411 1737 de
1422 1704 1576 1745 praedictis
1595 1706 1627 1736 ὅ(
1648 1705 1770 1738 caeteris
1792 1730 1803 1745 ‚
1839 1717 1910 1749 quae
1931 1707 2050 1743 statum

1110 1754 1251 1786 vestrum·
1273 1753 1474 1795 contingunt
1498 1762 1553 1784 aut
1577 1752 1768 1794 publicum,
1795 1765 1849 1797 per
1870 1755 1990 1790 litteras
2001 1768 2051 1791 ve-

1109 1800 1202 1840 stras,
1232 1800 1391 1843 fiplacet,
1419 1798 1556 1834 reddatis
1579 1804 1749 1837 certiorem
1770 1828 1775 1835 .
1806 1803 2049 1850 obtemperans

1108 1861 1216 1884 autem
1241 1849 1346 1884 vestro
1369 1851 1507 1884 consilio
1519 1849 1559 1884 de
1580 1851 1737 1886 industria
1759 1854 1854 1887 talem
1870 1857 1960 1896 misi,
1987 1858 2046 1901 qui

1110 1901 1191 1934 nulli
1204 1902 1238 1934 fit
1251 1899 1335 1943 apud
1349 1912 1407 1933 vos
1422 1911 1476 1933 aut
1490 1902 1598 1943 paucis
1611 1912 1725 1940 notus,
1739 1903 1772 1936 ὅ(
1785 1903 1865 1937 mihi
1879 1906 1914 1939 δε
1925 1907 2004 1940 meis
2017 1907 2052 1941 in

1108 1951 1262 1984 omnibus
1276 1949 1615 1984 fidelisinventusest.
1644 1952 1885 1995 lnjunstumest
1909 1955 1984 1995 illi,
2013 1965 2052 1990 ut

1109 1999 1193 2042 apud
1206 2002 1394 2033 Dominum
1422 2000 1617 2043 Episcopum
1641 2011 1730 2046 gerat
1753 2005 1926 2047 negotium
1950 2007 2052 2050 magi-

1109 2049 1163 2082 stri
1185 2050 1333 2083 Gualteri
1357 2048 1478 2083 Clerici
1501 2051 1638 2084 Domini
1662 2052 1828 2086 Remenfis
1843 2065 1899 2095 pro
1922 2066 2052 2098 recupe-

1108 2099 1217 2133 randis
1229 2097 1316 2132 libris
1333 2122 1343 2139 ,
1371 2110 1453 2140 quos
1467 2099 1553 2134 idem
1567 2101 1598 2133 G
1611 2124 1721 2135 ......
1748 2103 1908 2147 magistro
1921 2103 2004 2137 P...
2021 2130 2027 2137 .
2044 2129 2052 2137 .

1110 2149 1216 2182 Heliae
1235 2149 1541 2190 commendaverat,
1563 2151 1604 2184 de
1626 2152 1744 2195 quibus
1767 2152 1935 2187 vobiscum
1961 2154 2052 2190 loeu-

1108 2207 1159 2231 tus
1171 2201 1239 2232 sum
1251 2197 1333 2240 apud
1349 2199 1583 2243 Andegavum‚
1611 2202 1645 2235 &
1668 2202 1975 2238 Commonitorium
1997 2205 2051 2239 de·

1108 2249 1140 2281 di
1155 2273 1161 2280 .
1190 2249 1296 2291 Ipsum
1309 2247 1419 2290 itaque
1432 2250 1585 2292 tanquam
1599 2262 1733 2294 puerum
1745 2252 1786 2287 de
1796 2253 1898 2288 domo
1909 2255 2053 2290 Remen-

1107 2298 1143 2332 fis
1157 2296 1259 2331 Archi
1271 2316 1278 2321 -
1295 2295 1446 2339 Episcopi
1460 2300 1590 2332 tractare
1605 2302 1749 2342 poteritis
1760 2325 1771 2341 ,
1797 2313 1832 2337 ut
1844 2314 1969 2348 tempus
1994 2316 2048 2340 ex·

1109 2349 1239 2392 poscet,
1266 2347 1319 2380 sed
1342 2357 1377 2381 ut
1398 2347 1465 2381 citd
1486 2349 1665 2384 remittatur
1687 2375 1699 2392 ,
1733 2354 1900 2388 continuae
1929 2355 2050 2390 sollici-

1109 2398 1234 2431 tudinis
1261 2396 1410 2431 stimulus
1441 2398 1554 2432 animae
1588 2411 1666 2434 meae
1697 2403 1839 2444 quietem
1868 2405 2008 2449 denegat
2035 2429 2048 2446 ,

1108 2448 1215 2481 donec
1234 2446 1358 2491 aliquid
1381 2447 1497 2482 certius
1517 2449 1559 2483 de
1582 2450 1743 2493 praemiffis
1775 2453 1950 2495 agnoscam
1970 2478 1978 2486 .
2007 2455 2043 2488 Si

1108 2497 1186 2531 vero
1206 2521 1218 2537 ‚
1243 2497 1331 2540 quod
1353 2497 1529 2542 plurimum
1549 2498 1696 2534 desidero
1718 2500 1758 2534 ad
1787 2499 1949 2536 honorem
1975 2503 2043 2537 Dei

1107 2548 1141 2581 δε
1167 2546 1335 2588 Ecclefiae,
1363 2559 1428 2592 pax
1452 2548 1603 2580 Domino
1622 2548 1787 2592 Episcopo
1807 2552 1981 2586 reformata
1993 2553 2041 2587 est

1105 2597 1139 2631 &
1159 2598 1321 2640 completa
1342 2621 1352 2637 ,
1380 2608 1451 2640 quae
1476 2596 1678 2639 sperabantur
1690 2594 1878 2642 implenda,
1905 2602 2044 2646 qualiter

1107 2649 1140 2681 in
1165 2648 1320 2682 electione
1342 2647 1519 2689 juratorum
1542 2648 1722 2689 processum
1747 2649 1783 2682 fit
1805 2673 1815 2691 ,
1854 2651 1889 2685 δι
1910 2651 1944 2684 in
1966 2652 2043 2696 qui-

1106 2695 1164 2731 bus
1184 2696 1302 2731 finibus
1324 2698 1428 2729 cauffa
1446 2695 1589 2737 steterit,
1617 2697 1700 2732 mihi
1722 2698 1915 2743 diligentius
1936 2713 2045 2737 recur-

1105 2747 1249 2781 rentibus
1286 2745 1398 2779 litteris
1431 2745 1541 2780 vestris
1571 2746 1695 2790 placeat
1717 2749 1910 2794 significare.
1948 2751 2040 2786 Nam

1105 2796 1184 2839 quid
1212 2797 1376 2830 timuerim
1396 2820 1409 2837 ‚
1446 2796 1551 2830 immo
1571 2798 1651 2840 quid
1674 2799 1807 2832 timeam
1831 2800 1862 2833 in
1884 2801 2040 2837 omnibus

1104 2847 1246 2882 articulis
1267 2844 1383 2879 oblatae
1403 2845 1606 2880 conditionis
1634 2872 1645 2887 ‚
1686 2850 1886 2892 perspicuum
1919 2850 1965 2884 est
1995 2863 2039 2886 ex

1105 2897 1239 2936 litteris,
1266 2907 1343 2938 quas
1362 2895 1512 2930 Domino
1540 2897 1701 2941 Episcopo
1729 2899 1798 2932 misi
1821 2925 1828 2932 .
1857 2889 2036 2937 Neminem

1103 2956 1212 2980 tamen
1224 2945 1360 2980 arbitror
1381 2946 1555 2989 sapientem
1570 2972 1580 2988 ‚
1608 2948 1664 2992 qui
1685 2946 1860 2986 dissuadeat
1882 2962 1994 2994 pacem
2025 2976 2038 2992 ,

1103 3007 1174 3039 quae
1194 2996 1261 3030 fieri
1283 2996 1386 3038 potest
1405 2997 1441 3031 in
1476 2996 1626 3030 Domino
1647 3023 1657 3039 ,
1694 2999 1729 3032 δε
1747 3010 1822 3033 ante
1853 2999 2035 3036 humanum

1106 3046 1192 3079 diem
1223 3043 1382 3079 honestati
1416 3057 1483 3080 non
1517 3047 1653 3092 derogat
1674 3072 1681 3079 .
1718 3049 1791 3083 Fiat
1811 3051 1936 3084 utinam
1969 3062 2033 3093 pax

1103 3106 1178 3129 cum
1201 3096 1302 3130 salute
1332 3097 1540 3130 conscientiae
1560 3123 1569 3139 ,
1609 3098 1849 3143 &integritate
1877 3101 1968 3135 famae
1997 3100 2032 3134 in

1103 3144 1216 3179 diebus
1240 3145 1372 3186 nosiris,
1401 3147 1452 3182 sed
1475 3157 1544 3189 quae
1570 3158 1628 3180 nec
1645 3147 1842 3183 simulatoria
1865 3150 1902 3184 sit
1923 3175 1934 3190 ,
1970 3159 2032 3182 nec

1101 3205 1329 3229 momentanea
1353 3220 1360 3228 .
1397 3197 1529 3230 Horum
1560 3207 1667 3230 tamen
1705 3209 1854 3233 neutrum
1879 3201 1913 3232 in
1936 3198 2030 3232 nobis

1099 3245 1162 3278 est.
1193 3245 1278 3279 Nam
1301 3245 1439 3278 alterum
1461 3245 1500 3278 ab
1525 3246 1727 3288 adversario,
1754 3249 1888 3282 alterurn
1909 3247 1927 3279 a
1951 3247 2027 3279 Deo

1103 3294 1235 3338 pendet.
1264 3294 1446 3341 Qomodo
1467 3305 1575 3330 autem
1600 3297 1655 3331 ille
1668 3321 1678 3336 ‚
1704 3308 1776 3332 cum
1788 3308 1855 3342 quo
1869 3295 1962 3330 vobis
1976 3307 2030 3330 ne·

1101 3346 1228 3389 gotium
1240 3347 1363 3389 geritur
1373 3367 1384 3384 ,
1411 3344 1533 3386 amicos
1543 3345 1576 3378 <Sc
1588 3346 1815 3380 contrahentes
1827 3347 1933 3378 secum
1955 3345 2026 3379 bea-

1102 3405 1133 3428 re
1143 3394 1364 3435 consueverit,
1389 3403 1429 3428 ex
1440 3404 1507 3437 quo
1519 3396 1547 3430 ei
1571 3396 1604 3428 in
1624 3395 1778 3476 οτὲηἰδυς
1798 3394 2024 3430 voluntatibus

1879 3445 1944 3479 suis
1970 3467 1984 3485 ,
