<?xml version="1.0" encoding="UTF-8"?>
<!DOCTYPE html PUBLIC "-//W3C//DTD XHTML 1.0 Transitional//EN"
    "http://www.w3.org/TR/xhtml1/DTD/xhtml1-transitional.dtd">
<html xmlns="http://www.w3.org/1999/xhtml" xml:lang="en" lang="en">
 <head>
  <title>
</title>
<meta http-equiv="Content-Type" content="text/html;charset=utf-8" />
  <meta name='ocr-system' content='tesseract 3.04.00' />
  <meta name='ocr-capabilities' content='ocr_page ocr_carea ocr_par ocr_line ocrx_word'/>
</head>
<body>
  <div class='ocr_page' id='page_1' title='image "./operaomniastudio10lupuuoft_0132.png"; bbox 0 0 2358 3776; ppageno 0'>
   <div class='ocr_carea' id='block_1_1' title="bbox 389 147 487 180">
    <p class='ocr_par' dir='ltr' id='par_1_1' title="bbox 389 147 487 180">
     <span class='ocr_line' id='line_1_1' title="bbox 389 147 487 180; baseline -0.02 0"><span class='ocrx_word' id='word_1_1' title='bbox 389 147 487 180; x_wconf 73' lang='lat'>110‘</span> 
     </span>
    </p>
   </div>
   <div class='ocr_carea' id='block_1_2' title="bbox 313 263 1258 310">
    <p class='ocr_par' dir='ltr' id='par_1_2' title="bbox 313 263 1258 310">
     <span class='ocr_line' id='line_1_2' title="bbox 313 263 1258 310; baseline 0.003 -10"><span class='ocrx_word' id='word_1_2' title='bbox 313 267 429 310; x_wconf 81' lang='lat' dir='ltr'>tipsam</span> <span class='ocrx_word' id='word_1_3' title='bbox 458 263 664 305; x_wconf 71' lang='lat' dir='ltr'>vehementia</span> <span class='ocrx_word' id='word_1_4' title='bbox 698 267 811 306; x_wconf 82' lang='lat' dir='ltr'>collisa</span> <span class='ocrx_word' id='word_1_5' title='bbox 847 269 1005 306; x_wconf 79' lang='lat' dir='ltr'>recideret</span> <span class='ocrx_word' id='word_1_6' title='bbox 1032 294 1045 310; x_wconf 91' lang='lat'>‚</span> <span class='ocrx_word' id='word_1_7' title='bbox 1067 271 1102 306; x_wconf 76' lang='grc' dir='ltr'>δε</span> <span class='ocrx_word' id='word_1_8' title='bbox 1141 279 1258 305; x_wconf 88' lang='lat' dir='ltr'>conee-</span> 
     </span>
    </p>
   </div>
   <div class='ocr_carea' id='block_1_3' title="bbox 1023 124 1572 183">
    <p class='ocr_par' dir='ltr' id='par_1_3' title="bbox 1023 124 1572 183">
     <span class='ocr_line' id='line_1_3' title="bbox 1023 124 1572 183; baseline 0.004 -2"><span class='ocrx_word' id='word_1_9' title='bbox 1023 124 1572 183; x_wconf 77' lang='lat' dir='ltr'><strong>EPISTO‘LAE</strong></span> 
     </span>
    </p>
   </div>
   <div class='ocr_carea' id='block_1_4' title="bbox 315 211 1839 265">
    <p class='ocr_par' dir='ltr' id='par_1_4' title="bbox 315 211 1839 265">
     <span class='ocr_line' id='line_1_4' title="bbox 315 211 1839 265; baseline -0.001 -12"><span class='ocrx_word' id='word_1_10' title='bbox 315 214 476 253; x_wconf 79' lang='lat' dir='ltr'>quoslibet</span> <span class='ocrx_word' id='word_1_11' title='bbox 489 211 650 259; x_wconf 81' lang='lat' dir='ltr'>patienter</span> <span class='ocrx_word' id='word_1_12' title='bbox 667 214 894 260; x_wconf 74' lang='lat' dir='ltr'>eirperirentur</span> <span class='ocrx_word' id='word_1_13' title='bbox 920 228 1085 260; x_wconf 78' lang='lat' dir='ltr'>eventus,</span> <span class='ocrx_word' id='word_1_14' title='bbox 1111 218 1145 256; x_wconf 87' lang='lat' dir='ltr'>in</span> <span class='ocrx_word' id='word_1_15' title='bbox 1160 219 1258 255; x_wconf 69' lang='lat' dir='ltr'>seme-</span> <span class='ocrx_word' id='word_1_16' title='bbox 1299 212 1529 265; x_wconf 52' lang='lat' dir='ltr'>}obsequitur,</span> <span class='ocrx_word' id='word_1_17' title='bbox 1554 217 1839 261; x_wconf 81' lang='lat' dir='ltr'>ducatinjuriam.</span> 
     </span>
    </p>
   </div>
   <div class='ocr_carea' id='block_1_5' title="bbox 1320 213 2278 319">
    <p class='ocr_par' dir='ltr' id='par_1_5' title="bbox 1320 213 2278 319">
     <span class='ocr_line' id='line_1_5' title="bbox 1868 213 2278 267; baseline 0.002 -9"><span class='ocrx_word' id='word_1_18' title='bbox 1868 213 2116 267; x_wconf 64' lang='lat' dir='ltr'>Quemquam&amp;</span> <span class='ocrx_word' id='word_1_19' title='bbox 2142 224 2278 259; x_wconf 72' lang='lat' dir='ltr'>morieri’</span> 
     </span>
     <span class='ocr_line' id='line_1_6' title="bbox 1320 268 2267 319; baseline -0.003 -13"><span class='ocrx_word' id='word_1_20' title='bbox 1320 268 1468 313; x_wconf 81' lang='lat' dir='ltr'>facilius,</span> <span class='ocrx_word' id='word_1_21' title='bbox 1495 269 1590 306; x_wconf 73' lang='lat' dir='ltr'>tanto</span> <span class='ocrx_word' id='word_1_22' title='bbox 1601 268 1818 305; x_wconf 84' lang='lat' dir='ltr'>fitdifficilius</span> <span class='ocrx_word' id='word_1_23' title='bbox 1839 269 1983 317; x_wconf 83' lang='lat' dir='ltr'>mitigari</span> <span class='ocrx_word' id='word_1_24' title='bbox 2004 296 2012 303; x_wconf 91' lang='lat'>.</span> <span class='ocrx_word' id='word_1_25' title='bbox 2043 273 2143 318; x_wconf 79' lang='lat' dir='ltr'>Apud</span> <span class='ocrx_word' id='word_1_26' title='bbox 2169 280 2267 319; x_wconf 78' lang='lat' dir='ltr'>quem</span> 
     </span>
    </p>
   </div>
   <div class='ocr_carea' id='block_1_6' title="bbox 311 306 2268 376">
    <p class='ocr_par' dir='ltr' id='par_1_6' title="bbox 311 306 2268 376">
     <span class='ocr_line' id='line_1_7' title="bbox 311 306 2268 376; baseline 0.005 -26"><span class='ocrx_word' id='word_1_27' title='bbox 311 328 386 362; x_wconf 83' lang='lat' dir='ltr'>ptos</span> <span class='ocrx_word' id='word_1_28' title='bbox 407 317 596 356; x_wconf 73' lang='lat' dir='ltr'>immanitas</span> <span class='ocrx_word' id='word_1_29' title='bbox 627 318 790 362; x_wconf 80' lang='lat' dir='ltr'>desperata</span> <span class='ocrx_word' id='word_1_30' title='bbox 820 318 973 358; x_wconf 69' lang='lat' dir='ltr'>fraenaret</span> <span class='ocrx_word' id='word_1_31' title='bbox 999 320 1131 355; x_wconf 66' lang='lat' dir='ltr'>affectus</span> <span class='ocrx_word' id='word_1_32' title='bbox 1148 345 1158 356; x_wconf 76' lang='lat'><em>‚</em></span> <span class='ocrx_word' id='word_1_33' title='bbox 1195 318 1256 353; x_wconf 87' lang='lat' dir='ltr'>Sed</span> <span class='ocrx_word' id='word_1_34' title='bbox 1308 306 1537 376; x_wconf 66' lang='lat' dir='ltr'>{temeritatem</span> <span class='ocrx_word' id='word_1_35' title='bbox 1561 332 1629 358; x_wconf 86' lang='lat' dir='ltr'>non</span> <span class='ocrx_word' id='word_1_36' title='bbox 1650 320 1742 357; x_wconf 81' lang='lat' dir='ltr'>fovet</span> <span class='ocrx_word' id='word_1_37' title='bbox 1763 319 1943 364; x_wconf 87' lang='lat' dir='ltr'>impunitas</span> <span class='ocrx_word' id='word_1_38' title='bbox 1968 344 1980 361; x_wconf 90' lang='lat'>,</span> <span class='ocrx_word' id='word_1_39' title='bbox 2021 322 2268 360; x_wconf 82' lang='lat' dir='ltr'>sed&#39;indilatam</span> 
     </span>
    </p>
   </div>
   <div class='ocr_carea' id='block_1_7' title="bbox 256 367 1262 3516">
    <p class='ocr_par' dir='ltr' id='par_1_7' title="bbox 297 367 1260 966">
     <span class='ocr_line' id='line_1_8' title="bbox 311 367 1255 413; baseline 0.005 -13"><span class='ocrx_word' id='word_1_40' title='bbox 311 367 369 401; x_wconf 87' lang='lat' dir='ltr'>ubi</span> <span class='ocrx_word' id='word_1_41' title='bbox 383 369 578 413; x_wconf 60' lang='lat' dir='ltr'>pertractatis</span> <span class='ocrx_word' id='word_1_42' title='bbox 590 368 708 404; x_wconf 82' lang='lat' dir='ltr'>animis</span> <span class='ocrx_word' id='word_1_43' title='bbox 719 368 922 413; x_wconf 73' lang='lat' dir='ltr'>singulorum</span> <span class='ocrx_word' id='word_1_44' title='bbox 933 394 944 410; x_wconf 92' lang='lat'>,</span> <span class='ocrx_word' id='word_1_45' title='bbox 970 371 1142 407; x_wconf 76' lang='lat' dir='ltr'>communi</span> <span class='ocrx_word' id='word_1_46' title='bbox 1154 369 1255 406; x_wconf 76' lang='lat' dir='ltr'>causae</span> 
     </span>
     <span class='ocr_line' id='line_1_9' title="bbox 311 417 1259 463; baseline 0.004 -11"><span class='ocrx_word' id='word_1_47' title='bbox 311 418 634 462; x_wconf 64' lang='lat' dir='ltr'>prima-pmaluit,</span> <span class='ocrx_word' id='word_1_48' title='bbox 659 418 843 462; x_wconf 81' lang='lat' dir='ltr'>desperatio</span> <span class='ocrx_word' id='word_1_49' title='bbox 867 417 1031 463; x_wconf 74' lang='lat' dir='ltr'>resumpsit</span> <span class='ocrx_word' id='word_1_50' title='bbox 1053 420 1221 456; x_wconf 75' lang='lat' dir='ltr'>audaciam</span> <span class='ocrx_word' id='word_1_51' title='bbox 1249 442 1259 459; x_wconf 88' lang='lat'>‚</span> 
     </span>
     <span class='ocr_line' id='line_1_10' title="bbox 312 467 1259 520; baseline 0 -16"><span class='ocrx_word' id='word_1_52' title='bbox 312 470 346 507; x_wconf 71' lang='grc' dir='ltr'>βε</span> <span class='ocrx_word' id='word_1_53' title='bbox 371 470 508 513; x_wconf 87' lang='lat' dir='ltr'>sepultas</span> <span class='ocrx_word' id='word_1_54' title='bbox 536 470 604 512; x_wconf 86' lang='lat' dir='ltr'>spes</span> <span class='ocrx_word' id='word_1_55' title='bbox 641 468 787 507; x_wconf 77' lang='lat' dir='ltr'>rediviva</span> <span class='ocrx_word' id='word_1_56' title='bbox 825 469 988 507; x_wconf 78' lang='lat' dir='ltr'>suscitavit</span> <span class='ocrx_word' id='word_1_57' title='bbox 1028 467 1141 508; x_wconf 67' lang='lat' dir='ltr'>denne</span> <span class='ocrx_word' id='word_1_58' title='bbox 1177 481 1259 520; x_wconf 77' lang='lat' dir='ltr'>quae-</span> 
     </span>
     <span class='ocr_line' id='line_1_11' title="bbox 310 515 1260 567; baseline -0.003 -11"><span class='ocrx_word' id='word_1_59' title='bbox 310 515 447 559; x_wconf 70' lang='lat' dir='ltr'>stiones..</span> <span class='ocrx_word' id='word_1_60' title='bbox 475 519 601 559; x_wconf 69' lang='lat' dir='ltr'>Verum</span> <span class='ocrx_word' id='word_1_61' title='bbox 626 519 915 567; x_wconf 73' lang='lat' dir='ltr'>,tergiversantibus</span> <span class='ocrx_word' id='word_1_62' title='bbox 939 544 951 561; x_wconf 93' lang='lat'>,</span> <span class='ocrx_word' id='word_1_63' title='bbox 975 518 1081 557; x_wconf 69' lang='lat' dir='ltr'>imme</span> <span class='ocrx_word' id='word_1_64' title='bbox 1116 520 1260 565; x_wconf 74' lang='lat' dir='ltr'>praevari-</span> 
     </span>
     <span class='ocr_line' id='line_1_12' title="bbox 307 569 1259 614; baseline -0.003 -7"><span class='ocrx_word' id='word_1_65' title='bbox 307 570 457 608; x_wconf 74' lang='lat' dir='ltr'>cantibus</span> <span class='ocrx_word' id='word_1_66' title='bbox 469 570 647 614; x_wconf 80' lang='lat' dir='ltr'>universis,</span> <span class='ocrx_word' id='word_1_67' title='bbox 673 570 714 604; x_wconf 89' lang='lat' dir='ltr'>ad</span> <span class='ocrx_word' id='word_1_68' title='bbox 727 569 877 606; x_wconf 87' lang='lat' dir='ltr'>standum</span> <span class='ocrx_word' id='word_1_69' title='bbox 889 581 931 604; x_wconf 83' lang='lat' dir='ltr'>ex</span> <span class='ocrx_word' id='word_1_70' title='bbox 950 569 1106 612; x_wconf 76' lang='lat' dir='ltr'>adverso,</span> <span class='ocrx_word' id='word_1_71' title='bbox 1145 571 1180 606; x_wconf 78' lang='lat' dir='ltr'>dc</span> <span class='ocrx_word' id='word_1_72' title='bbox 1202 581 1259 614; x_wconf 85' lang='lat' dir='ltr'>op·</span> 
     </span>
     <span class='ocr_line' id='line_1_13' title="bbox 309 620 1259 665; baseline 0.001 -12"><span class='ocrx_word' id='word_1_73' title='bbox 309 620 501 664; x_wconf 79' lang='lat' dir='ltr'>ponendum</span> <span class='ocrx_word' id='word_1_74' title='bbox 526 621 557 655; x_wconf 90' lang='lat' dir='ltr'>se</span> <span class='ocrx_word' id='word_1_75' title='bbox 579 629 709 657; x_wconf 86' lang='lat' dir='ltr'>murum</span> <span class='ocrx_word' id='word_1_76' title='bbox 724 631 784 665; x_wconf 85' lang='lat' dir='ltr'>pro</span> <span class='ocrx_word' id='word_1_77' title='bbox 795 621 898 654; x_wconf 89' lang='lat' dir='ltr'>domo</span> <span class='ocrx_word' id='word_1_78' title='bbox 918 620 1036 661; x_wconf 84' lang='lat' dir='ltr'>Israel,</span> <span class='ocrx_word' id='word_1_79' title='bbox 1061 621 1193 659; x_wconf 81' lang='lat' dir='ltr'>virtutis</span> <span class='ocrx_word' id='word_1_80' title='bbox 1206 632 1259 655; x_wconf 89' lang='lat' dir='ltr'>ve-</span> 
     </span>
     <span class='ocr_line' id='line_1_14' title="bbox 301 668 1255 720; baseline 0 -15"><span class='ocrx_word' id='word_1_81' title='bbox 301 669 379 706; x_wconf 76' lang='lat' dir='ltr'>&#39;sstae</span> <span class='ocrx_word' id='word_1_82' title='bbox 399 670 648 716; x_wconf 84' lang='lat' dir='ltr'>magnificentia</span> <span class='ocrx_word' id='word_1_83' title='bbox 670 671 740 709; x_wconf 88' lang='lat' dir='ltr'>sola</span> <span class='ocrx_word' id='word_1_84' title='bbox 754 670 862 706; x_wconf 73' lang='lat' dir='ltr'>relista</span> <span class='ocrx_word' id='word_1_85' title='bbox 873 668 919 706; x_wconf 79' lang='lat' dir='ltr'>est</span> <span class='ocrx_word' id='word_1_86' title='bbox 938 694 948 711; x_wconf 92' lang='lat'>‚</span> <span class='ocrx_word' id='word_1_87' title='bbox 974 681 1044 715; x_wconf 70' lang='lat' dir='ltr'>quz</span> <span class='ocrx_word' id='word_1_88' title='bbox 1056 671 1255 720; x_wconf 81' lang='lat' dir='ltr'>redemptam</span> 
     </span>
     <span class='ocr_line' id='line_1_15' title="bbox 298 720 1258 769; baseline 0 -14"><span class='ocrx_word' id='word_1_89' title='bbox 298 720 406 759; x_wconf 74' lang='lat' dir='ltr'>&#39;semel</span> <span class='ocrx_word' id='word_1_90' title='bbox 428 721 585 766; x_wconf 76' lang='lat' dir='ltr'>sanguine</span> <span class='ocrx_word' id='word_1_91' title='bbox 609 720 755 762; x_wconf 84' lang='lat' dir='ltr'>Christi,</span> <span class='ocrx_word' id='word_1_92' title='bbox 781 722 840 758; x_wconf 84' lang='lat' dir='ltr'>suo</span> <span class='ocrx_word' id='word_1_93' title='bbox 854 720 973 757; x_wconf 88' lang='lat' dir='ltr'>iterum</span> <span class='ocrx_word' id='word_1_94' title='bbox 999 722 1156 769; x_wconf 86' lang='lat' dir='ltr'>sanguine</span> <span class='ocrx_word' id='word_1_95' title='bbox 1178 721 1258 756; x_wconf 90' lang='lat' dir='ltr'>redi-</span> 
     </span>
     <span class='ocr_line' id='line_1_16' title="bbox 297 767 1257 820; baseline 0.001 -15"><span class='ocrx_word' id='word_1_96' title='bbox 297 767 591 809; x_wconf 69' lang='lat' dir='ltr'>matlibert&#39;atem.</span> <span class='ocrx_word' id='word_1_97' title='bbox 620 770 715 807; x_wconf 73' lang='lat' dir='ltr'>Licet</span> <span class='ocrx_word' id='word_1_98' title='bbox 736 771 824 806; x_wconf 90' lang='lat' dir='ltr'>enim</span> <span class='ocrx_word' id='word_1_99' title='bbox 838 770 989 809; x_wconf 84' lang='lat' dir='ltr'>nondum</span> <span class='ocrx_word' id='word_1_100' title='bbox 1014 772 1116 820; x_wconf 85' lang='lat' dir='ltr'>usque</span> <span class='ocrx_word' id='word_1_101' title='bbox 1136 771 1177 809; x_wconf 86' lang='lat' dir='ltr'>ad</span> <span class='ocrx_word' id='word_1_102' title='bbox 1190 773 1257 807; x_wconf 86' lang='lat' dir='ltr'>san·</span> 
     </span>
     <span class='ocr_line' id='line_1_17' title="bbox 304 820 1255 865; baseline 0.001 -11"><span class='ocrx_word' id='word_1_103' title='bbox 304 820 420 864; x_wconf 80' lang='lat' dir='ltr'>guinis</span> <span class='ocrx_word' id='word_1_104' title='bbox 441 821 633 860; x_wconf 78' lang='lat' dir='ltr'>effusionem</span> <span class='ocrx_word' id='word_1_105' title='bbox 656 822 749 859; x_wconf 82' lang='lat' dir='ltr'>causa</span> <span class='ocrx_word' id='word_1_106' title='bbox 764 822 962 864; x_wconf 78' lang='lat' dir='ltr'>pervenerit,</span> <span class='ocrx_word' id='word_1_107' title='bbox 995 821 1122 865; x_wconf 76' lang='lat' dir='ltr'>supplet</span> <span class='ocrx_word' id='word_1_108' title='bbox 1144 832 1255 858; x_wconf 86' lang='lat' dir='ltr'>tamen</span> 
     </span>
     <span class='ocr_line' id='line_1_18' title="bbox 307 870 1256 917; baseline 0.005 -13"><span class='ocrx_word' id='word_1_109' title='bbox 307 870 447 909; x_wconf 84' lang='lat' dir='ltr'>devotio</span> <span class='ocrx_word' id='word_1_110' title='bbox 466 872 617 907; x_wconf 84' lang='lat' dir='ltr'>meritum</span> <span class='ocrx_word' id='word_1_111' title='bbox 641 871 794 916; x_wconf 73' lang='lat' dir='ltr'>parrionis</span> <span class='ocrx_word' id='word_1_112' title='bbox 807 895 818 911; x_wconf 90' lang='lat'>,</span> <span class='ocrx_word' id='word_1_113' title='bbox 844 882 915 913; x_wconf 82' lang='lat' dir='ltr'>quae</span> <span class='ocrx_word' id='word_1_114' title='bbox 937 873 1107 917; x_wconf 82' lang='lat' dir='ltr'>personam</span> <span class='ocrx_word' id='word_1_115' title='bbox 1121 871 1256 909; x_wconf 82' lang='lat' dir='ltr'>vestram</span> 
     </span>
     <span class='ocr_line' id='line_1_19' title="bbox 308 920 1253 966; baseline 0 -12"><span class='ocrx_word' id='word_1_116' title='bbox 308 921 408 961; x_wconf 79' lang='lat' dir='ltr'>minis</span> <span class='ocrx_word' id='word_1_117' title='bbox 419 922 452 956; x_wconf 76' lang='grc' dir='ltr'>δε</span> <span class='ocrx_word' id='word_1_118' title='bbox 466 922 639 958; x_wconf 87' lang='lat' dir='ltr'>terroribus</span> <span class='ocrx_word' id='word_1_119' title='bbox 651 933 717 955; x_wconf 88' lang='lat' dir='ltr'>non</span> <span class='ocrx_word' id='word_1_120' title='bbox 733 920 838 959; x_wconf 65' lang='lat' dir='ltr'>solum</span> <span class='ocrx_word' id='word_1_121' title='bbox 849 922 1000 966; x_wconf 71' lang='lat' dir='ltr'>exposuit</span> <span class='ocrx_word' id='word_1_122' title='bbox 1012 948 1023 964; x_wconf 89' lang='lat'>‚</span> <span class='ocrx_word' id='word_1_123' title='bbox 1050 922 1104 960; x_wconf 87' lang='lat' dir='ltr'>sed</span> <span class='ocrx_word' id='word_1_124' title='bbox 1114 921 1253 965; x_wconf 80' lang='lat' dir='ltr'>objecit.</span> 
     </span>
    </p>

    <p class='ocr_par' dir='ltr' id='par_1_8' title="bbox 357 970 1253 1018">
     <span class='ocr_line' id='line_1_20' title="bbox 357 970 1253 1018; baseline 0.003 -13"><span class='ocrx_word' id='word_1_125' title='bbox 357 970 401 1006; x_wconf 81' lang='lat' dir='ltr'>Et</span> <span class='ocrx_word' id='word_1_126' title='bbox 421 983 496 1007; x_wconf 89' lang='lat' dir='ltr'>curn</span> <span class='ocrx_word' id='word_1_127' title='bbox 518 973 641 1016; x_wconf 86' lang='lat' dir='ltr'>prorsus</span> <span class='ocrx_word' id='word_1_128' title='bbox 666 970 857 1008; x_wconf 83' lang='lat' dir='ltr'>incredibile</span> <span class='ocrx_word' id='word_1_129' title='bbox 880 973 917 1006; x_wconf 85' lang='lat' dir='ltr'>fit</span> <span class='ocrx_word' id='word_1_130' title='bbox 931 973 1036 1018; x_wconf 83' lang='lat' dir='ltr'>ipsum</span> <span class='ocrx_word' id='word_1_131' title='bbox 1058 973 1090 1006; x_wconf 91' lang='lat' dir='ltr'>in</span> <span class='ocrx_word' id='word_1_132' title='bbox 1115 973 1253 1008; x_wconf 85' lang='lat' dir='ltr'>vestram</span> 
     </span>
    </p>

    <p class='ocr_par' dir='ltr' id='par_1_9' title="bbox 256 1020 1260 3307">
     <span class='ocr_line' id='line_1_21' title="bbox 256 1020 1252 1067; baseline -0.003 -10"><span class='ocrx_word' id='word_1_133' title='bbox 256 1025 259 1029; x_wconf 85' lang='lat'>&#39;</span> <span class='ocrx_word' id='word_1_134' title='bbox 303 1020 428 1065; x_wconf 67' lang='lat' dir='ltr'>aliquid</span> <span class='ocrx_word' id='word_1_135' title='bbox 452 1023 614 1057; x_wconf 87' lang='lat' dir='ltr'>crudelius</span> <span class='ocrx_word' id='word_1_136' title='bbox 637 1023 794 1067; x_wconf 79' lang='lat' dir='ltr'>cogitasse</span> <span class='ocrx_word' id='word_1_137' title='bbox 816 1022 985 1066; x_wconf 84' lang='lat' dir='ltr'>personam</span> <span class='ocrx_word' id='word_1_138' title='bbox 1000 1047 1011 1063; x_wconf 86' lang='lat'>,</span> <span class='ocrx_word' id='word_1_139' title='bbox 1045 1032 1157 1059; x_wconf 83' lang='lat' dir='ltr'>tamen</span> <span class='ocrx_word' id='word_1_140' title='bbox 1184 1032 1252 1059; x_wconf 84' lang='lat' dir='ltr'>non</span> 
     </span>
     <span class='ocr_line' id='line_1_22' title="bbox 305 1070 1248 1116; baseline 0.003 -13"><span class='ocrx_word' id='word_1_141' title='bbox 305 1070 382 1105; x_wconf 85' lang='lat' dir='ltr'>saris</span> <span class='ocrx_word' id='word_1_142' title='bbox 404 1081 530 1115; x_wconf 88' lang='lat' dir='ltr'>poterat</span> <span class='ocrx_word' id='word_1_143' title='bbox 553 1074 635 1106; x_wconf 88' lang='lat' dir='ltr'>inter</span> <span class='ocrx_word' id='word_1_144' title='bbox 658 1081 709 1109; x_wconf 81' lang='lat' dir='ltr'>tot</span> <span class='ocrx_word' id='word_1_145' title='bbox 730 1072 972 1116; x_wconf 78' lang='lat' dir='ltr'>indignationis</span> <span class='ocrx_word' id='word_1_146' title='bbox 994 1081 1105 1108; x_wconf 85' lang='lat' dir='ltr'>motus</span> <span class='ocrx_word' id='word_1_147' title='bbox 1119 1072 1248 1108; x_wconf 80' lang='lat' dir='ltr'>bonitas</span> 
     </span>
     <span class='ocr_line' id='line_1_23' title="bbox 305 1121 1253 1170; baseline 0 -13"><span class='ocrx_word' id='word_1_148' title='bbox 305 1121 500 1159; x_wconf 77' lang='lat' dir='ltr'>abscondita</span> <span class='ocrx_word' id='word_1_149' title='bbox 522 1121 663 1169; x_wconf 79' lang='lat' dir='ltr'>divinari</span> <span class='ocrx_word' id='word_1_150' title='bbox 686 1137 697 1161; x_wconf 82' lang='grc'><strong><em>;</em></strong></span> <span class='ocrx_word' id='word_1_151' title='bbox 737 1122 911 1170; x_wconf 70' lang='lat' dir='ltr'>presertim</span> <span class='ocrx_word' id='word_1_152' title='bbox 936 1121 1011 1156; x_wconf 74' lang='lat' dir='ltr'>cum</span> <span class='ocrx_word' id='word_1_153' title='bbox 1032 1123 1185 1160; x_wconf 87' lang='lat' dir='ltr'>omnium</span> <span class='ocrx_word' id='word_1_154' title='bbox 1207 1133 1253 1166; x_wconf 57' lang='grc' dir='ltr'>με*</span> 
     </span>
     <span class='ocr_line' id='line_1_24' title="bbox 304 1171 1252 1216; baseline 0.002 -11"><span class='ocrx_word' id='word_1_155' title='bbox 304 1182 375 1208; x_wconf 86' lang='lat' dir='ltr'>rum</span> <span class='ocrx_word' id='word_1_156' title='bbox 387 1172 476 1216; x_wconf 83' lang='lat' dir='ltr'>ligna</span> <span class='ocrx_word' id='word_1_157' title='bbox 487 1172 520 1210; x_wconf 83' lang='lat' dir='ltr'>in</span> <span class='ocrx_word' id='word_1_158' title='bbox 535 1172 672 1210; x_wconf 82' lang='lat' dir='ltr'>vestram</span> <span class='ocrx_word' id='word_1_159' title='bbox 683 1172 873 1209; x_wconf 81' lang='lat' dir='ltr'>viderentur</span> <span class='ocrx_word' id='word_1_160' title='bbox 897 1172 1072 1216; x_wconf 81' lang='lat' dir='ltr'>perniciem</span> <span class='ocrx_word' id='word_1_161' title='bbox 1098 1171 1252 1208; x_wconf 72' lang='lat' dir='ltr'>conveni—</span> 
     </span>
     <span class='ocr_line' id='line_1_25' title="bbox 304 1221 1248 1269; baseline 0 -15"><span class='ocrx_word' id='word_1_162' title='bbox 304 1230 353 1269; x_wconf 72' lang='lat' dir='ltr'>re.</span> <span class='ocrx_word' id='word_1_163' title='bbox 384 1223 529 1264; x_wconf 88' lang='lat' dir='ltr'>Speravit</span> <span class='ocrx_word' id='word_1_164' title='bbox 542 1222 698 1266; x_wconf 81' lang='lat' dir='ltr'>liquidem</span> <span class='ocrx_word' id='word_1_165' title='bbox 720 1234 778 1257; x_wconf 91' lang='lat' dir='ltr'>vos</span> <span class='ocrx_word' id='word_1_166' title='bbox 795 1222 835 1260; x_wconf 88' lang='lat' dir='ltr'>ad</span> <span class='ocrx_word' id='word_1_167' title='bbox 855 1221 1101 1268; x_wconf 80' lang='lat' dir='ltr'>obsequendum</span> <span class='ocrx_word' id='word_1_168' title='bbox 1124 1223 1248 1257; x_wconf 85' lang='lat' dir='ltr'>terrori-</span> 
     </span>
     <span class='ocr_line' id='line_1_26' title="bbox 303 1270 1251 1314; baseline -0.001 -8"><span class='ocrx_word' id='word_1_169' title='bbox 303 1270 363 1309; x_wconf 83' lang='lat' dir='ltr'>bus</span> <span class='ocrx_word' id='word_1_170' title='bbox 376 1272 534 1309; x_wconf 85' lang='lat' dir='ltr'>inclinare</span> <span class='ocrx_word' id='word_1_171' title='bbox 544 1298 555 1313; x_wconf 94' lang='lat'>,</span> <span class='ocrx_word' id='word_1_172' title='bbox 581 1282 740 1314; x_wconf 80' lang='lat' dir='ltr'>tantoque</span> <span class='ocrx_word' id='word_1_173' title='bbox 753 1271 890 1309; x_wconf 70' lang='lat' dir='ltr'>severius</span> <span class='ocrx_word' id='word_1_174' title='bbox 901 1273 1088 1309; x_wconf 80' lang='lat' dir='ltr'>terrendum</span> <span class='ocrx_word' id='word_1_175' title='bbox 1100 1273 1227 1306; x_wconf 85' lang='lat' dir='ltr'>censuit</span> <span class='ocrx_word' id='word_1_176' title='bbox 1241 1297 1251 1312; x_wconf 93' lang='lat'>,</span> 
     </span>
     <span class='ocr_line' id='line_1_27' title="bbox 302 1321 1244 1367; baseline 0.001 -12"><span class='ocrx_word' id='word_1_177' title='bbox 302 1322 428 1366; x_wconf 76' lang='lat' dir='ltr'>quanto</span> <span class='ocrx_word' id='word_1_178' title='bbox 440 1322 458 1359; x_wconf 71' lang='lat' dir='ltr'>a</span> <span class='ocrx_word' id='word_1_179' title='bbox 475 1321 589 1367; x_wconf 86' lang='lat' dir='ltr'>majori</span> <span class='ocrx_word' id='word_1_180' title='bbox 603 1322 729 1359; x_wconf 67' lang='lat' dir='ltr'>laefio&#39;ne</span> <span class='ocrx_word' id='word_1_181' title='bbox 750 1323 876 1356; x_wconf 86' lang='lat' dir='ltr'>censuit</span> <span class='ocrx_word' id='word_1_182' title='bbox 897 1321 1128 1359; x_wconf 79' lang='lat' dir='ltr'>abstinendum</span> <span class='ocrx_word' id='word_1_183' title='bbox 1143 1347 1151 1354; x_wconf 92' lang='lat'><strong>.</strong></span> <span class='ocrx_word' id='word_1_184' title='bbox 1179 1322 1244 1356; x_wconf 91' lang='lat' dir='ltr'>De-</span> 
     </span>
     <span class='ocr_line' id='line_1_28' title="bbox 301 1371 1249 1422; baseline -0.001 -15"><span class='ocrx_word' id='word_1_185' title='bbox 301 1371 402 1422; x_wconf 83' lang='lat' dir='ltr'>nique</span> <span class='ocrx_word' id='word_1_186' title='bbox 423 1373 445 1409; x_wconf 79' lang='lat' dir='ltr'>si</span> <span class='ocrx_word' id='word_1_187' title='bbox 472 1372 623 1410; x_wconf 74' lang='lat' dir='ltr'>voluisset</span> <span class='ocrx_word' id='word_1_188' title='bbox 649 1371 806 1415; x_wconf 77' lang='lat' dir='ltr'>impedire</span> <span class='ocrx_word' id='word_1_189' title='bbox 816 1371 1015 1413; x_wconf 71' lang='lat' dir='ltr'>discessum,</span> <span class='ocrx_word' id='word_1_190' title='bbox 1040 1383 1109 1407; x_wconf 90' lang='lat' dir='ltr'>non</span> <span class='ocrx_word' id='word_1_191' title='bbox 1126 1372 1249 1407; x_wconf 84' lang='lat' dir='ltr'>sereni-</span> 
     </span>
     <span class='ocr_line' id='line_1_29' title="bbox 299 1422 1250 1466; baseline 0.002 -8"><span class='ocrx_word' id='word_1_192' title='bbox 299 1422 349 1458; x_wconf 85' lang='lat' dir='ltr'>tas</span> <span class='ocrx_word' id='word_1_193' title='bbox 370 1423 470 1464; x_wconf 89' lang='lat' dir='ltr'>aeris,</span> <span class='ocrx_word' id='word_1_194' title='bbox 511 1433 579 1456; x_wconf 86' lang='lat' dir='ltr'>non</span> <span class='ocrx_word' id='word_1_195' title='bbox 610 1429 785 1456; x_wconf 75' lang='lat' dir='ltr'>ventorum</span> <span class='ocrx_word' id='word_1_196' title='bbox 803 1423 906 1466; x_wconf 82' lang='lat' dir='ltr'>gratia</span> <span class='ocrx_word' id='word_1_197' title='bbox 930 1445 941 1464; x_wconf 90' lang='lat'>,</span> <span class='ocrx_word' id='word_1_198' title='bbox 979 1434 1047 1458; x_wconf 85' lang='lat' dir='ltr'>non</span> <span class='ocrx_word' id='word_1_199' title='bbox 1067 1423 1250 1465; x_wconf 84' lang='lat' dir='ltr'>tranquilli·</span> 
     </span>
     <span class='ocr_line' id='line_1_30' title="bbox 304 1471 1248 1513; baseline -0.001 -6"><span class='ocrx_word' id='word_1_200' title='bbox 304 1478 351 1507; x_wconf 71' lang='lat' dir='ltr'>&#39;tas</span> <span class='ocrx_word' id='word_1_201' title='bbox 363 1474 482 1513; x_wconf 86' lang='lat' dir='ltr'>maris,</span> <span class='ocrx_word' id='word_1_202' title='bbox 508 1479 648 1506; x_wconf 84' lang='lat' dir='ltr'>nonvos</span> <span class='ocrx_word' id='word_1_203' title='bbox 672 1482 846 1506; x_wconf 86' lang='lat' dir='ltr'>nautarum</span> <span class='ocrx_word' id='word_1_204' title='bbox 867 1471 1024 1509; x_wconf 80' lang='lat' dir='ltr'>industria</span> <span class='ocrx_word' id='word_1_205' title='bbox 1047 1472 1248 1510; x_wconf 80' lang='lat' dir='ltr'>deduxiss’et.</span> 
     </span>
     <span class='ocr_line' id='line_1_31' title="bbox 299 1520 1248 1567; baseline -0.003 -8"><span class='ocrx_word' id='word_1_206' title='bbox 299 1522 441 1566; x_wconf 86' lang='lat' dir='ltr'>Ubique</span> <span class='ocrx_word' id='word_1_207' title='bbox 475 1522 567 1556; x_wconf 90' lang='lat' dir='ltr'>enim</span> <span class='ocrx_word' id='word_1_208' title='bbox 599 1520 695 1555; x_wconf 84' lang='lat' dir='ltr'>vobis</span> <span class='ocrx_word' id='word_1_209' title='bbox 721 1530 840 1558; x_wconf 68' lang='lat' dir='ltr'>manus</span> <span class='ocrx_word' id='word_1_210' title='bbox 862 1522 979 1566; x_wconf 74' lang='lat' dir='ltr'>Regiae</span> <span class='ocrx_word' id='word_1_211' title='bbox 1000 1522 1167 1567; x_wconf 79' lang='lat' dir='ltr'>potcstatis</span> <span class='ocrx_word' id='word_1_212' title='bbox 1193 1533 1248 1556; x_wconf 89' lang='lat' dir='ltr'>oc-</span> 
     </span>
     <span class='ocr_line' id='line_1_32' title="bbox 298 1566 1249 1619; baseline -0.002 -12"><span class='ocrx_word' id='word_1_213' title='bbox 298 1583 462 1613; x_wconf 73' lang='lat' dir='ltr'>curreret,</span> <span class='ocrx_word' id='word_1_214' title='bbox 497 1571 591 1614; x_wconf 79' lang='lat' dir='ltr'>cujus</span> <span class='ocrx_word' id='word_1_215' title='bbox 613 1581 674 1605; x_wconf 85' lang='lat' dir='ltr'>nec</span> <span class='ocrx_word' id='word_1_216' title='bbox 694 1566 869 1619; x_wconf 77' lang='lat' dir='ltr'>diligentia</span> <span class='ocrx_word' id='word_1_217' title='bbox 891 1571 961 1605; x_wconf 82' lang='lat' dir='ltr'>falli</span> <span class='ocrx_word' id='word_1_218' title='bbox 986 1580 1113 1617; x_wconf 83' lang='lat' dir='ltr'>poterat</span> <span class='ocrx_word' id='word_1_219' title='bbox 1137 1595 1148 1613; x_wconf 85' lang='lat'>,</span> <span class='ocrx_word' id='word_1_220' title='bbox 1188 1582 1249 1605; x_wconf 88' lang='lat' dir='ltr'>nec</span> 
     </span>
     <span class='ocr_line' id='line_1_33' title="bbox 300 1620 1240 1668; baseline -0.003 -11"><span class='ocrx_word' id='word_1_221' title='bbox 300 1623 449 1668; x_wconf 88' lang='lat' dir='ltr'>potentia</span> <span class='ocrx_word' id='word_1_222' title='bbox 485 1620 708 1658; x_wconf 81' lang='lat' dir='ltr'>circumscribi</span> <span class='ocrx_word' id='word_1_223' title='bbox 735 1645 743 1653; x_wconf 87' lang='lat'><strong>.</strong></span> <span class='ocrx_word' id='word_1_224' title='bbox 771 1620 834 1655; x_wconf 86' lang='lat' dir='ltr'>Sed</span> <span class='ocrx_word' id='word_1_225' title='bbox 847 1621 1048 1665; x_wconf 78' lang='lat' dir='ltr'>&amp;quamdiu</span> <span class='ocrx_word' id='word_1_226' title='bbox 1061 1620 1240 1664; x_wconf 80' lang='lat' dir='ltr'>domestica</span> 
     </span>
     <span class='ocr_line' id='line_1_34' title="bbox 301 1669 1250 1719; baseline -0.003 -11"><span class='ocrx_word' id='word_1_227' title='bbox 301 1685 359 1707; x_wconf 86' lang='lat' dir='ltr'>vos</span> <span class='ocrx_word' id='word_1_228' title='bbox 371 1669 619 1719; x_wconf 68' lang='lat' dir='ltr'>complectentis</span> <span class='ocrx_word' id='word_1_229' title='bbox 640 1669 756 1706; x_wconf 69' lang='lat' dir='ltr'>insulae</span> <span class='ocrx_word' id='word_1_230' title='bbox 775 1669 906 1705; x_wconf 86' lang='lat' dir='ltr'>brachia</span> <span class='ocrx_word' id='word_1_231' title='bbox 928 1671 1138 1708; x_wconf 75' lang='lat' dir='ltr'>continerent</span> <span class='ocrx_word' id='word_1_232' title='bbox 1152 1696 1162 1712; x_wconf 89' lang='lat'>,</span> <span class='ocrx_word' id='word_1_233' title='bbox 1189 1681 1250 1705; x_wconf 85' lang='lat' dir='ltr'>ne-</span> 
     </span>
     <span class='ocr_line' id='line_1_35' title="bbox 299 1717 1248 1771; baseline -0.004 -15"><span class='ocrx_word' id='word_1_234' title='bbox 299 1733 366 1771; x_wconf 76' lang='lat' dir='ltr'>·que</span> <span class='ocrx_word' id='word_1_235' title='bbox 388 1720 484 1755; x_wconf 85' lang='lat' dir='ltr'>vobis</span> <span class='ocrx_word' id='word_1_236' title='bbox 506 1729 596 1757; x_wconf 86' lang='lat' dir='ltr'>tanta</span> <span class='ocrx_word' id='word_1_237' title='bbox 616 1717 757 1756; x_wconf 86' lang='lat' dir='ltr'>nocendi</span> <span class='ocrx_word' id='word_1_238' title='bbox 772 1728 893 1760; x_wconf 83' lang='lat' dir='ltr'>pateret</span> <span class='ocrx_word' id='word_1_239' title='bbox 905 1720 1055 1760; x_wconf 77' lang='lat' dir='ltr'>occasio,</span> <span class='ocrx_word' id='word_1_240' title='bbox 1085 1732 1145 1754; x_wconf 88' lang='lat' dir='ltr'>nee</span> <span class='ocrx_word' id='word_1_241' title='bbox 1158 1731 1248 1755; x_wconf 82' lang='lat' dir='ltr'>tanta</span> 
     </span>
     <span class='ocr_line' id='line_1_36' title="bbox 301 1767 1242 1819; baseline -0.007 -10"><span class='ocrx_word' id='word_1_242' title='bbox 301 1772 427 1819; x_wconf 56' lang='lat' dir='ltr'>invidie</span> <span class='ocrx_word' id='word_1_243' title='bbox 446 1770 580 1807; x_wconf 86' lang='lat' dir='ltr'>materia</span> <span class='ocrx_word' id='word_1_244' title='bbox 601 1768 781 1813; x_wconf 86' lang='lat' dir='ltr'>garriendi.</span> <span class='ocrx_word' id='word_1_245' title='bbox 820 1767 924 1802; x_wconf 90' lang='lat' dir='ltr'>Nunc</span> <span class='ocrx_word' id='word_1_246' title='bbox 942 1767 1018 1805; x_wconf 73' lang='lat' dir='ltr'>vero</span> <span class='ocrx_word' id='word_1_247' title='bbox 1042 1769 1242 1812; x_wconf 80' lang='lat' dir='ltr'>quibuslibet</span> 
     </span>
     <span class='ocr_line' id='line_1_37' title="bbox 302 1816 1250 1870; baseline -0.003 -14"><span class='ocrx_word' id='word_1_248' title='bbox 302 1820 521 1870; x_wconf 76' lang='lat' dir='ltr'>querimoniis</span> <span class='ocrx_word' id='word_1_249' title='bbox 532 1818 660 1852; x_wconf 83' lang='lat' dir='ltr'>silentia</span> <span class='ocrx_word' id='word_1_250' title='bbox 685 1817 785 1851; x_wconf 80' lang='lat' dir='ltr'>vestra</span> <span class='ocrx_word' id='word_1_251' title='bbox 810 1816 1072 1865; x_wconf 72' lang='lat' dir='ltr'>praeponderant,</span> <span class='ocrx_word' id='word_1_252' title='bbox 1099 1818 1250 1862; x_wconf 85' lang='lat' dir='ltr'>&amp;quoli-</span> 
     </span>
     <span class='ocr_line' id='line_1_38' title="bbox 303 1866 1248 1914; baseline -0.004 -6"><span class='ocrx_word' id='word_1_253' title='bbox 303 1873 359 1909; x_wconf 84' lang='lat' dir='ltr'>be&#39;t</span> <span class='ocrx_word' id='word_1_254' title='bbox 372 1869 555 1914; x_wconf 84' lang='lat' dir='ltr'>improbior</span> <span class='ocrx_word' id='word_1_255' title='bbox 564 1867 609 1902; x_wconf 85' lang='lat' dir='ltr'>est</span> <span class='ocrx_word' id='word_1_256' title='bbox 621 1866 698 1912; x_wconf 87' lang='lat' dir='ltr'>fuga</span> <span class='ocrx_word' id='word_1_257' title='bbox 717 1867 820 1904; x_wconf 84' lang='lat' dir='ltr'>vestra</span> <span class='ocrx_word' id='word_1_258' title='bbox 832 1868 1004 1913; x_wconf 78' lang='lat' dir='ltr'>congressu</span> <span class='ocrx_word' id='word_1_259' title='bbox 1017 1892 1028 1908; x_wconf 91' lang='lat'>‚</span> <span class='ocrx_word' id='word_1_260' title='bbox 1057 1868 1138 1905; x_wconf 87' lang='lat' dir='ltr'>dum</span> <span class='ocrx_word' id='word_1_261' title='bbox 1156 1867 1248 1904; x_wconf 87' lang='lat' dir='ltr'>vobis</span> 
     </span>
     <span class='ocr_line' id='line_1_39' title="bbox 303 1916 1251 1963; baseline -0.005 -7"><span class='ocrx_word' id='word_1_262' title='bbox 303 1924 450 1962; x_wconf 77' lang='lat' dir='ltr'>favorem</span> <span class='ocrx_word' id='word_1_263' title='bbox 464 1918 633 1963; x_wconf 82' lang='lat' dir='ltr'>publicum</span> <span class='ocrx_word' id='word_1_264' title='bbox 646 1916 805 1952; x_wconf 79' lang='lat' dir='ltr'>modestia</span> <span class='ocrx_word' id='word_1_265' title='bbox 828 1917 931 1955; x_wconf 86' lang='lat' dir='ltr'>vestra</span> <span class='ocrx_word' id='word_1_266' title='bbox 953 1917 1132 1959; x_wconf 90' lang='lat' dir='ltr'>conciliat,</span> <span class='ocrx_word' id='word_1_267' title='bbox 1159 1919 1251 1962; x_wconf 81' lang='lat' dir='ltr'>&amp;ip-</span> 
     </span>
     <span class='ocr_line' id='line_1_40' title="bbox 302 1966 1251 2014; baseline -0.006 -6"><span class='ocrx_word' id='word_1_268' title='bbox 302 1974 373 2011; x_wconf 86' lang='lat' dir='ltr'>sum</span> <span class='ocrx_word' id='word_1_269' title='bbox 393 1968 559 2007; x_wconf 70' lang='lat' dir='ltr'>efficacius</span> <span class='ocrx_word' id='word_1_270' title='bbox 579 1967 666 2012; x_wconf 81' lang='lat' dir='ltr'>apud</span> <span class='ocrx_word' id='word_1_271' title='bbox 689 1967 883 2013; x_wconf 85' lang='lat' dir='ltr'>opinionem</span> <span class='ocrx_word' id='word_1_272' title='bbox 896 1966 1058 2014; x_wconf 77' lang='lat' dir='ltr'>publicam</span> <span class='ocrx_word' id='word_1_273' title='bbox 1079 1979 1161 2014; x_wconf 85' lang='lat' dir='ltr'>typo</span> <span class='ocrx_word' id='word_1_274' title='bbox 1172 1978 1251 2011; x_wconf 89' lang='lat' dir='ltr'>quo-</span> 
     </span>
     <span class='ocr_line' id='line_1_41' title="bbox 302 2017 1251 2065; baseline -0.003 -10"><span class='ocrx_word' id='word_1_275' title='bbox 302 2021 380 2060; x_wconf 83' lang='lat' dir='ltr'>dam</span> <span class='ocrx_word' id='word_1_276' title='bbox 392 2020 580 2057; x_wconf 84' lang='lat' dir='ltr'>excusantis</span> <span class='ocrx_word' id='word_1_277' title='bbox 592 2019 739 2055; x_wconf 80' lang='lat' dir='ltr'>accusat.</span> <span class='ocrx_word' id='word_1_278' title='bbox 767 2018 886 2052; x_wconf 73' lang='lat' dir='ltr'>Malle:</span> <span class='ocrx_word' id='word_1_279' title='bbox 908 2017 1032 2065; x_wconf 85' lang='lat' dir='ltr'>igitur,</span> <span class='ocrx_word' id='word_1_280' title='bbox 1059 2018 1078 2051; x_wconf 86' lang='lat' dir='ltr'>fi</span> <span class='ocrx_word' id='word_1_281' title='bbox 1101 2017 1251 2058; x_wconf 78' lang='lat' dir='ltr'>animum</span> 
     </span>
     <span class='ocr_line' id='line_1_42' title="bbox 304 2068 1253 2118; baseline -0.004 -13"><span class='ocrx_word' id='word_1_282' title='bbox 304 2072 375 2118; x_wconf 77' lang='lat' dir='ltr'>ejus</span> <span class='ocrx_word' id='word_1_283' title='bbox 387 2070 523 2107; x_wconf 81' lang='lat' dir='ltr'>severior</span> <span class='ocrx_word' id='word_1_284' title='bbox 537 2068 701 2105; x_wconf 85' lang='lat' dir='ltr'>induravit</span> <span class='ocrx_word' id='word_1_285' title='bbox 721 2068 873 2109; x_wconf 65' lang='lat' dir='ltr'>affectus,</span> <span class='ocrx_word' id='word_1_286' title='bbox 899 2068 1086 2112; x_wconf 79' lang='lat' dir='ltr'>praesentem</span> <span class='ocrx_word' id='word_1_287' title='bbox 1107 2069 1253 2115; x_wconf 85' lang='lat' dir='ltr'>frequen·</span> 
     </span>
     <span class='ocr_line' id='line_1_43' title="bbox 305 2117 1252 2164; baseline -0.008 -6"><span class='ocrx_word' id='word_1_288' title='bbox 305 2122 396 2161; x_wconf 85' lang='lat' dir='ltr'>tibus</span> <span class='ocrx_word' id='word_1_289' title='bbox 417 2129 533 2157; x_wconf 73' lang='lat' dir='ltr'>vexare</span> <span class='ocrx_word' id='word_1_290' title='bbox 569 2117 726 2155; x_wconf 85' lang='lat' dir='ltr'>molestiis</span> <span class='ocrx_word' id='word_1_291' title='bbox 754 2142 765 2159; x_wconf 92' lang='lat'>,</span> <span class='ocrx_word' id='word_1_292' title='bbox 802 2117 899 2162; x_wconf 75' lang='lat' dir='ltr'>quarn</span> <span class='ocrx_word' id='word_1_293' title='bbox 935 2118 977 2152; x_wconf 90' lang='lat' dir='ltr'>ad</span> <span class='ocrx_word' id='word_1_294' title='bbox 1011 2117 1252 2164; x_wconf 79' lang='lat' dir='ltr'>indulgentiam</span> 
     </span>
     <span class='ocr_line' id='line_1_44' title="bbox 306 2167 1253 2217; baseline -0.006 -11"><span class='ocrx_word' id='word_1_295' title='bbox 306 2171 452 2217; x_wconf 83' lang='lat' dir='ltr'>qualibet</span> <span class='ocrx_word' id='word_1_296' title='bbox 473 2169 669 2213; x_wconf 86' lang='lat' dir='ltr'>impunitate</span> <span class='ocrx_word' id='word_1_297' title='bbox 685 2168 862 2214; x_wconf 73' lang='lat' dir='ltr'>compelli,</span> <span class='ocrx_word' id='word_1_298' title='bbox 902 2168 1023 2203; x_wconf 87' lang='lat' dir='ltr'>Mallet</span> <span class='ocrx_word' id='word_1_299' title='bbox 1044 2192 1054 2210; x_wconf 94' lang='lat'>,</span> <span class='ocrx_word' id='word_1_300' title='bbox 1093 2169 1115 2201; x_wconf 81' lang='lat' dir='ltr'>si</span> <span class='ocrx_word' id='word_1_301' title='bbox 1139 2167 1253 2204; x_wconf 70' lang='lat' dir='ltr'>mitius</span> 
     </span>
     <span class='ocr_line' id='line_1_45' title="bbox 309 2216 1254 2267; baseline -0.006 -11"><span class='ocrx_word' id='word_1_302' title='bbox 309 2220 435 2267; x_wconf 74' lang='lat' dir='ltr'>aliquid</span> <span class='ocrx_word' id='word_1_303' title='bbox 446 2219 647 2264; x_wconf 85' lang='lat' dir='ltr'>quandoque</span> <span class='ocrx_word' id='word_1_304' title='bbox 658 2219 845 2265; x_wconf 84' lang='lat' dir='ltr'>proposuit,</span> <span class='ocrx_word' id='word_1_305' title='bbox 872 2228 908 2253; x_wconf 93' lang='lat' dir='ltr'>ut</span> <span class='ocrx_word' id='word_1_306' title='bbox 930 2218 962 2253; x_wconf 85' lang='lat' dir='ltr'>id</span> <span class='ocrx_word' id='word_1_307' title='bbox 988 2216 1254 2260; x_wconf 78' lang='lat' dir='ltr'>liberalitatiejus</span> 
     </span>
     <span class='ocr_line' id='line_1_46' title="bbox 308 2266 1251 2312; baseline -0.008 -6"><span class='ocrx_word' id='word_1_308' title='bbox 308 2274 345 2311; x_wconf 87' lang='lat' dir='ltr'>in</span> <span class='ocrx_word' id='word_1_309' title='bbox 368 2270 588 2312; x_wconf 80' lang='lat' dir='ltr'>beneficium,</span> <span class='ocrx_word' id='word_1_310' title='bbox 625 2268 733 2312; x_wconf 85' lang='lat' dir='ltr'>quam</span> <span class='ocrx_word' id='word_1_311' title='bbox 750 2268 916 2311; x_wconf 66' lang='lat' dir='ltr'>patientia</span> <span class='ocrx_word' id='word_1_312' title='bbox 937 2266 1043 2301; x_wconf 78' lang='lat' dir='ltr'>vestrae</span> <span class='ocrx_word' id='word_1_313' title='bbox 1069 2267 1195 2304; x_wconf 84' lang='lat' dir='ltr'>cederet</span> <span class='ocrx_word' id='word_1_314' title='bbox 1218 2267 1251 2302; x_wconf 87' lang='lat' dir='ltr'>in</span> 
     </span>
     <span class='ocr_line' id='line_1_47' title="bbox 308 2316 1251 2369; baseline -0.008 -12"><span class='ocrx_word' id='word_1_315' title='bbox 308 2320 532 2369; x_wconf 84' lang='lat' dir='ltr'>triumphum.</span> <span class='ocrx_word' id='word_1_316' title='bbox 562 2319 742 2355; x_wconf 80' lang='lat' dir='ltr'>Adsumam</span> <span class='ocrx_word' id='word_1_317' title='bbox 779 2316 940 2360; x_wconf 84' lang='lat' dir='ltr'>frequenti</span> <span class='ocrx_word' id='word_1_318' title='bbox 980 2316 1076 2354; x_wconf 86' lang='lat' dir='ltr'>vobis</span> <span class='ocrx_word' id='word_1_319' title='bbox 1109 2316 1251 2353; x_wconf 84' lang='lat' dir='ltr'>confide-</span> 
     </span>
     <span class='ocr_line' id='line_1_48' title="bbox 308 2364 1249 2414; baseline -0.003 -9"><span class='ocrx_word' id='word_1_320' title='bbox 308 2373 437 2410; x_wconf 75' lang='lat' dir='ltr'>xatione</span> <span class='ocrx_word' id='word_1_321' title='bbox 447 2369 647 2409; x_wconf 64' lang='lat' dir='ltr'>trassandum</span> <span class='ocrx_word' id='word_1_322' title='bbox 660 2392 670 2408; x_wconf 96' lang='lat'>,</span> <span class='ocrx_word' id='word_1_323' title='bbox 697 2379 768 2414; x_wconf 71' lang='lat' dir='ltr'>quae</span> <span class='ocrx_word' id='word_1_324' title='bbox 786 2367 884 2404; x_wconf 78' lang='lat' dir='ltr'>vestra</span> <span class='ocrx_word' id='word_1_325' title='bbox 906 2367 1000 2402; x_wconf 86' lang='lat' dir='ltr'>causa</span> <span class='ocrx_word' id='word_1_326' title='bbox 1021 2367 1060 2401; x_wconf 86' lang='lat' dir='ltr'>fit</span> <span class='ocrx_word' id='word_1_327' title='bbox 1071 2390 1082 2408; x_wconf 85' lang='lat'>,</span> <span class='ocrx_word' id='word_1_328' title='bbox 1108 2367 1180 2413; x_wconf 85' lang='lat' dir='ltr'>quis</span> <span class='ocrx_word' id='word_1_329' title='bbox 1192 2364 1249 2402; x_wconf 89' lang='lat' dir='ltr'>ad·</span> 
     </span>
     <span class='ocr_line' id='line_1_49' title="bbox 309 2416 1255 2465; baseline -0.005 -9"><span class='ocrx_word' id='word_1_330' title='bbox 309 2421 466 2465; x_wconf 78' lang='lat' dir='ltr'>versarius</span> <span class='ocrx_word' id='word_1_331' title='bbox 486 2443 497 2462; x_wconf 88' lang='lat'>,</span> <span class='ocrx_word' id='word_1_332' title='bbox 544 2430 616 2463; x_wconf 67' lang='lat' dir='ltr'>quae</span> <span class='ocrx_word' id='word_1_333' title='bbox 638 2419 720 2464; x_wconf 87' lang='lat' dir='ltr'>parti</span> <span class='ocrx_word' id='word_1_334' title='bbox 742 2417 851 2453; x_wconf 82' lang='lat' dir='ltr'>vestrae</span> <span class='ocrx_word' id='word_1_335' title='bbox 871 2416 977 2452; x_wconf 80' lang='lat' dir='ltr'>studia</span> <span class='ocrx_word' id='word_1_336' title='bbox 1008 2417 1220 2460; x_wconf 75' lang='lat' dir='ltr'>suffragentur</span> <span class='ocrx_word' id='word_1_337' title='bbox 1247 2440 1255 2451; x_wconf 77' lang='grc'><em>,</em></span> 
     </span>
     <span class='ocr_line' id='line_1_50' title="bbox 310 2466 1252 2516; baseline 0 -15"><span class='ocrx_word' id='word_1_338' title='bbox 310 2473 358 2510; x_wconf 76' lang='lat' dir='ltr'>Et</span> <span class='ocrx_word' id='word_1_339' title='bbox 379 2470 481 2507; x_wconf 57' lang='lat' dir='ltr'>causa</span> <span class='ocrx_word' id='word_1_340' title='bbox 501 2468 636 2516; x_wconf 83' lang='lat' dir='ltr'>quidem</span> <span class='ocrx_word' id='word_1_341' title='bbox 658 2466 780 2510; x_wconf 80' lang='lat' dir='ltr'>justitia</span> <span class='ocrx_word' id='word_1_342' title='bbox 800 2466 970 2504; x_wconf 78' lang='lat' dir='ltr'>manifesta</span> <span class='ocrx_word' id='word_1_343' title='bbox 991 2466 1036 2502; x_wconf 86' lang='lat' dir='ltr'>est</span> <span class='ocrx_word' id='word_1_344' title='bbox 1049 2492 1060 2509; x_wconf 91' lang='lat'>‚</span> <span class='ocrx_word' id='word_1_345' title='bbox 1094 2468 1252 2510; x_wconf 84' lang='lat' dir='ltr'>quoniam</span> 
     </span>
     <span class='ocr_line' id='line_1_51' title="bbox 311 2516 1254 2567; baseline -0.008 -11"><span class='ocrx_word' id='word_1_346' title='bbox 311 2533 371 2567; x_wconf 87' lang='lat' dir='ltr'>pro</span> <span class='ocrx_word' id='word_1_347' title='bbox 387 2519 534 2557; x_wconf 75' lang='lat' dir='ltr'>Ecclesiae</span> <span class='ocrx_word' id='word_1_348' title='bbox 556 2518 622 2552; x_wconf 90' lang='lat' dir='ltr'>Dei</span> <span class='ocrx_word' id='word_1_349' title='bbox 645 2516 793 2555; x_wconf 84' lang='lat' dir='ltr'>libertate</span> <span class='ocrx_word' id='word_1_350' title='bbox 814 2516 1039 2557; x_wconf 81' lang='lat' dir='ltr'>contenditis,</span> <span class='ocrx_word' id='word_1_351' title='bbox 1074 2517 1171 2562; x_wconf 72' lang='lat' dir='ltr'>quam</span> <span class='ocrx_word' id='word_1_352' title='bbox 1197 2516 1254 2549; x_wconf 86' lang='lat' dir='ltr'>ille</span> 
     </span>
     <span class='ocr_line' id='line_1_52' title="bbox 308 2566 1248 2611; baseline -0.005 -4"><span class='ocrx_word' id='word_1_353' title='bbox 308 2571 410 2611; x_wconf 81' lang='lat' dir='ltr'>semel</span> <span class='ocrx_word' id='word_1_354' title='bbox 436 2571 471 2604; x_wconf 89' lang='lat' dir='ltr'>in</span> <span class='ocrx_word' id='word_1_355' title='bbox 503 2569 611 2606; x_wconf 87' lang='lat' dir='ltr'>Cruce</span> <span class='ocrx_word' id='word_1_356' title='bbox 637 2567 789 2604; x_wconf 85' lang='lat' dir='ltr'>liberator</span> <span class='ocrx_word' id='word_1_357' title='bbox 824 2567 950 2607; x_wconf 77' lang='lat' dir='ltr'>evicit,</span> <span class='ocrx_word' id='word_1_358' title='bbox 977 2566 1012 2604; x_wconf 67' lang='lat' dir='ltr'>er.</span> <span class='ocrx_word' id='word_1_359' title='bbox 1050 2568 1248 2610; x_wconf 84' lang='lat' dir='ltr'>redemptam</span> 
     </span>
     <span class='ocr_line' id='line_1_53' title="bbox 312 2615 1255 2664; baseline -0.005 -9"><span class='ocrx_word' id='word_1_360' title='bbox 312 2618 526 2664; x_wconf 75' lang='lat' dir='ltr'>impretiabili</span> <span class='ocrx_word' id='word_1_361' title='bbox 547 2619 651 2664; x_wconf 86' lang='lat' dir='ltr'>pretio</span> <span class='ocrx_word' id='word_1_362' title='bbox 672 2617 830 2651; x_wconf 84' lang='lat' dir='ltr'>universis</span> <span class='ocrx_word' id='word_1_363' title='bbox 852 2641 864 2658; x_wconf 91' lang='lat'>,</span> <span class='ocrx_word' id='word_1_364' title='bbox 899 2617 958 2661; x_wconf 91' lang='lat' dir='ltr'>qui</span> <span class='ocrx_word' id='word_1_365' title='bbox 988 2615 1085 2660; x_wconf 81' lang='lat' dir='ltr'>ipsius</span> <span class='ocrx_word' id='word_1_366' title='bbox 1119 2617 1255 2654; x_wconf 82' lang='lat' dir='ltr'>nomine</span> 
     </span>
     <span class='ocr_line' id='line_1_54' title="bbox 311 2666 1254 2708; baseline -0.006 -2"><span class='ocrx_word' id='word_1_367' title='bbox 311 2671 543 2708; x_wconf 81' lang='lat' dir='ltr'>censerentur,</span> <span class='ocrx_word' id='word_1_368' title='bbox 569 2667 708 2704; x_wconf 83' lang='lat' dir='ltr'>reddidit</span> <span class='ocrx_word' id='word_1_369' title='bbox 731 2667 949 2704; x_wconf 80' lang='lat' dir='ltr'>uniformem.</span> <span class='ocrx_word' id='word_1_370' title='bbox 973 2666 1065 2703; x_wconf 84' lang='lat' dir='ltr'>Sicut</span> <span class='ocrx_word' id='word_1_371' title='bbox 1083 2667 1172 2703; x_wconf 83' lang='lat' dir='ltr'>enim</span> <span class='ocrx_word' id='word_1_372' title='bbox 1190 2678 1254 2704; x_wconf 82' lang='lat' dir='ltr'>una</span> 
     </span>
     <span class='ocr_line' id='line_1_55' title="bbox 315 2715 1255 2760; baseline -0.001 -8"><span class='ocrx_word' id='word_1_373' title='bbox 315 2719 395 2758; x_wconf 75' lang='lat' dir='ltr'>fides</span> <span class='ocrx_word' id='word_1_374' title='bbox 406 2718 450 2756; x_wconf 86' lang='lat' dir='ltr'>est</span> <span class='ocrx_word' id='word_1_375' title='bbox 463 2743 474 2759; x_wconf 92' lang='lat'>,</span> <span class='ocrx_word' id='word_1_376' title='bbox 499 2729 565 2755; x_wconf 82' lang='lat' dir='ltr'>una</span> <span class='ocrx_word' id='word_1_377' title='bbox 577 2717 622 2755; x_wconf 84' lang='lat' dir='ltr'>est</span> <span class='ocrx_word' id='word_1_378' title='bbox 634 2716 807 2752; x_wconf 83' lang='lat' dir='ltr'>&amp;libertas</span> <span class='ocrx_word' id='word_1_379' title='bbox 820 2741 830 2757; x_wconf 91' lang='lat'>,</span> <span class='ocrx_word' id='word_1_380' title='bbox 856 2726 954 2760; x_wconf 85' lang='lat' dir='ltr'>quam</span> <span class='ocrx_word' id='word_1_381' title='bbox 974 2715 1129 2754; x_wconf 85' lang='lat' dir='ltr'>identitas</span> <span class='ocrx_word' id='word_1_382' title='bbox 1147 2718 1255 2752; x_wconf 88' lang='lat' dir='ltr'>Sacra·</span> 
     </span>
     <span class='ocr_line' id='line_1_56' title="bbox 317 2765 1250 2811; baseline -0.003 -6"><span class='ocrx_word' id='word_1_383' title='bbox 317 2779 505 2808; x_wconf 87' lang='lat' dir='ltr'>mentorum</span> <span class='ocrx_word' id='word_1_384' title='bbox 524 2768 559 2802; x_wconf 78' lang='lat' dir='ltr'>dt</span> <span class='ocrx_word' id='word_1_385' title='bbox 588 2767 753 2810; x_wconf 82' lang='lat' dir='ltr'>operantis</span> <span class='ocrx_word' id='word_1_386' title='bbox 774 2765 1045 2810; x_wconf 71' lang='lat' dir='ltr'>omniaspiritus</span> <span class='ocrx_word' id='word_1_387' title='bbox 1063 2767 1250 2811; x_wconf 80' lang='lat' dir='ltr'>simplicitas</span> 
     </span>
     <span class='ocr_line' id='line_1_57' title="bbox 318 2815 1256 2862; baseline -0.003 -5"><span class='ocrx_word' id='word_1_388' title='bbox 318 2821 486 2858; x_wconf 85' lang='lat' dir='ltr'>consecrat</span> <span class='ocrx_word' id='word_1_389' title='bbox 508 2818 542 2852; x_wconf 89' lang='lat'>&amp;</span> <span class='ocrx_word' id='word_1_390' title='bbox 564 2816 739 2853; x_wconf 86' lang='lat' dir='ltr'>confirmat</span> <span class='ocrx_word' id='word_1_391' title='bbox 761 2841 768 2849; x_wconf 91' lang='lat'><strong><em>.</em></strong></span> <span class='ocrx_word' id='word_1_392' title='bbox 808 2816 845 2853; x_wconf 81' lang='lat' dir='ltr'>In</span> <span class='ocrx_word' id='word_1_393' title='bbox 871 2815 935 2850; x_wconf 91' lang='lat' dir='ltr'>hoc</span> <span class='ocrx_word' id='word_1_394' title='bbox 969 2816 1089 2862; x_wconf 77' lang='lat' dir='ltr'>quippe</span> <span class='ocrx_word' id='word_1_395' title='bbox 1111 2816 1256 2854; x_wconf 77' lang='lat' dir='ltr'>consistit</span> 
     </span>
     <span class='ocr_line' id='line_1_58' title="bbox 319 2865 1256 2911; baseline -0.002 -8"><span class='ocrx_word' id='word_1_396' title='bbox 319 2869 455 2907; x_wconf 85' lang='lat' dir='ltr'>unitatis</span> <span class='ocrx_word' id='word_1_397' title='bbox 469 2866 692 2904; x_wconf 79' lang='lat' dir='ltr'>Ecclefiasticae</span> <span class='ocrx_word' id='word_1_398' title='bbox 704 2865 853 2902; x_wconf 87' lang='lat' dir='ltr'>mirabile</span> <span class='ocrx_word' id='word_1_399' title='bbox 864 2867 1108 2904; x_wconf 76' lang='lat' dir='ltr'>Sacramentum</span> <span class='ocrx_word' id='word_1_400' title='bbox 1120 2892 1131 2908; x_wconf 93' lang='lat'>,</span> <span class='ocrx_word' id='word_1_401' title='bbox 1166 2867 1256 2911; x_wconf 89' lang='lat' dir='ltr'>quod</span> 
     </span>
     <span class='ocr_line' id='line_1_59' title="bbox 317 2917 1254 2964; baseline -0.003 -11"><span class='ocrx_word' id='word_1_402' title='bbox 317 2920 401 2964; x_wconf 74' lang='lat' dir='ltr'>ficut</span> <span class='ocrx_word' id='word_1_403' title='bbox 420 2929 486 2955; x_wconf 88' lang='lat' dir='ltr'>una</span> <span class='ocrx_word' id='word_1_404' title='bbox 508 2917 588 2952; x_wconf 90' lang='lat' dir='ltr'>fides</span> <span class='ocrx_word' id='word_1_405' title='bbox 607 2919 654 2951; x_wconf 88' lang='lat' dir='ltr'>est</span> <span class='ocrx_word' id='word_1_406' title='bbox 667 2941 678 2959; x_wconf 85' lang='lat'>‚</span> <span class='ocrx_word' id='word_1_407' title='bbox 704 2927 790 2952; x_wconf 87' lang='lat' dir='ltr'>uuus</span> <span class='ocrx_word' id='word_1_408' title='bbox 808 2917 945 2960; x_wconf 83' lang='lat' dir='ltr'>Spiritus</span> <span class='ocrx_word' id='word_1_409' title='bbox 959 2941 970 2960; x_wconf 93' lang='lat'>,</span> <span class='ocrx_word' id='word_1_410' title='bbox 995 2917 1029 2954; x_wconf 71' lang='lat' dir='ltr'>dc</span> <span class='ocrx_word' id='word_1_411' title='bbox 1049 2928 1152 2956; x_wconf 87' lang='lat' dir='ltr'>unum</span> <span class='ocrx_word' id='word_1_412' title='bbox 1176 2917 1254 2961; x_wconf 84' lang='lat' dir='ltr'>Bap-</span> 
     </span>
     <span class='ocr_line' id='line_1_60' title="bbox 317 2966 1259 3015; baseline -0.001 -12"><span class='ocrx_word' id='word_1_413' title='bbox 317 2970 413 3006; x_wconf 75' lang='lat' dir='ltr'>tisma</span> <span class='ocrx_word' id='word_1_414' title='bbox 433 2993 444 3009; x_wconf 91' lang='lat'>‚</span> <span class='ocrx_word' id='word_1_415' title='bbox 481 2967 526 3004; x_wconf 87' lang='lat' dir='ltr'>ita</span> <span class='ocrx_word' id='word_1_416' title='bbox 547 2967 593 3002; x_wconf 90' lang='lat' dir='ltr'>est</span> <span class='ocrx_word' id='word_1_417' title='bbox 617 2978 721 3005; x_wconf 88' lang='lat' dir='ltr'>unum</span> <span class='ocrx_word' id='word_1_418' title='bbox 744 2966 1016 3004; x_wconf 74' lang='lat' dir='ltr'>manu-mistionis</span> <span class='ocrx_word' id='word_1_419' title='bbox 1036 2978 1195 3015; x_wconf 85' lang='lat' dir='ltr'>perpetuae</span> <span class='ocrx_word' id='word_1_420' title='bbox 1214 2978 1259 3002; x_wconf 77' lang='lat' dir='ltr'>te·</span> 
     </span>
     <span class='ocr_line' id='line_1_61' title="bbox 318 3016 1253 3062; baseline -0.004 -7"><span class='ocrx_word' id='word_1_421' title='bbox 318 3020 517 3055; x_wconf 80' lang='lat' dir='ltr'>stamentum</span> <span class='ocrx_word' id='word_1_422' title='bbox 537 3042 548 3062; x_wconf 92' lang='lat'>‚</span> <span class='ocrx_word' id='word_1_423' title='bbox 585 3028 652 3061; x_wconf 89' lang='lat' dir='ltr'>quo</span> <span class='ocrx_word' id='word_1_424' title='bbox 674 3027 735 3051; x_wconf 88' lang='lat' dir='ltr'>nos</span> <span class='ocrx_word' id='word_1_425' title='bbox 766 3018 895 3054; x_wconf 74' lang='lat' dir='ltr'>Divinae</span> <span class='ocrx_word' id='word_1_426' title='bbox 927 3016 1084 3055; x_wconf 85' lang='lat' dir='ltr'>bonitatis</span> <span class='ocrx_word' id='word_1_427' title='bbox 1114 3018 1253 3062; x_wconf 78' lang='lat' dir='ltr'>adoptio</span> 
     </span>
     <span class='ocr_line' id='line_1_62' title="bbox 312 3066 1254 3108; baseline 0.002 -5"><span class='ocrx_word' id='word_1_428' title='bbox 312 3081 388 3107; x_wconf 76' lang='lat' dir='ltr'>,non</span> <span class='ocrx_word' id='word_1_429' title='bbox 399 3068 530 3106; x_wconf 75' lang='lat' dir='ltr'>tantum</span> <span class='ocrx_word' id='word_1_430' title='bbox 542 3067 658 3104; x_wconf 78' lang='lat' dir='ltr'>liberos</span> <span class='ocrx_word' id='word_1_431' title='bbox 667 3067 767 3103; x_wconf 87' lang='lat' dir='ltr'>efficit</span> <span class='ocrx_word' id='word_1_432' title='bbox 779 3091 791 3108; x_wconf 92' lang='lat'>,</span> <span class='ocrx_word' id='word_1_433' title='bbox 819 3067 870 3104; x_wconf 88' lang='lat' dir='ltr'>sed</span> <span class='ocrx_word' id='word_1_434' title='bbox 883 3066 980 3103; x_wconf 80' lang='lat' dir='ltr'>etiam</span> <span class='ocrx_word' id='word_1_435' title='bbox 992 3068 1139 3103; x_wconf 66' lang='lat' dir='ltr'>cohered</span> <span class='ocrx_word' id='word_1_436' title='bbox 1146 3079 1198 3102; x_wconf 89' lang='lat' dir='ltr'>es.</span> <span class='ocrx_word' id='word_1_437' title='bbox 1212 3068 1254 3105; x_wconf 81' lang='lat' dir='ltr'>Et</span> 
     </span>
     <span class='ocr_line' id='line_1_63' title="bbox 318 3117 1258 3166; baseline -0.003 -11"><span class='ocrx_word' id='word_1_438' title='bbox 318 3118 596 3166; x_wconf 85' lang='lat' dir='ltr'>quotieslibertati</span> <span class='ocrx_word' id='word_1_439' title='bbox 616 3117 797 3155; x_wconf 83' lang='lat' dir='ltr'>detrahitur</span> <span class='ocrx_word' id='word_1_440' title='bbox 814 3140 824 3156; x_wconf 94' lang='lat'>,</span> <span class='ocrx_word' id='word_1_441' title='bbox 845 3117 975 3154; x_wconf 80' lang='lat' dir='ltr'>constat</span> <span class='ocrx_word' id='word_1_442' title='bbox 997 3117 1073 3153; x_wconf 85' lang='lat' dir='ltr'>fidei</span> <span class='ocrx_word' id='word_1_443' title='bbox 1088 3118 1258 3155; x_wconf 80' lang='lat' dir='ltr'>nihilomi-</span> 
     </span>
     <span class='ocr_line' id='line_1_64' title="bbox 321 3166 1259 3214; baseline -0.002 -10"><span class='ocrx_word' id='word_1_444' title='bbox 321 3181 383 3208; x_wconf 80' lang='lat' dir='ltr'>nus</span> <span class='ocrx_word' id='word_1_445' title='bbox 394 3166 563 3214; x_wconf 84' lang='lat' dir='ltr'>derogari:</span> <span class='ocrx_word' id='word_1_446' title='bbox 593 3167 762 3212; x_wconf 89' lang='lat' dir='ltr'>Qoniam</span> <span class='ocrx_word' id='word_1_447' title='bbox 775 3177 888 3201; x_wconf 83' lang='lat' dir='ltr'>mutua</span> <span class='ocrx_word' id='word_1_448' title='bbox 898 3166 955 3200; x_wconf 87' lang='lat' dir='ltr'>fibi</span> <span class='ocrx_word' id='word_1_449' title='bbox 968 3166 1108 3203; x_wconf 86' lang='lat' dir='ltr'>invicem</span> <span class='ocrx_word' id='word_1_450' title='bbox 1131 3167 1259 3202; x_wconf 87' lang='lat' dir='ltr'>ratione</span> 
     </span>
     <span class='ocr_line' id='line_1_65' title="bbox 320 3216 1260 3264; baseline -0.001 -8"><span class='ocrx_word' id='word_1_451' title='bbox 320 3230 478 3258; x_wconf 59' lang='lat' dir='ltr'>connexa</span> <span class='ocrx_word' id='word_1_452' title='bbox 488 3217 604 3256; x_wconf 85' lang='lat' dir='ltr'>eadem</span> <span class='ocrx_word' id='word_1_453' title='bbox 617 3219 736 3264; x_wconf 82' lang='lat' dir='ltr'>semper</span> <span class='ocrx_word' id='word_1_454' title='bbox 746 3218 778 3256; x_wconf 75' lang='grc' dir='ltr'>ὃς</span> <span class='ocrx_word' id='word_1_455' title='bbox 790 3216 958 3263; x_wconf 79' lang='lat' dir='ltr'>dispendia</span> <span class='ocrx_word' id='word_1_456' title='bbox 977 3217 1124 3255; x_wconf 81' lang='lat' dir='ltr'>sentiunt</span> <span class='ocrx_word' id='word_1_457' title='bbox 1144 3217 1178 3255; x_wconf 71' lang='lat' dir='ltr'>&lt;sc</span> <span class='ocrx_word' id='word_1_458' title='bbox 1189 3228 1260 3262; x_wconf 77' lang='lat' dir='ltr'>pro·</span> 
     </span>
     <span class='ocr_line' id='line_1_66' title="bbox 318 3280 456 3307; baseline -0.036 0"><span class='ocrx_word' id='word_1_459' title='bbox 318 3280 456 3307; x_wconf 70' lang='lat' dir='ltr'>ventus.</span> 
     </span>
    </p>

    <p class='ocr_par' dir='ltr' id='par_1_10' title="bbox 323 3316 1262 3516">
     <span class='ocr_line' id='line_1_67' title="bbox 373 3316 1261 3363; baseline -0.001 -9"><span class='ocrx_word' id='word_1_460' title='bbox 373 3317 480 3358; x_wconf 76' lang='grc' dir='ltr'><em>Ροηὸ</em></span> <span class='ocrx_word' id='word_1_461' title='bbox 499 3317 651 3355; x_wconf 69' lang='lat' dir='ltr'>adversus</span> <span class='ocrx_word' id='word_1_462' title='bbox 667 3328 744 3354; x_wconf 88' lang='lat' dir='ltr'>eum</span> <span class='ocrx_word' id='word_1_463' title='bbox 769 3316 861 3354; x_wconf 82' lang='lat' dir='ltr'>vobis</span> <span class='ocrx_word' id='word_1_464' title='bbox 880 3316 1044 3363; x_wconf 79' lang='lat' dir='ltr'>agendum</span> <span class='ocrx_word' id='word_1_465' title='bbox 1061 3316 1107 3351; x_wconf 84' lang='lat' dir='ltr'>est</span> <span class='ocrx_word' id='word_1_466' title='bbox 1131 3341 1141 3360; x_wconf 89' lang='lat'>,</span> <span class='ocrx_word' id='word_1_467' title='bbox 1167 3317 1261 3362; x_wconf 79' lang='lat' dir='ltr'>cujus</span> 
     </span>
     <span class='ocr_line' id='line_1_68' title="bbox 324 3366 1254 3410; baseline 0 -8"><span class='ocrx_word' id='word_1_468' title='bbox 324 3368 475 3406; x_wconf 81' lang='lat' dir='ltr'>astutiam</span> <span class='ocrx_word' id='word_1_469' title='bbox 492 3367 608 3405; x_wconf 89' lang='lat' dir='ltr'>remoti</span> <span class='ocrx_word' id='word_1_470' title='bbox 633 3392 645 3410; x_wconf 91' lang='lat'>,</span> <span class='ocrx_word' id='word_1_471' title='bbox 678 3366 777 3401; x_wconf 88' lang='lat' dir='ltr'>vicini</span> <span class='ocrx_word' id='word_1_472' title='bbox 799 3369 981 3410; x_wconf 78' lang='lat' dir='ltr'>potentiam</span> <span class='ocrx_word' id='word_1_473' title='bbox 1006 3391 1017 3408; x_wconf 87' lang='lat'>,</span> <span class='ocrx_word' id='word_1_474' title='bbox 1054 3367 1254 3402; x_wconf 88' lang='lat' dir='ltr'>severitatem</span> 
     </span>
     <span class='ocr_line' id='line_1_69' title="bbox 323 3416 1261 3466; baseline -0.001 -14"><span class='ocrx_word' id='word_1_475' title='bbox 323 3416 447 3452; x_wconf 83' lang='lat' dir='ltr'>subditi</span> <span class='ocrx_word' id='word_1_476' title='bbox 459 3417 688 3455; x_wconf 79' lang='lat' dir='ltr'>reformidant,</span> <span class='ocrx_word' id='word_1_477' title='bbox 716 3418 829 3466; x_wconf 84' lang='lat' dir='ltr'>Qem</span> <span class='ocrx_word' id='word_1_478' title='bbox 851 3417 934 3452; x_wconf 77' lang='lat' dir='ltr'>adeo</span> <span class='ocrx_word' id='word_1_479' title='bbox 944 3417 1046 3453; x_wconf 82' lang='lat' dir='ltr'>crebri</span> <span class='ocrx_word' id='word_1_480' title='bbox 1069 3418 1224 3454; x_wconf 78' lang='lat' dir='ltr'>successus</span> <span class='ocrx_word' id='word_1_481' title='bbox 1250 3443 1261 3462; x_wconf 87' lang='lat'>‚</span> 
     </span>
     <span class='ocr_line' id='line_1_70' title="bbox 324 3467 1262 3516; baseline 0.004 -14"><span class='ocrx_word' id='word_1_482' title='bbox 324 3467 509 3507; x_wconf 72' lang='lat' dir='ltr'>&amp;fortunae</span> <span class='ocrx_word' id='word_1_483' title='bbox 519 3469 623 3513; x_wconf 86' lang='lat' dir='ltr'>gratia</span> <span class='ocrx_word' id='word_1_484' title='bbox 646 3467 724 3507; x_wconf 83' lang='lat' dir='ltr'>fecit</span> <span class='ocrx_word' id='word_1_485' title='bbox 748 3467 942 3509; x_wconf 81' lang='lat' dir='ltr'>delicatum,</span> <span class='ocrx_word' id='word_1_486' title='bbox 970 3476 1008 3510; x_wconf 87' lang='lat' dir='ltr'>ut</span> <span class='ocrx_word' id='word_1_487' title='bbox 1021 3467 1181 3516; x_wconf 83' lang='lat' dir='ltr'>quidquid</span> <span class='ocrx_word' id='word_1_488' title='bbox 1192 3481 1262 3509; x_wconf 87' lang='lat' dir='ltr'>non</span> 
     </span>
    </p>
   </div>
   <div class='ocr_carea' id='block_1_8' title="bbox 1297 370 1832 421">
    <p class='ocr_par' dir='ltr' id='par_1_11' title="bbox 1297 370 1832 421">
     <span class='ocr_line' id='line_1_71' title="bbox 1297 370 1832 421; baseline -0.004 -16"><span class='ocrx_word' id='word_1_489' title='bbox 1297 384 1299 386; x_wconf 54' lang='grc'><strong>“</strong></span> <span class='ocrx_word' id='word_1_490' title='bbox 1321 370 1447 406; x_wconf 61' lang='lat' dir='ltr'>delictis</span> <span class='ocrx_word' id='word_1_491' title='bbox 1480 372 1605 421; x_wconf 84' lang='lat' dir='ltr'>irrogat</span> <span class='ocrx_word' id='word_1_492' title='bbox 1635 372 1799 408; x_wconf 85' lang='lat' dir='ltr'>ultionem</span> <span class='ocrx_word' id='word_1_493' title='bbox 1826 396 1832 403; x_wconf 94' lang='lat'><strong>.</strong></span> 
     </span>
    </p>
   </div>
   <div class='ocr_carea' id='block_1_9' title="bbox 1291 381 1314 3493">
    <p class='ocr_par' dir='ltr' id='par_1_12' title="bbox 1291 381 1314 3493">
     <span class='ocr_line' id='line_1_72' title="bbox 1291 381 1314 3493; baseline 0 0"><span class='ocrx_word' id='word_1_494' title='bbox 1291 381 1314 3493; x_wconf 95' lang='lat' dir='ltr'> </span> 
     </span>
    </p>
   </div>
   <div class='ocr_carea' id='block_1_10' title="bbox 1314 369 2293 924">
    <p class='ocr_par' dir='ltr' id='par_1_13' title="bbox 1314 369 2293 924">
     <span class='ocr_line' id='line_1_73' title="bbox 1870 369 2269 410; baseline 0.013 -5"><span class='ocrx_word' id='word_1_495' title='bbox 1870 369 1996 406; x_wconf 68' lang='lat' dir='ltr'>Verum</span> <span class='ocrx_word' id='word_1_496' title='bbox 2031 370 2210 410; x_wconf 80' lang='lat' dir='ltr'>humilitati</span> <span class='ocrx_word' id='word_1_497' title='bbox 2233 376 2269 409; x_wconf 70' lang='grc' dir='ltr'>ὃς</span> 
     </span>
     <span class='ocr_line' id='line_1_74' title="bbox 1320 419 2267 470; baseline 0 -12"><span class='ocrx_word' id='word_1_498' title='bbox 1320 420 1484 467; x_wconf 71' lang='lat' dir='ltr'>patientiae</span> <span class='ocrx_word' id='word_1_499' title='bbox 1514 420 1640 469; x_wconf 82' lang='lat' dir='ltr'>praestat</span> <span class='ocrx_word' id='word_1_500' title='bbox 1678 422 1711 456; x_wconf 90' lang='lat' dir='ltr'>se</span> <span class='ocrx_word' id='word_1_501' title='bbox 1733 419 2165 470; x_wconf 58' lang='lat' dir='ltr'>quandoquef&#39;trastabilem</span> <span class='ocrx_word' id='word_1_502' title='bbox 2182 449 2194 465; x_wconf 92' lang='lat'>,</span> <span class='ocrx_word' id='word_1_503' title='bbox 2219 426 2267 458; x_wconf 82' lang='lat' dir='ltr'>vi-&#39;</span> 
     </span>
     <span class='ocr_line' id='line_1_75' title="bbox 1319 470 2277 519; baseline 0.003 -13"><span class='ocrx_word' id='word_1_504' title='bbox 1319 470 1409 509; x_wconf 80' lang='lat' dir='ltr'>ribus</span> <span class='ocrx_word' id='word_1_505' title='bbox 1422 484 1490 508; x_wconf 90' lang='lat' dir='ltr'>non</span> <span class='ocrx_word' id='word_1_506' title='bbox 1501 472 1635 508; x_wconf 79' lang='lat' dir='ltr'>sustinet</span> <span class='ocrx_word' id='word_1_507' title='bbox 1647 472 1853 518; x_wconf 84' lang='lat' dir='ltr'>expugnari,</span> <span class='ocrx_word' id='word_1_508' title='bbox 1880 481 1915 506; x_wconf 91' lang='lat' dir='ltr'>ut</span> <span class='ocrx_word' id='word_1_509' title='bbox 1927 470 2023 516; x_wconf 73' lang='lat' dir='ltr'>plane</span> <span class='ocrx_word' id='word_1_510' title='bbox 2044 472 2205 519; x_wconf 81' lang='lat' dir='ltr'>quidquid</span> <span class='ocrx_word' id='word_1_511' title='bbox 2219 475 2277 509; x_wconf 90' lang='lat' dir='ltr'>fe·-</span> 
     </span>
     <span class='ocr_line' id='line_1_76' title="bbox 1319 521 2266 567; baseline 0.003 -11"><span class='ocrx_word' id='word_1_512' title='bbox 1319 521 1423 562; x_wconf 79' lang='lat' dir='ltr'>cerit,</span> <span class='ocrx_word' id='word_1_513' title='bbox 1449 522 1490 557; x_wconf 89' lang='lat' dir='ltr'>de</span> <span class='ocrx_word' id='word_1_514' title='bbox 1509 525 1679 560; x_wconf 81' lang='lat' dir='ltr'>voluntate</span> <span class='ocrx_word' id='word_1_515' title='bbox 1704 522 1853 559; x_wconf 87' lang='lat' dir='ltr'>videatur</span> <span class='ocrx_word' id='word_1_516' title='bbox 1874 548 1885 564; x_wconf 92' lang='lat'>‚</span> <span class='ocrx_word' id='word_1_517' title='bbox 1911 534 1978 557; x_wconf 89' lang='lat' dir='ltr'>non</span> <span class='ocrx_word' id='word_1_518' title='bbox 2002 521 2046 556; x_wconf 89' lang='lat' dir='ltr'>de</span> <span class='ocrx_word' id='word_1_519' title='bbox 2067 524 2266 567; x_wconf 75' lang='lat' dir='ltr'>impotentia</span> 
     </span>
     <span class='ocr_line' id='line_1_77' title="bbox 1319 572 2271 624; baseline 0.002 -18"><span class='ocrx_word' id='word_1_520' title='bbox 1319 573 1501 618; x_wconf 76' lang='lat' dir='ltr'>provenisse</span> <span class='ocrx_word' id='word_1_521' title='bbox 1510 598 1519 609; x_wconf 76' lang='grc'>,.</span> <span class='ocrx_word' id='word_1_522' title='bbox 1543 573 1672 624; x_wconf 77' lang='lat' dir='ltr'>Qaerit</span> <span class='ocrx_word' id='word_1_523' title='bbox 1684 573 1774 608; x_wconf 91' lang='lat' dir='ltr'>enim</span> <span class='ocrx_word' id='word_1_524' title='bbox 1785 573 1898 619; x_wconf 70' lang='lat' dir='ltr'>potius</span> <span class='ocrx_word' id='word_1_525' title='bbox 1906 572 2046 617; x_wconf 86' lang='lat' dir='ltr'>gloriam</span> <span class='ocrx_word' id='word_1_526' title='bbox 2061 597 2071 613; x_wconf 89' lang='lat'>,</span> <span class='ocrx_word' id='word_1_527' title='bbox 2083 573 2183 621; x_wconf 76' lang='lat' dir='ltr'>quam</span> <span class='ocrx_word' id='word_1_528' title='bbox 2197 582 2271 617; x_wconf 82' lang='lat' dir='ltr'>pro·</span> 
     </span>
     <span class='ocr_line' id='line_1_78' title="bbox 1321 623 2275 672; baseline -0.002 -14"><span class='ocrx_word' id='word_1_529' title='bbox 1321 630 1453 659; x_wconf 81' lang='lat' dir='ltr'>ventum</span> <span class='ocrx_word' id='word_1_530' title='bbox 1469 649 1477 658; x_wconf 84' lang='lat'>,</span> <span class='ocrx_word' id='word_1_531' title='bbox 1515 624 1619 672; x_wconf 72' lang='lat' dir='ltr'>Qud</span> <span class='ocrx_word' id='word_1_532' title='bbox 1640 624 1676 659; x_wconf 88' lang='lat' dir='ltr'>in</span> <span class='ocrx_word' id='word_1_533' title='bbox 1700 623 1853 667; x_wconf 85' lang='lat' dir='ltr'>Principe</span> <span class='ocrx_word' id='word_1_534' title='bbox 1874 623 1977 667; x_wconf 74' lang='lat' dir='ltr'>posset</span> <span class='ocrx_word' id='word_1_535' title='bbox 1998 623 2074 657; x_wconf 88' lang='lat' dir='ltr'>satis</span> <span class='ocrx_word' id='word_1_536' title='bbox 2098 633 2275 659; x_wconf 80' lang='lat' dir='ltr'>commen-</span> 
     </span>
     <span class='ocr_line' id='line_1_79' title="bbox 1319 669 2269 720; baseline -0.001 -13"><span class='ocrx_word' id='word_1_537' title='bbox 1319 669 1428 707; x_wconf 80' lang='lat' dir='ltr'>dabile</span> <span class='ocrx_word' id='word_1_538' title='bbox 1441 675 1578 719; x_wconf 87' lang='lat' dir='ltr'>reputari</span> <span class='ocrx_word' id='word_1_539' title='bbox 1592 698 1602 715; x_wconf 89' lang='lat'>,</span> <span class='ocrx_word' id='word_1_540' title='bbox 1628 674 1650 707; x_wconf 76' lang='lat' dir='ltr'>si</span> <span class='ocrx_word' id='word_1_541' title='bbox 1662 674 1777 720; x_wconf 79' lang='lat' dir='ltr'>gloriae</span> <span class='ocrx_word' id='word_1_542' title='bbox 1787 674 1955 710; x_wconf 86' lang='lat' dir='ltr'>materiam</span> <span class='ocrx_word' id='word_1_543' title='bbox 1967 673 2067 709; x_wconf 82' lang='lat' dir='ltr'>virtus</span> <span class='ocrx_word' id='word_1_544' title='bbox 2077 673 2112 710; x_wconf 72' lang='grc' dir='ltr'>,ἀ</span> <span class='ocrx_word' id='word_1_545' title='bbox 2125 674 2244 710; x_wconf 77' lang='lat' dir='ltr'>veritas</span> <span class='ocrx_word' id='word_1_546' title='bbox 2257 698 2269 714; x_wconf 90' lang='lat'>‚</span> 
     </span>
     <span class='ocr_line' id='line_1_80' title="bbox 1315 722 2268 768; baseline 0.001 -11"><span class='ocrx_word' id='word_1_547' title='bbox 1315 724 1390 757; x_wconf 73' lang='lat' dir='ltr'>&#39;non</span> <span class='ocrx_word' id='word_1_548' title='bbox 1417 724 1543 759; x_wconf 83' lang='lat' dir='ltr'>vanitas</span> <span class='ocrx_word' id='word_1_549' title='bbox 1562 724 1594 758; x_wconf 74' lang='grc' dir='ltr'>δε</span> <span class='ocrx_word' id='word_1_550' title='bbox 1618 722 1723 761; x_wconf 84' lang='lat' dir='ltr'>dulcis</span> <span class='ocrx_word' id='word_1_551' title='bbox 1746 725 1848 768; x_wconf 91' lang='lat' dir='ltr'>usque</span> <span class='ocrx_word' id='word_1_552' title='bbox 1871 724 2090 760; x_wconf 67' lang='lat' dir='ltr'>meretricium</span> <span class='ocrx_word' id='word_1_553' title='bbox 2112 723 2268 766; x_wconf 83' lang='lat' dir='ltr'>adulatio</span> 
     </span>
     <span class='ocr_line' id='line_1_81' title="bbox 1314 774 2265 819; baseline -0.001 -13"><span class='ocrx_word' id='word_1_554' title='bbox 1314 782 1540 818; x_wconf 77' lang='lat' dir='ltr'>comparaoet..</span> <span class='ocrx_word' id='word_1_555' title='bbox 1567 775 1712 819; x_wconf 78' lang='lat' dir='ltr'>Magnus</span> <span class='ocrx_word' id='word_1_556' title='bbox 1721 774 1766 811; x_wconf 84' lang='lat' dir='ltr'>est</span> <span class='ocrx_word' id='word_1_557' title='bbox 1779 798 1790 814; x_wconf 93' lang='lat'>‚</span> <span class='ocrx_word' id='word_1_558' title='bbox 1818 774 2063 819; x_wconf 88' lang='lat' dir='ltr'>multorumque</span> <span class='ocrx_word' id='word_1_559' title='bbox 2073 774 2239 810; x_wconf 84' lang='lat' dir='ltr'>maximus</span> <span class='ocrx_word' id='word_1_560' title='bbox 2256 785 2265 805; x_wconf 89' lang='lat'>:</span> 
     </span>
     <span class='ocr_line' id='line_1_82' title="bbox 1322 822 2293 873; baseline -0.001 -13"><span class='ocrx_word' id='word_1_561' title='bbox 1322 822 1494 873; x_wconf 77' lang='lat' dir='ltr'>Qoniam</span> <span class='ocrx_word' id='word_1_562' title='bbox 1532 835 1592 858; x_wconf 85' lang='lat' dir='ltr'>nec</span> <span class='ocrx_word' id='word_1_563' title='bbox 1629 824 1826 870; x_wconf 84' lang='lat' dir='ltr'>superiorem</span> <span class='ocrx_word' id='word_1_564' title='bbox 1864 823 1963 859; x_wconf 86' lang='lat' dir='ltr'>habet</span> <span class='ocrx_word' id='word_1_565' title='bbox 2008 827 2064 869; x_wconf 86' lang='lat' dir='ltr'>qui</span> <span class='ocrx_word' id='word_1_566' title='bbox 2099 834 2219 861; x_wconf 85' lang='lat' dir='ltr'>terreat</span> <span class='ocrx_word' id='word_1_567' title='bbox 2253 848 2265 864; x_wconf 88' lang='lat'>,</span> <span class='ocrx_word' id='word_1_568' title='bbox 2290 866 2293 872; x_wconf 33' lang='lat' dir='ltr'><em>s</em></span> 
     </span>
     <span class='ocr_line' id='line_1_83' title="bbox 1321 870 2269 924; baseline -0.001 -18"><span class='ocrx_word' id='word_1_569' title='bbox 1321 882 1426 916; x_wconf 88' lang='lat' dir='ltr'>neque</span> <span class='ocrx_word' id='word_1_570' title='bbox 1448 873 1613 910; x_wconf 86' lang='lat' dir='ltr'>subditum</span> <span class='ocrx_word' id='word_1_571' title='bbox 1634 875 1691 918; x_wconf 85' lang='lat' dir='ltr'>qui</span> <span class='ocrx_word' id='word_1_572' title='bbox 1710 884 1884 924; x_wconf 77' lang='lat' dir='ltr'>repugnet.</span> <span class='ocrx_word' id='word_1_573' title='bbox 1920 875 1992 909; x_wconf 87' lang='lat' dir='ltr'>Nec</span> <span class='ocrx_word' id='word_1_574' title='bbox 2015 875 2132 911; x_wconf 85' lang='lat' dir='ltr'>alienis</span> <span class='ocrx_word' id='word_1_575' title='bbox 2144 870 2269 910; x_wconf 82' lang='lat' dir='ltr'>extrin-</span> 
     </span>
    </p>
   </div>
   <div class='ocr_carea' id='block_1_11' title="bbox 1312 923 2268 968">
    <p class='ocr_par' dir='ltr' id='par_1_14' title="bbox 1312 923 2268 968">
     <span class='ocr_line' id='line_1_84' title="bbox 1312 923 2268 968; baseline -0.001 -10"><span class='ocrx_word' id='word_1_576' title='bbox 1312 923 1409 960; x_wconf 65' lang='lat' dir='ltr'>secus</span> <span class='ocrx_word' id='word_1_577' title='bbox 1420 924 1565 967; x_wconf 84' lang='lat' dir='ltr'>pulsatur</span> <span class='ocrx_word' id='word_1_578' title='bbox 1578 924 1702 967; x_wconf 77' lang='lat' dir='ltr'>injuriis</span> <span class='ocrx_word' id='word_1_579' title='bbox 1717 948 1728 964; x_wconf 92' lang='lat'>,</span> <span class='ocrx_word' id='word_1_580' title='bbox 1749 924 1868 968; x_wconf 85' lang='lat' dir='ltr'>quibus</span> <span class='ocrx_word' id='word_1_581' title='bbox 1877 924 1918 959; x_wconf 89' lang='lat' dir='ltr'>ab</span> <span class='ocrx_word' id='word_1_582' title='bbox 1937 925 2057 961; x_wconf 85' lang='lat' dir='ltr'>innato</span> <span class='ocrx_word' id='word_1_583' title='bbox 2078 923 2268 960; x_wconf 77' lang='lat' dir='ltr'>domestica.-</span> 
     </span>
    </p>
   </div>
   <div class='ocr_carea' id='block_1_12' title="bbox 1316 973 2275 1419">
    <p class='ocr_par' dir='ltr' id='par_1_15' title="bbox 1316 973 2275 1419">
     <span class='ocr_line' id='line_1_85' title="bbox 1319 973 2270 1018; baseline 0.002 -12"><span class='ocrx_word' id='word_1_584' title='bbox 1319 973 1456 1010; x_wconf 86' lang='lat' dir='ltr'>feritatis</span> <span class='ocrx_word' id='word_1_585' title='bbox 1473 975 1676 1010; x_wconf 84' lang='lat' dir='ltr'>mansuescat</span> <span class='ocrx_word' id='word_1_586' title='bbox 1693 974 1810 1010; x_wconf 67' lang='lat' dir='ltr'>affeetu</span> <span class='ocrx_word' id='word_1_587' title='bbox 1822 999 1833 1015; x_wconf 92' lang='lat'>,</span> <span class='ocrx_word' id='word_1_588' title='bbox 1863 973 1915 1008; x_wconf 91' lang='lat' dir='ltr'>sed</span> <span class='ocrx_word' id='word_1_589' title='bbox 1938 986 2055 1012; x_wconf 73' lang='lat' dir='ltr'>omnes</span> <span class='ocrx_word' id='word_1_590' title='bbox 2080 975 2137 1018; x_wconf 83' lang='lat' dir='ltr'>qui</span> <span class='ocrx_word' id='word_1_591' title='bbox 2150 973 2270 1010; x_wconf 76' lang='lat' dir='ltr'>advet-</span> 
     </span>
     <span class='ocr_line' id='line_1_86' title="bbox 1319 1020 2268 1068; baseline 0.004 -12"><span class='ocrx_word' id='word_1_592' title='bbox 1319 1020 1372 1059; x_wconf 68' lang='lat' dir='ltr'>sus</span> <span class='ocrx_word' id='word_1_593' title='bbox 1388 1033 1465 1060; x_wconf 87' lang='lat' dir='ltr'>eum</span> <span class='ocrx_word' id='word_1_594' title='bbox 1498 1024 1725 1061; x_wconf 81' lang='lat' dir='ltr'>contentionis</span> <span class='ocrx_word' id='word_1_595' title='bbox 1757 1024 1868 1060; x_wconf 83' lang='lat' dir='ltr'>causas</span> <span class='ocrx_word' id='word_1_596' title='bbox 1888 1022 2009 1059; x_wconf 78' lang='lat' dir='ltr'>habent</span> <span class='ocrx_word' id='word_1_597' title='bbox 2039 1048 2050 1064; x_wconf 92' lang='lat'>‚</span> <span class='ocrx_word' id='word_1_598' title='bbox 2089 1024 2199 1068; x_wconf 73' lang='lat' dir='ltr'>potius</span> <span class='ocrx_word' id='word_1_599' title='bbox 2223 1022 2268 1060; x_wconf 78' lang='lat' dir='ltr'>ad</span> 
     </span>
     <span class='ocr_line' id='line_1_87' title="bbox 1320 1072 2269 1119; baseline 0.001 -12"><span class='ocrx_word' id='word_1_600' title='bbox 1320 1083 1408 1107; x_wconf 73' lang='lat' dir='ltr'>vanas</span> <span class='ocrx_word' id='word_1_601' title='bbox 1430 1074 1516 1117; x_wconf 83' lang='lat' dir='ltr'>pacis</span> <span class='ocrx_word' id='word_1_602' title='bbox 1534 1074 1655 1111; x_wconf 80' lang='lat' dir='ltr'>foedera</span> <span class='ocrx_word' id='word_1_603' title='bbox 1677 1074 1817 1117; x_wconf 84' lang='lat' dir='ltr'>peritura</span> <span class='ocrx_word' id='word_1_604' title='bbox 1834 1074 2042 1108; x_wconf 87' lang='lat' dir='ltr'>conveniunt</span> <span class='ocrx_word' id='word_1_605' title='bbox 2064 1098 2075 1115; x_wconf 91' lang='lat'>,</span> <span class='ocrx_word' id='word_1_606' title='bbox 2101 1076 2201 1119; x_wconf 78' lang='lat' dir='ltr'>quam</span> <span class='ocrx_word' id='word_1_607' title='bbox 2224 1072 2269 1110; x_wconf 72' lang='lat' dir='ltr'>ad</span> 
     </span>
     <span class='ocr_line' id='line_1_88' title="bbox 1319 1122 2272 1169; baseline 0.003 -13"><span class='ocrx_word' id='word_1_608' title='bbox 1319 1123 1438 1158; x_wconf 87' lang='lat' dir='ltr'>virium</span> <span class='ocrx_word' id='word_1_609' title='bbox 1461 1125 1685 1168; x_wconf 72' lang='lat' dir='ltr'>experimenta</span> <span class='ocrx_word' id='word_1_610' title='bbox 1706 1122 1902 1160; x_wconf 80' lang='lat' dir='ltr'>decurrant.</span> <span class='ocrx_word' id='word_1_611' title='bbox 1941 1122 2114 1169; x_wconf 79' lang='lat' dir='ltr'>Qoniam</span> <span class='ocrx_word' id='word_1_612' title='bbox 2137 1124 2272 1159; x_wconf 75' lang='lat' dir='ltr'>divitia·</span> 
     </span>
     <span class='ocr_line' id='line_1_89' title="bbox 1318 1172 2266 1218; baseline 0.001 -10"><span class='ocrx_word' id='word_1_613' title='bbox 1318 1184 1389 1208; x_wconf 83' lang='lat' dir='ltr'>rum</span> <span class='ocrx_word' id='word_1_614' title='bbox 1402 1173 1514 1217; x_wconf 85' lang='lat' dir='ltr'>copia,</span> <span class='ocrx_word' id='word_1_615' title='bbox 1542 1173 1754 1209; x_wconf 79' lang='lat' dir='ltr'>multitudine</span> <span class='ocrx_word' id='word_1_616' title='bbox 1775 1173 1935 1213; x_wconf 87' lang='lat' dir='ltr'>fortium,</span> <span class='ocrx_word' id='word_1_617' title='bbox 1958 1172 2180 1218; x_wconf 75' lang='lat' dir='ltr'>amplitudine</span> <span class='ocrx_word' id='word_1_618' title='bbox 2201 1174 2266 1217; x_wconf 75' lang='lat' dir='ltr'>pd-</span> 
     </span>
     <span class='ocr_line' id='line_1_90' title="bbox 1317 1220 2275 1271; baseline 0.001 -15"><span class='ocrx_word' id='word_1_619' title='bbox 1317 1223 1441 1260; x_wconf 78' lang='lat' dir='ltr'>testatis</span> <span class='ocrx_word' id='word_1_620' title='bbox 1462 1224 1612 1260; x_wconf 84' lang='lat' dir='ltr'>excedit.</span> <span class='ocrx_word' id='word_1_621' title='bbox 1639 1223 1741 1271; x_wconf 77' lang='lat' dir='ltr'>Qud</span> <span class='ocrx_word' id='word_1_622' title='bbox 1763 1222 1839 1259; x_wconf 78' lang='lat' dir='ltr'>sane</span> <span class='ocrx_word' id='word_1_623' title='bbox 1855 1222 2096 1266; x_wconf 83' lang='lat' dir='ltr'>contemplati,</span> <span class='ocrx_word' id='word_1_624' title='bbox 2123 1220 2275 1268; x_wconf 56' lang='lat' dir='ltr'>quonih*</span> 
     </span>
     <span class='ocr_line' id='line_1_91' title="bbox 1317 1272 2270 1320; baseline -0.001 -13"><span class='ocrx_word' id='word_1_625' title='bbox 1317 1285 1381 1317; x_wconf 90' lang='lat' dir='ltr'>ope</span> <span class='ocrx_word' id='word_1_626' title='bbox 1405 1274 1484 1314; x_wconf 88' lang='lat' dir='ltr'>niti,</span> <span class='ocrx_word' id='word_1_627' title='bbox 1515 1284 1659 1319; x_wconf 87' lang='lat' dir='ltr'>quorum</span> <span class='ocrx_word' id='word_1_628' title='bbox 1678 1274 1799 1309; x_wconf 88' lang='lat' dir='ltr'>muniri</span> <span class='ocrx_word' id='word_1_629' title='bbox 1824 1273 1964 1307; x_wconf 84' lang='lat' dir='ltr'>consilio</span> <span class='ocrx_word' id='word_1_630' title='bbox 1984 1296 1996 1315; x_wconf 83' lang='lat'>,</span> <span class='ocrx_word' id='word_1_631' title='bbox 2036 1283 2179 1320; x_wconf 82' lang='lat' dir='ltr'>quorum</span> <span class='ocrx_word' id='word_1_632' title='bbox 2203 1272 2270 1317; x_wconf 72' lang='lat' dir='ltr'>sus·</span> 
     </span>
     <span class='ocr_line' id='line_1_92' title="bbox 1316 1321 2272 1369; baseline -0.003 -10"><span class='ocrx_word' id='word_1_633' title='bbox 1316 1323 1423 1369; x_wconf 88' lang='lat' dir='ltr'>fragio</span> <span class='ocrx_word' id='word_1_634' title='bbox 1435 1323 1611 1365; x_wconf 86' lang='lat' dir='ltr'>debuistis,</span> <span class='ocrx_word' id='word_1_635' title='bbox 1636 1323 1655 1360; x_wconf 73' lang='lat' dir='ltr'>a</span> <span class='ocrx_word' id='word_1_636' title='bbox 1669 1322 1761 1358; x_wconf 84' lang='lat' dir='ltr'>vobis</span> <span class='ocrx_word' id='word_1_637' title='bbox 1783 1324 1873 1358; x_wconf 81' lang='lat' dir='ltr'>velut</span> <span class='ocrx_word' id='word_1_638' title='bbox 1894 1323 1980 1359; x_wconf 68' lang='lat' dir='ltr'>fatto</span> <span class='ocrx_word' id='word_1_639' title='bbox 1991 1323 2127 1368; x_wconf 79' lang='lat' dir='ltr'>agmine</span> <span class='ocrx_word' id='word_1_640' title='bbox 2146 1321 2272 1357; x_wconf 73' lang='lat' dir='ltr'>disces.</span> 
     </span>
     <span class='ocr_line' id='line_1_93' title="bbox 1318 1371 2275 1419; baseline 0 -11"><span class='ocrx_word' id='word_1_641' title='bbox 1318 1375 1426 1408; x_wconf 86' lang='lat' dir='ltr'>serunt</span> <span class='ocrx_word' id='word_1_642' title='bbox 1440 1398 1451 1414; x_wconf 91' lang='lat'>,</span> <span class='ocrx_word' id='word_1_643' title='bbox 1479 1374 1535 1419; x_wconf 87' lang='lat' dir='ltr'>qui</span> <span class='ocrx_word' id='word_1_644' title='bbox 1549 1372 1696 1411; x_wconf 72' lang='lat' dir='ltr'>maxime</span> <span class='ocrx_word' id='word_1_645' title='bbox 1706 1374 1853 1408; x_wconf 88' lang='lat' dir='ltr'>nominis</span> <span class='ocrx_word' id='word_1_646' title='bbox 1864 1373 2086 1409; x_wconf 76' lang='lat' dir='ltr'>saltationem</span> <span class='ocrx_word' id='word_1_647' title='bbox 2108 1371 2275 1416; x_wconf 59' lang='lat' dir='ltr'>deberem</span> 
     </span>
    </p>
   </div>
   <div class='ocr_carea' id='block_1_13' title="bbox 1308 1419 2270 1518">
    <p class='ocr_par' dir='ltr' id='par_1_16' title="bbox 1308 1419 2270 1518">
     <span class='ocr_line' id='line_1_94' title="bbox 1308 1419 2270 1469; baseline 0 -12"><span class='ocrx_word' id='word_1_648' title='bbox 1308 1425 1512 1469; x_wconf 61' lang='lat' dir='ltr'>agnoscere,</span> <span class='ocrx_word' id='word_1_649' title='bbox 1548 1424 1582 1458; x_wconf 91' lang='lat'>&amp;</span> <span class='ocrx_word' id='word_1_650' title='bbox 1617 1425 1648 1458; x_wconf 88' lang='lat' dir='ltr'>se</span> <span class='ocrx_word' id='word_1_651' title='bbox 1685 1422 1779 1459; x_wconf 89' lang='lat' dir='ltr'>vobis</span> <span class='ocrx_word' id='word_1_652' title='bbox 1813 1424 2033 1469; x_wconf 86' lang='lat' dir='ltr'>suffraganeos</span> <span class='ocrx_word' id='word_1_653' title='bbox 2068 1421 2227 1458; x_wconf 71' lang='lat' dir='ltr'>exhibete</span> <span class='ocrx_word' id='word_1_654' title='bbox 2250 1419 2270 1457; x_wconf 61' lang='grc' dir='ltr'>α’</span> 
     </span>
     <span class='ocr_line' id='line_1_95' title="bbox 1309 1472 2267 1518; baseline -0.002 -10"><span class='ocrx_word' id='word_1_655' title='bbox 1309 1473 1463 1509; x_wconf 75' lang='lat' dir='ltr'>&#39;Utinam</span> <span class='ocrx_word' id='word_1_656' title='bbox 1487 1473 1623 1518; x_wconf 84' lang='lat' dir='ltr'>pristinae</span> <span class='ocrx_word' id='word_1_657' title='bbox 1643 1473 1849 1518; x_wconf 76' lang='lat' dir='ltr'>professionis</span> <span class='ocrx_word' id='word_1_658' title='bbox 1866 1474 1925 1507; x_wconf 79' lang='lat' dir='ltr'>suae</span> <span class='ocrx_word' id='word_1_659' title='bbox 1942 1484 2103 1508; x_wconf 77' lang='lat' dir='ltr'>memores</span> <span class='ocrx_word' id='word_1_660' title='bbox 2128 1472 2267 1507; x_wconf 84' lang='lat' dir='ltr'>exstitis-</span> 
     </span>
    </p>
   </div>
   <div class='ocr_carea' id='block_1_14' title="bbox 1315 1524 2284 3555">
    <p class='ocr_par' dir='ltr' id='par_1_17' title="bbox 1315 1524 2284 3555">
     <span class='ocr_line' id='line_1_96' title="bbox 1316 1524 2267 1568; baseline 0 -12"><span class='ocrx_word' id='word_1_661' title='bbox 1316 1525 1407 1568; x_wconf 84' lang='lat' dir='ltr'>sent,</span> <span class='ocrx_word' id='word_1_662' title='bbox 1434 1535 1505 1568; x_wconf 80' lang='lat' dir='ltr'>quae</span> <span class='ocrx_word' id='word_1_663' title='bbox 1529 1524 1693 1568; x_wconf 88' lang='lat' dir='ltr'>completa</span> <span class='ocrx_word' id='word_1_664' title='bbox 1715 1524 1811 1558; x_wconf 89' lang='lat' dir='ltr'>semel</span> <span class='ocrx_word' id='word_1_665' title='bbox 1835 1525 1868 1558; x_wconf 90' lang='lat' dir='ltr'>in</span> <span class='ocrx_word' id='word_1_666' title='bbox 1882 1524 1994 1558; x_wconf 81' lang='lat' dir='ltr'>seriem</span> <span class='ocrx_word' id='word_1_667' title='bbox 2017 1532 2125 1557; x_wconf 82' lang='lat' dir='ltr'>totam</span> <span class='ocrx_word' id='word_1_668' title='bbox 2149 1524 2267 1559; x_wconf 79' lang='lat' dir='ltr'>futurae</span> 
     </span>
     <span class='ocr_line' id='line_1_97' title="bbox 1317 1572 2265 1619; baseline 0 -13"><span class='ocrx_word' id='word_1_669' title='bbox 1317 1572 1524 1610; x_wconf 72' lang='lat' dir='ltr'>successionis</span> <span class='ocrx_word' id='word_1_670' title='bbox 1550 1573 1761 1615; x_wconf 79' lang='lat' dir='ltr'>extenditur,</span> <span class='ocrx_word' id='word_1_671' title='bbox 1786 1573 1821 1611; x_wconf 73' lang='grc' dir='ltr'>ὃ(</span> <span class='ocrx_word' id='word_1_672' title='bbox 1846 1573 2149 1617; x_wconf 75' lang='lat' dir='ltr'>novasuccedente</span> <span class='ocrx_word' id='word_1_673' title='bbox 2171 1582 2265 1619; x_wconf 78' lang='lat' dir='ltr'>vetus</span> 
     </span>
     <span class='ocr_line' id='line_1_98' title="bbox 1318 1616 2269 1669; baseline -0.001 -13"><span class='ocrx_word' id='word_1_674' title='bbox 1318 1624 1438 1665; x_wconf 87' lang='lat' dir='ltr'>semper</span> <span class='ocrx_word' id='word_1_675' title='bbox 1449 1623 1484 1658; x_wconf 86' lang='lat' dir='ltr'>in</span> <span class='ocrx_word' id='word_1_676' title='bbox 1497 1622 1530 1656; x_wconf 83' lang='lat' dir='ltr'>id</span> <span class='ocrx_word' id='word_1_677' title='bbox 1560 1622 1666 1666; x_wconf 85' lang='lat' dir='ltr'>ipsum</span> <span class='ocrx_word' id='word_1_678' title='bbox 1687 1621 1850 1669; x_wconf 80' lang='lat' dir='ltr'>obligatio</span> <span class='ocrx_word' id='word_1_679' title='bbox 1871 1618 2065 1666; x_wconf 74' lang='lat' dir='ltr'>reformatur</span> <span class='ocrx_word' id='word_1_680' title='bbox 2079 1646 2086 1653; x_wconf 95' lang='lat'>.</span> <span class='ocrx_word' id='word_1_681' title='bbox 2116 1621 2166 1656; x_wconf 89' lang='lat' dir='ltr'>Hi</span> <span class='ocrx_word' id='word_1_682' title='bbox 2191 1616 2269 1657; x_wconf 64' lang='lat' dir='ltr'>sunt</span> 
     </span>
     <span class='ocr_line' id='line_1_99' title="bbox 1317 1668 2263 1718; baseline -0.002 -12"><span class='ocrx_word' id='word_1_683' title='bbox 1317 1672 1373 1718; x_wconf 86' lang='lat' dir='ltr'>qui</span> <span class='ocrx_word' id='word_1_684' title='bbox 1396 1671 1436 1706; x_wconf 89' lang='lat' dir='ltr'>ad</span> <span class='ocrx_word' id='word_1_685' title='bbox 1459 1672 1589 1708; x_wconf 86' lang='lat' dir='ltr'>causam</span> <span class='ocrx_word' id='word_1_686' title='bbox 1611 1670 1751 1706; x_wconf 85' lang='lat' dir='ltr'>vestram</span> <span class='ocrx_word' id='word_1_687' title='bbox 1772 1695 1783 1713; x_wconf 89' lang='lat'>‚</span> <span class='ocrx_word' id='word_1_688' title='bbox 1820 1671 1929 1706; x_wconf 72' lang='lat' dir='ltr'>imme&gt;</span> <span class='ocrx_word' id='word_1_689' title='bbox 1948 1668 2080 1706; x_wconf 57' lang='lat' dir='ltr'>caussam</span> <span class='ocrx_word' id='word_1_690' title='bbox 2100 1670 2224 1707; x_wconf 74' lang='lat' dir='ltr'>Christi</span> <span class='ocrx_word' id='word_1_691' title='bbox 2250 1696 2263 1713; x_wconf 90' lang='lat'>,</span> 
     </span>
     <span class='ocr_line' id='line_1_100' title="bbox 1316 1719 2270 1767; baseline 0 -12"><span class='ocrx_word' id='word_1_692' title='bbox 1316 1733 1372 1766; x_wconf 84' lang='lat' dir='ltr'>per</span> <span class='ocrx_word' id='word_1_693' title='bbox 1382 1722 1496 1755; x_wconf 86' lang='lat' dir='ltr'>omnia</span> <span class='ocrx_word' id='word_1_694' title='bbox 1508 1720 1694 1756; x_wconf 89' lang='lat' dir='ltr'>discrimina</span> <span class='ocrx_word' id='word_1_695' title='bbox 1707 1720 1966 1765; x_wconf 85' lang='lat' dir='ltr'>prosequendam</span> <span class='ocrx_word' id='word_1_696' title='bbox 1992 1720 2188 1767; x_wconf 80' lang='lat' dir='ltr'>tenebantur</span> <span class='ocrx_word' id='word_1_697' title='bbox 2210 1719 2270 1755; x_wconf 81' lang='lat' dir='ltr'>ob-</span> 
     </span>
     <span class='ocr_line' id='line_1_101' title="bbox 1318 1765 2284 1811; baseline 0.004 -9"><span class='ocrx_word' id='word_1_698' title='bbox 1318 1770 1412 1804; x_wconf 80' lang='lat' dir='ltr'>noxii</span> <span class='ocrx_word' id='word_1_699' title='bbox 1437 1793 1449 1809; x_wconf 89' lang='lat'>,</span> <span class='ocrx_word' id='word_1_700' title='bbox 1475 1771 1497 1802; x_wconf 85' lang='lat' dir='ltr'>fi</span> <span class='ocrx_word' id='word_1_701' title='bbox 1527 1768 1654 1802; x_wconf 84' lang='lat' dir='ltr'>ordinis</span> <span class='ocrx_word' id='word_1_702' title='bbox 1676 1768 1724 1807; x_wconf 84' lang='lat' dir='ltr'>sui</span> <span class='ocrx_word' id='word_1_703' title='bbox 1756 1769 1936 1811; x_wconf 85' lang='lat' dir='ltr'>debitum,</span> <span class='ocrx_word' id='word_1_704' title='bbox 1963 1770 1997 1805; x_wconf 73' lang='grc' dir='ltr'>ἀ</span> <span class='ocrx_word' id='word_1_705' title='bbox 2030 1765 2284 1807; x_wconf 47' lang='lat' dir='ltr'>detrimentis&amp;</span> 
     </span>
     <span class='ocr_line' id='line_1_102' title="bbox 1318 1817 2264 1863; baseline 0.001 -10"><span class='ocrx_word' id='word_1_706' title='bbox 1318 1818 1546 1856; x_wconf 76' lang='lat' dir='ltr'>Ecclefiasticae</span> <span class='ocrx_word' id='word_1_707' title='bbox 1596 1817 1754 1852; x_wconf 85' lang='lat' dir='ltr'>libertatis</span> <span class='ocrx_word' id='word_1_708' title='bbox 1799 1817 2005 1854; x_wconf 83' lang='lat' dir='ltr'>attenderent</span> <span class='ocrx_word' id='word_1_709' title='bbox 2039 1842 2048 1852; x_wconf 83' lang='lat'><strong>.</strong></span> <span class='ocrx_word' id='word_1_710' title='bbox 2085 1818 2154 1854; x_wconf 85' lang='lat' dir='ltr'>Sed</span> <span class='ocrx_word' id='word_1_711' title='bbox 2198 1830 2264 1863; x_wconf 84' lang='lat' dir='ltr'>qua</span> 
     </span>
     <span class='ocr_line' id='line_1_103' title="bbox 1318 1866 2270 1917; baseline 0.002 -14"><span class='ocrx_word' id='word_1_712' title='bbox 1318 1868 1402 1911; x_wconf 83' lang='lat' dir='ltr'>fide,</span> <span class='ocrx_word' id='word_1_713' title='bbox 1428 1878 1493 1917; x_wconf 85' lang='lat' dir='ltr'>qua</span> <span class='ocrx_word' id='word_1_714' title='bbox 1505 1867 1664 1904; x_wconf 86' lang='lat' dir='ltr'>charitate</span> <span class='ocrx_word' id='word_1_715' title='bbox 1676 1866 1842 1904; x_wconf 74' lang='lat' dir='ltr'>vobiscum</span> <span class='ocrx_word' id='word_1_716' title='bbox 1864 1892 1875 1908; x_wconf 94' lang='lat'>,</span> <span class='ocrx_word' id='word_1_717' title='bbox 1902 1868 2007 1903; x_wconf 74' lang='lat' dir='ltr'>immo</span> <span class='ocrx_word' id='word_1_718' title='bbox 2028 1879 2106 1904; x_wconf 86' lang='lat' dir='ltr'>cum</span> <span class='ocrx_word' id='word_1_719' title='bbox 2128 1870 2270 1913; x_wconf 77' lang='lat' dir='ltr'>Deoce-</span> 
     </span>
     <span class='ocr_line' id='line_1_104' title="bbox 1317 1916 2267 1968; baseline 0.002 -15"><span class='ocrx_word' id='word_1_720' title='bbox 1317 1919 1424 1964; x_wconf 82' lang='lat' dir='ltr'>periut</span> <span class='ocrx_word' id='word_1_721' title='bbox 1444 1917 1630 1961; x_wconf 87' lang='lat' dir='ltr'>ambulare,</span> <span class='ocrx_word' id='word_1_722' title='bbox 1658 1916 1784 1953; x_wconf 83' lang='lat' dir='ltr'>vidistis</span> <span class='ocrx_word' id='word_1_723' title='bbox 1808 1931 1820 1954; x_wconf 82' lang='grc'>,·</span> <span class='ocrx_word' id='word_1_724' title='bbox 1846 1918 1982 1968; x_wconf 81' lang='lat' dir='ltr'>Qiain</span> <span class='ocrx_word' id='word_1_725' title='bbox 2008 1919 2193 1956; x_wconf 78' lang='lat' dir='ltr'>necessitate</span> <span class='ocrx_word' id='word_1_726' title='bbox 2205 1930 2267 1955; x_wconf 84' lang='lat' dir='ltr'>ve-</span> 
     </span>
     <span class='ocr_line' id='line_1_105' title="bbox 1316 1966 2273 2010; baseline 0.001 -7"><span class='ocrx_word' id='word_1_727' title='bbox 1316 1969 1380 2005; x_wconf 85' lang='lat' dir='ltr'>stra</span> <span class='ocrx_word' id='word_1_728' title='bbox 1401 1979 1465 2004; x_wconf 87' lang='lat' dir='ltr'>uec</span> <span class='ocrx_word' id='word_1_729' title='bbox 1481 1968 1641 2004; x_wconf 86' lang='lat' dir='ltr'>utendum</span> <span class='ocrx_word' id='word_1_730' title='bbox 1663 1966 1922 2005; x_wconf 81' lang='lat' dir='ltr'>diffimulatione</span> <span class='ocrx_word' id='word_1_731' title='bbox 1940 1993 1951 2010; x_wconf 90' lang='lat'>,</span> <span class='ocrx_word' id='word_1_732' title='bbox 1978 1980 2040 2005; x_wconf 84' lang='lat' dir='ltr'>nec</span> <span class='ocrx_word' id='word_1_733' title='bbox 2061 1969 2273 2005; x_wconf 73' lang='lat' dir='ltr'>sermonibus</span> 
     </span>
     <span class='ocr_line' id='line_1_106' title="bbox 1317 2011 2280 2065; baseline 0.002 -13"><span class='ocrx_word' id='word_1_734' title='bbox 1317 2017 1571 2062; x_wconf 87' lang='lat' dir='ltr'>temperandum</span> <span class='ocrx_word' id='word_1_735' title='bbox 1594 2041 1607 2059; x_wconf 89' lang='lat'>,</span> <span class='ocrx_word' id='word_1_736' title='bbox 1642 2028 1704 2061; x_wconf 86' lang='lat' dir='ltr'>nec</span> <span class='ocrx_word' id='word_1_737' title='bbox 1736 2017 1938 2061; x_wconf 78' lang='lat' dir='ltr'>parcendum</span> <span class='ocrx_word' id='word_1_738' title='bbox 1957 2017 2169 2055; x_wconf 67' lang='lat' dir='ltr'>contumeliis</span> <span class='ocrx_word' id='word_1_739' title='bbox 2185 2017 2232 2065; x_wconf 53' lang='lat' dir='ltr'>Rev</span> <span class='ocrx_word' id='word_1_740' title='bbox 2256 2011 2280 2038; x_wconf 65' lang='grc' dir='ltr'><strong>Τ</strong></span> 
     </span>
     <span class='ocr_line' id='line_1_107' title="bbox 1317 2058 2280 2118; baseline 0.002 -14"><span class='ocrx_word' id='word_1_741' title='bbox 1317 2069 1470 2111; x_wconf 82' lang='lat' dir='ltr'>suerunt,</span> <span class='ocrx_word' id='word_1_742' title='bbox 1498 2066 1770 2102; x_wconf 75' lang='lat' dir='ltr'>sedtotisstudiis</span> <span class='ocrx_word' id='word_1_743' title='bbox 1783 2069 2002 2104; x_wconf 80' lang='lat' dir='ltr'>sesei&#39;nvicem</span> <span class='ocrx_word' id='word_1_744' title='bbox 2015 2058 2242 2118; x_wconf 47' lang='lat' dir='ltr'>praevenit&amp;</span> <span class='ocrx_word' id='word_1_745' title='bbox 2276 2111 2280 2115; x_wconf 53' lang='grc'><em>,</em></span> 
     </span>
     <span class='ocr_line' id='line_1_108' title="bbox 1317 2116 2281 2166; baseline 0.005 -14"><span class='ocrx_word' id='word_1_746' title='bbox 1317 2117 1430 2154; x_wconf 88' lang='lat' dir='ltr'>tabant</span> <span class='ocrx_word' id='word_1_747' title='bbox 1440 2143 1450 2158; x_wconf 91' lang='lat'>‚</span> <span class='ocrx_word' id='word_1_748' title='bbox 1477 2127 1515 2154; x_wconf 85' lang='lat' dir='ltr'>ut</span> <span class='ocrx_word' id='word_1_749' title='bbox 1525 2116 1742 2162; x_wconf 85' lang='lat' dir='ltr'>unusquisque</span> <span class='ocrx_word' id='word_1_750' title='bbox 1750 2128 1808 2154; x_wconf 82' lang='lat' dir='ltr'>vos</span> <span class='ocrx_word' id='word_1_751' title='bbox 1819 2119 1871 2155; x_wconf 80' lang='lat' dir='ltr'>vel</span> <span class='ocrx_word' id='word_1_752' title='bbox 1880 2119 2103 2166; x_wconf 61' lang='lat' dir='ltr'>magis‘odiffe</span> <span class='ocrx_word' id='word_1_753' title='bbox 2113 2120 2281 2157; x_wconf 47' lang='lat' dir='ltr'>crederem!</span> 
     </span>
     <span class='ocr_line' id='line_1_109' title="bbox 1317 2166 2282 2212; baseline -0.001 -7"><span class='ocrx_word' id='word_1_754' title='bbox 1317 2178 1370 2205; x_wconf 88' lang='lat' dir='ltr'>tur</span> <span class='ocrx_word' id='word_1_755' title='bbox 1382 2192 1393 2208; x_wconf 95' lang='lat'>,</span> <span class='ocrx_word' id='word_1_756' title='bbox 1419 2167 1470 2202; x_wconf 86' lang='lat' dir='ltr'>vel</span> <span class='ocrx_word' id='word_1_757' title='bbox 1484 2168 1516 2202; x_wconf 90' lang='lat' dir='ltr'>in</span> <span class='ocrx_word' id='word_1_758' title='bbox 1528 2166 1636 2202; x_wconf 84' lang='lat' dir='ltr'>nihilo</span> <span class='ocrx_word' id='word_1_759' title='bbox 1648 2168 1821 2212; x_wconf 72' lang='lat' dir='ltr'>pepercisse</span> <span class='ocrx_word' id='word_1_760' title='bbox 1832 2193 1840 2203; x_wconf 64' lang='lat'><em>2</em></span> <span class='ocrx_word' id='word_1_761' title='bbox 2183 2173 2185 2176; x_wconf 60' lang='lat'><em>⁴</em></span> <span class='ocrx_word' id='word_1_762' title='bbox 2276 2174 2282 2178; x_wconf 82' lang='lat'><strong><em>‘</em></strong></span> 
     </span>
     <span class='ocr_line' id='line_1_110' title="bbox 1367 2216 2279 2264; baseline 0.005 -14"><span class='ocrx_word' id='word_1_763' title='bbox 1367 2216 1552 2254; x_wconf 84' lang='lat' dir='ltr'>Mirabatur</span> <span class='ocrx_word' id='word_1_764' title='bbox 1563 2218 1735 2254; x_wconf 85' lang='lat' dir='ltr'>Romanus</span> <span class='ocrx_word' id='word_1_765' title='bbox 1748 2218 1904 2252; x_wconf 80' lang='lat' dir='ltr'>Pontifex</span> <span class='ocrx_word' id='word_1_766' title='bbox 1917 2242 1928 2258; x_wconf 91' lang='lat'>,</span> <span class='ocrx_word' id='word_1_767' title='bbox 1953 2220 1987 2254; x_wconf 76' lang='grc' dir='ltr'>δε</span> <span class='ocrx_word' id='word_1_768' title='bbox 2008 2219 2043 2254; x_wconf 78' lang='lat' dir='ltr'>lii</span> <span class='ocrx_word' id='word_1_769' title='bbox 2066 2224 2166 2264; x_wconf 76' lang='lat' dir='ltr'>penes</span> <span class='ocrx_word' id='word_1_770' title='bbox 2176 2230 2279 2264; x_wconf 63' lang='lat' dir='ltr'>quos&gt;</span> 
     </span>
     <span class='ocr_line' id='line_1_111' title="bbox 1316 2266 2281 2315; baseline 0.004 -14"><span class='ocrx_word' id='word_1_771' title='bbox 1316 2279 1393 2301; x_wconf 85' lang='lat' dir='ltr'>cum</span> <span class='ocrx_word' id='word_1_772' title='bbox 1406 2279 1446 2303; x_wconf 89' lang='lat' dir='ltr'>eo</span> <span class='ocrx_word' id='word_1_773' title='bbox 1460 2268 1586 2304; x_wconf 87' lang='lat' dir='ltr'>summa</span> <span class='ocrx_word' id='word_1_774' title='bbox 1599 2266 1811 2311; x_wconf 78' lang='lat' dir='ltr'>disponeudae</span> <span class='ocrx_word' id='word_1_775' title='bbox 1824 2267 1973 2304; x_wconf 80' lang='lat' dir='ltr'>Ecclefiae</span> <span class='ocrx_word' id='word_1_776' title='bbox 1984 2280 2061 2314; x_wconf 82' lang='lat' dir='ltr'>cura</span> <span class='ocrx_word' id='word_1_777' title='bbox 2077 2269 2223 2314; x_wconf 62' lang='lat' dir='ltr'>consistit</span> <span class='ocrx_word' id='word_1_778' title='bbox 2249 2284 2281 2315; x_wconf 58' lang='lat' dir='ltr'>,j</span> 
     </span>
     <span class='ocr_line' id='line_1_112' title="bbox 1316 2316 2282 2364; baseline 0.005 -14"><span class='ocrx_word' id='word_1_779' title='bbox 1316 2317 1404 2360; x_wconf 78' lang='lat' dir='ltr'>quod</span> <span class='ocrx_word' id='word_1_780' title='bbox 1425 2327 1503 2351; x_wconf 90' lang='lat' dir='ltr'>oves</span> <span class='ocrx_word' id='word_1_781' title='bbox 1525 2318 1558 2350; x_wconf 91' lang='lat' dir='ltr'>in</span> <span class='ocrx_word' id='word_1_782' title='bbox 1583 2316 1751 2364; x_wconf 74' lang='lat' dir='ltr'>Pastorem</span> <span class='ocrx_word' id='word_1_783' title='bbox 1774 2342 1785 2360; x_wconf 89' lang='lat'>‚</span> <span class='ocrx_word' id='word_1_784' title='bbox 1826 2316 1924 2364; x_wconf 69' lang='lat' dir='ltr'>qudd&#39;</span> <span class='ocrx_word' id='word_1_785' title='bbox 1940 2319 1974 2354; x_wconf 84' lang='lat' dir='ltr'>in</span> <span class='ocrx_word' id='word_1_786' title='bbox 1998 2317 2130 2357; x_wconf 76' lang='lat' dir='ltr'>Patrem</span> <span class='ocrx_word' id='word_1_787' title='bbox 2151 2317 2282 2362; x_wconf 50' lang='lat' dir='ltr'>finam-3:</span> 
     </span>
     <span class='ocr_line' id='line_1_113' title="bbox 1316 2363 2282 2416; baseline 0.003 -15"><span class='ocrx_word' id='word_1_788' title='bbox 1316 2365 1406 2410; x_wconf 77' lang='lat' dir='ltr'>quod</span> <span class='ocrx_word' id='word_1_789' title='bbox 1429 2367 1463 2401; x_wconf 94' lang='lat' dir='ltr'>in</span> <span class='ocrx_word' id='word_1_790' title='bbox 1488 2366 1608 2410; x_wconf 84' lang='lat' dir='ltr'>seipsos</span> <span class='ocrx_word' id='word_1_791' title='bbox 1627 2367 1769 2407; x_wconf 89' lang='lat' dir='ltr'>denique</span> <span class='ocrx_word' id='word_1_792' title='bbox 1781 2373 1872 2402; x_wconf 87' lang='lat' dir='ltr'>tanta</span> <span class='ocrx_word' id='word_1_793' title='bbox 1905 2366 2111 2405; x_wconf 78' lang='lat' dir='ltr'>vehementia</span> <span class='ocrx_word' id='word_1_794' title='bbox 2132 2363 2282 2416; x_wconf 62' lang='lat' dir='ltr'>gladios</span> 
     </span>
     <span class='ocr_line' id='line_1_114' title="bbox 1316 2416 2263 2462; baseline 0.003 -12"><span class='ocrx_word' id='word_1_795' title='bbox 1316 2427 1587 2459; x_wconf 85' lang='lat' dir='ltr'>contorquerent.</span> <span class='ocrx_word' id='word_1_796' title='bbox 1602 2416 1635 2449; x_wconf 92' lang='lat' dir='ltr'>Si</span> <span class='ocrx_word' id='word_1_797' title='bbox 1649 2416 1739 2450; x_wconf 89' lang='lat' dir='ltr'>enim</span> <span class='ocrx_word' id='word_1_798' title='bbox 1753 2417 1932 2461; x_wconf 74' lang='lat' dir='ltr'>potuissent</span> <span class='ocrx_word' id='word_1_799' title='bbox 1943 2418 2068 2453; x_wconf 84' lang='lat' dir='ltr'>efficere</span> <span class='ocrx_word' id='word_1_800' title='bbox 2077 2419 2170 2462; x_wconf 83' lang='lat' dir='ltr'>quod</span> <span class='ocrx_word' id='word_1_801' title='bbox 2178 2430 2263 2462; x_wconf 82' lang='lat' dir='ltr'>quae·</span> 
     </span>
     <span class='ocr_line' id='line_1_115' title="bbox 1317 2465 2261 2513; baseline 0 -12"><span class='ocrx_word' id='word_1_802' title='bbox 1317 2467 1451 2508; x_wconf 87' lang='lat' dir='ltr'>rebant,</span> <span class='ocrx_word' id='word_1_803' title='bbox 1465 2478 1526 2500; x_wconf 89' lang='lat' dir='ltr'>nec</span> <span class='ocrx_word' id='word_1_804' title='bbox 1537 2467 1639 2513; x_wconf 88' lang='lat' dir='ltr'>ipsum</span> <span class='ocrx_word' id='word_1_805' title='bbox 1658 2465 1816 2502; x_wconf 86' lang='lat' dir='ltr'>libertatis</span> <span class='ocrx_word' id='word_1_806' title='bbox 1841 2477 1961 2500; x_wconf 86' lang='lat' dir='ltr'>nomen</span> <span class='ocrx_word' id='word_1_807' title='bbox 1978 2491 1988 2506; x_wconf 93' lang='lat'>,</span> <span class='ocrx_word' id='word_1_808' title='bbox 2006 2478 2067 2500; x_wconf 92' lang='lat' dir='ltr'>nec</span> <span class='ocrx_word' id='word_1_809' title='bbox 2082 2468 2153 2512; x_wconf 85' lang='lat' dir='ltr'>spes</span> <span class='ocrx_word' id='word_1_810' title='bbox 2165 2468 2261 2505; x_wconf 80' lang='lat' dir='ltr'>liber-</span> 
     </span>
     <span class='ocr_line' id='line_1_116' title="bbox 1317 2515 2277 2562; baseline -0.002 -10"><span class='ocrx_word' id='word_1_811' title='bbox 1317 2517 1394 2553; x_wconf 84' lang='lat' dir='ltr'>tatis</span> <span class='ocrx_word' id='word_1_812' title='bbox 1412 2518 1519 2560; x_wconf 82' lang='lat' dir='ltr'>aliqua</span> <span class='ocrx_word' id='word_1_813' title='bbox 1533 2515 1694 2552; x_wconf 67' lang='lat' dir='ltr'>resedisset</span> <span class='ocrx_word' id='word_1_814' title='bbox 1707 2540 1717 2556; x_wconf 90' lang='lat'>,</span> <span class='ocrx_word' id='word_1_815' title='bbox 1747 2516 1799 2550; x_wconf 87' lang='lat' dir='ltr'>sed</span> <span class='ocrx_word' id='word_1_816' title='bbox 1811 2525 1903 2550; x_wconf 84' lang='lat' dir='ltr'>tanta</span> <span class='ocrx_word' id='word_1_817' title='bbox 1930 2515 1992 2556; x_wconf 81' lang='lat' dir='ltr'>jam</span> <span class='ocrx_word' id='word_1_818' title='bbox 2014 2516 2182 2562; x_wconf 74' lang='lat' dir='ltr'>regiminis</span> <span class='ocrx_word' id='word_1_819' title='bbox 2200 2517 2277 2553; x_wconf 81' lang='lat' dir='ltr'>Ee·-</span> 
     </span>
     <span class='ocr_line' id='line_1_117' title="bbox 1316 2565 2262 2606; baseline -0.001 -4"><span class='ocrx_word' id='word_1_820' title='bbox 1316 2566 1484 2602; x_wconf 85' lang='lat' dir='ltr'>clefiastiei</span> <span class='ocrx_word' id='word_1_821' title='bbox 1531 2566 1637 2602; x_wconf 78' lang='lat' dir='ltr'>fuiss&#39;et</span> <span class='ocrx_word' id='word_1_822' title='bbox 1683 2567 1791 2602; x_wconf 85' lang='lat' dir='ltr'>secuta</span> <span class='ocrx_word' id='word_1_823' title='bbox 1837 2566 1990 2601; x_wconf 77' lang='lat' dir='ltr'>confusio</span> <span class='ocrx_word' id='word_1_824' title='bbox 2027 2590 2039 2606; x_wconf 91' lang='lat'>,</span> <span class='ocrx_word' id='word_1_825' title='bbox 2088 2576 2126 2603; x_wconf 88' lang='lat' dir='ltr'>ut</span> <span class='ocrx_word' id='word_1_826' title='bbox 2172 2565 2262 2602; x_wconf 80' lang='lat' dir='ltr'>nihil</span> 
     </span>
     <span class='ocr_line' id='line_1_118' title="bbox 1315 2614 2262 2660; baseline -0.002 -6"><span class='ocrx_word' id='word_1_827' title='bbox 1315 2617 1433 2654; x_wconf 85' lang='lat' dir='ltr'>ordine</span> <span class='ocrx_word' id='word_1_828' title='bbox 1456 2617 1647 2653; x_wconf 68' lang='lat' dir='ltr'>trastaretur</span> <span class='ocrx_word' id='word_1_829' title='bbox 1669 2639 1680 2657; x_wconf 90' lang='lat'>,</span> <span class='ocrx_word' id='word_1_830' title='bbox 1723 2615 1775 2651; x_wconf 88' lang='lat' dir='ltr'>sed</span> <span class='ocrx_word' id='word_1_831' title='bbox 1800 2614 1914 2650; x_wconf 79' lang='lat' dir='ltr'>omnia</span> <span class='ocrx_word' id='word_1_832' title='bbox 1935 2616 2057 2652; x_wconf 88' lang='lat' dir='ltr'>stolido</span> <span class='ocrx_word' id='word_1_833' title='bbox 2084 2617 2262 2660; x_wconf 64' lang='lat' dir='ltr'>permisce-⁴</span> 
     </span>
     <span class='ocr_line' id='line_1_119' title="bbox 1316 2665 2275 2709; baseline -0.001 -6"><span class='ocrx_word' id='word_1_834' title='bbox 1316 2676 1427 2703; x_wconf 86' lang='lat' dir='ltr'>rentur</span> <span class='ocrx_word' id='word_1_835' title='bbox 1437 2677 1546 2702; x_wconf 88' lang='lat' dir='ltr'>errore</span> <span class='ocrx_word' id='word_1_836' title='bbox 1556 2690 1567 2709; x_wconf 92' lang='lat'>,</span> <span class='ocrx_word' id='word_1_837' title='bbox 1596 2666 1673 2700; x_wconf 77' lang='lat' dir='ltr'>cum</span> <span class='ocrx_word' id='word_1_838' title='bbox 1688 2665 1824 2701; x_wconf 83' lang='lat' dir='ltr'>sublatis</span> <span class='ocrx_word' id='word_1_839' title='bbox 1835 2665 1976 2709; x_wconf 86' lang='lat' dir='ltr'>pristinis</span> <span class='ocrx_word' id='word_1_840' title='bbox 1995 2665 2275 2702; x_wconf 61' lang='lat' dir='ltr'>institutionibus</span> 
     </span>
     <span class='ocr_line' id='line_1_120' title="bbox 1318 2715 2259 2761; baseline -0.001 -8"><span class='ocrx_word' id='word_1_841' title='bbox 1318 2717 1454 2753; x_wconf 85' lang='lat' dir='ltr'>nihilad</span> <span class='ocrx_word' id='word_1_842' title='bbox 1466 2717 1598 2754; x_wconf 84' lang='lat' dir='ltr'>debitos</span> <span class='ocrx_word' id='word_1_843' title='bbox 1611 2716 1747 2759; x_wconf 85' lang='lat' dir='ltr'>suojure</span> <span class='ocrx_word' id='word_1_844' title='bbox 1761 2715 1953 2761; x_wconf 81' lang='lat' dir='ltr'>dirigeretur</span> <span class='ocrx_word' id='word_1_845' title='bbox 1974 2716 2105 2752; x_wconf 68' lang='lat' dir='ltr'>effectus</span> <span class='ocrx_word' id='word_1_846' title='bbox 2117 2741 2125 2752; x_wconf 88' lang='lat'>.</span> <span class='ocrx_word' id='word_1_847' title='bbox 2144 2717 2184 2753; x_wconf 84' lang='lat' dir='ltr'>lu</span> <span class='ocrx_word' id='word_1_848' title='bbox 2207 2717 2259 2753; x_wconf 77' lang='lat' dir='ltr'>his</span> 
     </span>
     <span class='ocr_line' id='line_1_121' title="bbox 1317 2765 2257 2814; baseline -0.001 -11"><span class='ocrx_word' id='word_1_849' title='bbox 1317 2768 1443 2812; x_wconf 86' lang='lat' dir='ltr'>igitur,</span> <span class='ocrx_word' id='word_1_850' title='bbox 1469 2767 1629 2814; x_wconf 75' lang='lat' dir='ltr'>quantum</span> <span class='ocrx_word' id='word_1_851' title='bbox 1653 2765 1736 2801; x_wconf 85' lang='lat' dir='ltr'>mihi</span> <span class='ocrx_word' id='word_1_852' title='bbox 1760 2766 1890 2802; x_wconf 79' lang='lat' dir='ltr'>videtur</span> <span class='ocrx_word' id='word_1_853' title='bbox 1909 2782 1926 2808; x_wconf 37' lang='lat' dir='ltr'>,r</span> <span class='ocrx_word' id='word_1_854' title='bbox 1954 2773 2023 2802; x_wconf 86' lang='lat' dir='ltr'>non</span> <span class='ocrx_word' id='word_1_855' title='bbox 2050 2767 2106 2802; x_wconf 83' lang='lat' dir='ltr'>nisi</span> <span class='ocrx_word' id='word_1_856' title='bbox 2123 2767 2257 2813; x_wconf 73' lang='lat' dir='ltr'>inanem</span> 
     </span>
     <span class='ocr_line' id='line_1_122' title="bbox 1318 2813 2282 2863; baseline -0.001 -9"><span class='ocrx_word' id='word_1_857' title='bbox 1318 2818 1413 2854; x_wconf 89' lang='lat' dir='ltr'>vobis</span> <span class='ocrx_word' id='word_1_858' title='bbox 1445 2817 1581 2863; x_wconf 84' lang='lat' dir='ltr'>potestis</span> <span class='ocrx_word' id='word_1_859' title='bbox 1603 2817 1767 2851; x_wconf 87' lang='lat' dir='ltr'>collocare</span> <span class='ocrx_word' id='word_1_860' title='bbox 1792 2813 1947 2851; x_wconf 78' lang='lat' dir='ltr'>fiduciam</span> <span class='ocrx_word' id='word_1_861' title='bbox 1968 2839 1980 2856; x_wconf 88' lang='lat'>,</span> <span class='ocrx_word' id='word_1_862' title='bbox 2017 2817 2094 2861; x_wconf 88' lang='lat' dir='ltr'>quia</span> <span class='ocrx_word' id='word_1_863' title='bbox 2125 2814 2282 2853; x_wconf 54' lang='lat' dir='ltr'>fidetem*</span> 
     </span>
     <span class='ocr_line' id='line_1_123' title="bbox 1317 2866 2282 2912; baseline -0.001 -9"><span class='ocrx_word' id='word_1_864' title='bbox 1317 2867 1585 2903; x_wconf 86' lang='lat' dir='ltr'>reconciliationi</span> <span class='ocrx_word' id='word_1_865' title='bbox 1605 2876 1738 2910; x_wconf 82' lang='lat' dir='ltr'>operam</span> <span class='ocrx_word' id='word_1_866' title='bbox 1757 2877 1825 2902; x_wconf 88' lang='lat' dir='ltr'>non</span> <span class='ocrx_word' id='word_1_867' title='bbox 1848 2866 2062 2912; x_wconf 83' lang='lat' dir='ltr'>impendent,</span> <span class='ocrx_word' id='word_1_868' title='bbox 2100 2867 2157 2912; x_wconf 81' lang='lat' dir='ltr'>qui</span> <span class='ocrx_word' id='word_1_869' title='bbox 2181 2871 2282 2902; x_wconf 73' lang='lat' dir='ltr'>cau-¹</span> 
     </span>
     <span class='ocr_line' id='line_1_124' title="bbox 1318 2915 2281 2962; baseline 0.001 -11"><span class='ocrx_word' id='word_1_870' title='bbox 1318 2919 1384 2954; x_wconf 87' lang='lat' dir='ltr'>sam</span> <span class='ocrx_word' id='word_1_871' title='bbox 1397 2917 1530 2954; x_wconf 82' lang='lat' dir='ltr'>diffidio</span> <span class='ocrx_word' id='word_1_872' title='bbox 1541 2916 1754 2961; x_wconf 69' lang='lat' dir='ltr'>praestiterunt</span> <span class='ocrx_word' id='word_1_873' title='bbox 1767 2941 1774 2948; x_wconf 85' lang='lat'><strong><em>.</em></strong></span> <span class='ocrx_word' id='word_1_874' title='bbox 1804 2915 1938 2962; x_wconf 84' lang='lat' dir='ltr'>Reliqui</span> <span class='ocrx_word' id='word_1_875' title='bbox 1963 2916 2041 2952; x_wconf 75' lang='lat' dir='ltr'>vero</span> <span class='ocrx_word' id='word_1_876' title='bbox 2062 2917 2129 2954; x_wconf 73' lang='lat' dir='ltr'>fere</span> <span class='ocrx_word' id='word_1_877' title='bbox 2138 2918 2281 2961; x_wconf 50' lang='lat' dir='ltr'>omnes?</span> 
     </span>
     <span class='ocr_line' id='line_1_125' title="bbox 1318 2965 2255 3012; baseline -0.001 -9"><span class='ocrx_word' id='word_1_878' title='bbox 1318 2969 1353 3003; x_wconf 89' lang='lat' dir='ltr'>in</span> <span class='ocrx_word' id='word_1_879' title='bbox 1367 2966 1574 3004; x_wconf 83' lang='lat' dir='ltr'>inferioribus</span> <span class='ocrx_word' id='word_1_880' title='bbox 1580 2965 1736 3012; x_wconf 82' lang='lat' dir='ltr'>gradibus</span> <span class='ocrx_word' id='word_1_881' title='bbox 1748 2966 1922 3004; x_wconf 82' lang='lat' dir='ltr'>constituti</span> <span class='ocrx_word' id='word_1_882' title='bbox 1934 2967 2105 3010; x_wconf 79' lang='lat' dir='ltr'>personam</span> <span class='ocrx_word' id='word_1_883' title='bbox 2118 2968 2255 3005; x_wconf 67' lang='lat' dir='ltr'>vestra&#39;m</span> 
     </span>
     <span class='ocr_line' id='line_1_126' title="bbox 1318 3014 2255 3061; baseline -0.003 -7"><span class='ocrx_word' id='word_1_884' title='bbox 1318 3019 1441 3055; x_wconf 80' lang='lat' dir='ltr'>fincerae</span> <span class='ocrx_word' id='word_1_885' title='bbox 1450 3017 1619 3053; x_wconf 75' lang='lat' dir='ltr'>charitatis</span> <span class='ocrx_word' id='word_1_886' title='bbox 1640 3014 1780 3053; x_wconf 83' lang='lat' dir='ltr'>brachiis</span> <span class='ocrx_word' id='word_1_887' title='bbox 1805 3017 2055 3061; x_wconf 79' lang='lat' dir='ltr'>amplexantur,</span> <span class='ocrx_word' id='word_1_888' title='bbox 2078 3016 2173 3058; x_wconf 81' lang='lat' dir='ltr'>altis,</span> <span class='ocrx_word' id='word_1_889' title='bbox 2199 3016 2255 3061; x_wconf 81' lang='lat' dir='ltr'>sed</span> 
     </span>
     <span class='ocr_line' id='line_1_127' title="bbox 1319 3066 2256 3114; baseline -0.003 -12"><span class='ocrx_word' id='word_1_890' title='bbox 1319 3069 1353 3105; x_wconf 87' lang='lat' dir='ltr'>in</span> <span class='ocrx_word' id='word_1_891' title='bbox 1376 3067 1528 3110; x_wconf 78' lang='lat' dir='ltr'>silentio,</span> <span class='ocrx_word' id='word_1_892' title='bbox 1554 3066 1694 3110; x_wconf 88' lang='lat' dir='ltr'>suspiriis</span> <span class='ocrx_word' id='word_1_893' title='bbox 1715 3066 1950 3110; x_wconf 84' lang='lat' dir='ltr'>implorantes,</span> <span class='ocrx_word' id='word_1_894' title='bbox 1971 3078 2007 3103; x_wconf 86' lang='lat' dir='ltr'>ut</span> <span class='ocrx_word' id='word_1_895' title='bbox 2027 3069 2172 3114; x_wconf 71' lang='lat' dir='ltr'>Sponsus</span> <span class='ocrx_word' id='word_1_896' title='bbox 2192 3066 2256 3100; x_wconf 82' lang='lat' dir='ltr'>Ec·</span> 
     </span>
     <span class='ocr_line' id='line_1_128' title="bbox 1318 3116 2255 3166; baseline -0.003 -13"><span class='ocrx_word' id='word_1_897' title='bbox 1318 3118 1419 3153; x_wconf 80' lang='lat' dir='ltr'>clefiae</span> <span class='ocrx_word' id='word_1_898' title='bbox 1444 3118 1485 3155; x_wconf 86' lang='lat' dir='ltr'>ad</span> <span class='ocrx_word' id='word_1_899' title='bbox 1505 3116 1645 3166; x_wconf 85' lang='lat' dir='ltr'>gloriam</span> <span class='ocrx_word' id='word_1_900' title='bbox 1671 3116 1718 3151; x_wconf 90' lang='lat' dir='ltr'>sui</span> <span class='ocrx_word' id='word_1_901' title='bbox 1742 3116 1887 3152; x_wconf 87' lang='lat' dir='ltr'>nominis</span> <span class='ocrx_word' id='word_1_902' title='bbox 1908 3117 1998 3153; x_wconf 80' lang='lat' dir='ltr'>felici</span> <span class='ocrx_word' id='word_1_903' title='bbox 2013 3118 2197 3153; x_wconf 78' lang='lat' dir='ltr'>votave&#39;stra</span> <span class='ocrx_word' id='word_1_904' title='bbox 2210 3117 2255 3150; x_wconf 84' lang='lat' dir='ltr'>se-</span> 
     </span>
     <span class='ocr_line' id='line_1_129' title="bbox 1318 3164 2280 3214; baseline -0.004 -11"><span class='ocrx_word' id='word_1_905' title='bbox 1318 3164 1588 3206; x_wconf 67' lang='lat' dir='ltr'>cundeteven&#39;iu.</span> <span class='ocrx_word' id='word_1_906' title='bbox 1617 3165 1740 3201; x_wconf 86' lang='lat' dir='ltr'>Nullus</span> <span class='ocrx_word' id='word_1_907' title='bbox 1761 3178 1871 3204; x_wconf 88' lang='lat' dir='ltr'>tamen</span> <span class='ocrx_word' id='word_1_908' title='bbox 1883 3167 1929 3201; x_wconf 89' lang='lat' dir='ltr'>est</span> <span class='ocrx_word' id='word_1_909' title='bbox 1950 3168 2050 3214; x_wconf 75' lang='lat' dir='ltr'>quise</span> <span class='ocrx_word' id='word_1_910' title='bbox 2069 3166 2165 3203; x_wconf 81' lang='lat' dir='ltr'>vobis</span> <span class='ocrx_word' id='word_1_911' title='bbox 2177 3167 2257 3200; x_wconf 87' lang='lat' dir='ltr'>ami·</span> <span class='ocrx_word' id='word_1_912' title='bbox 2273 3164 2280 3187; x_wconf 77' lang='lat'><em>&#39;</em></span> 
     </span>
     <span class='ocr_line' id='line_1_130' title="bbox 1318 3216 2263 3264; baseline -0.006 -8"><span class='ocrx_word' id='word_1_913' title='bbox 1318 3228 1394 3256; x_wconf 83' lang='lat' dir='ltr'>cum</span> <span class='ocrx_word' id='word_1_914' title='bbox 1415 3216 1532 3255; x_wconf 86' lang='lat' dir='ltr'>audeat</span> <span class='ocrx_word' id='word_1_915' title='bbox 1549 3216 1699 3253; x_wconf 86' lang='lat' dir='ltr'>confiteri</span> <span class='ocrx_word' id='word_1_916' title='bbox 1723 3242 1733 3257; x_wconf 91' lang='lat'>,</span> <span class='ocrx_word' id='word_1_917' title='bbox 1774 3217 1826 3251; x_wconf 89' lang='lat' dir='ltr'>sed</span> <span class='ocrx_word' id='word_1_918' title='bbox 1841 3218 1912 3260; x_wconf 76' lang='lat' dir='ltr'>quo</span> <span class='ocrx_word' id='word_1_919' title='bbox 1934 3217 2039 3264; x_wconf 83' lang='lat' dir='ltr'>magis</span> <span class='ocrx_word' id='word_1_920' title='bbox 2061 3217 2167 3252; x_wconf 75' lang='lat' dir='ltr'>odisse</span> <span class='ocrx_word' id='word_1_921' title='bbox 2189 3227 2263 3253; x_wconf 89' lang='lat' dir='ltr'>cre-·</span> 
     </span>
     <span class='ocr_line' id='line_1_131' title="bbox 1319 3266 2256 3313; baseline -0.005 -8"><span class='ocrx_word' id='word_1_922' title='bbox 1319 3269 1436 3305; x_wconf 84' lang='lat' dir='ltr'>dantur</span> <span class='ocrx_word' id='word_1_923' title='bbox 1449 3292 1460 3309; x_wconf 92' lang='lat'>,</span> <span class='ocrx_word' id='word_1_924' title='bbox 1486 3266 1866 3304; x_wconf 80' lang='lat' dir='ltr'>veteresinimicitiarum</span> <span class='ocrx_word' id='word_1_925' title='bbox 1887 3268 1997 3304; x_wconf 85' lang='lat' dir='ltr'>causas</span> <span class='ocrx_word' id='word_1_926' title='bbox 2016 3267 2186 3313; x_wconf 86' lang='lat' dir='ltr'>allegant,</span> <span class='ocrx_word' id='word_1_927' title='bbox 2212 3271 2256 3300; x_wconf 86' lang='lat' dir='ltr'>ne</span> 
     </span>
     <span class='ocr_line' id='line_1_132' title="bbox 1320 3316 2254 3362; baseline -0.005 -9"><span class='ocrx_word' id='word_1_928' title='bbox 1320 3318 1440 3356; x_wconf 71' lang='lat' dir='ltr'>indista</span> <span class='ocrx_word' id='word_1_929' title='bbox 1450 3342 1461 3360; x_wconf 90' lang='lat'>,</span> <span class='ocrx_word' id='word_1_930' title='bbox 1490 3318 1577 3353; x_wconf 91' lang='lat' dir='ltr'>velut</span> <span class='ocrx_word' id='word_1_931' title='bbox 1590 3317 1623 3352; x_wconf 89' lang='lat' dir='ltr'>in</span> <span class='ocrx_word' id='word_1_932' title='bbox 1636 3327 1761 3358; x_wconf 75' lang='lat' dir='ltr'>ceteros</span> <span class='ocrx_word' id='word_1_933' title='bbox 1772 3342 1782 3357; x_wconf 88' lang='lat'>‚</span> <span class='ocrx_word' id='word_1_934' title='bbox 1794 3316 2029 3362; x_wconf 85' lang='lat' dir='ltr'>proscriptione</span> <span class='ocrx_word' id='word_1_935' title='bbox 2039 3318 2254 3352; x_wconf 83' lang='lat' dir='ltr'>damnentur.</span> 
     </span>
     <span class='ocr_line' id='line_1_133' title="bbox 1319 3366 2258 3411; baseline -0.005 -6"><span class='ocrx_word' id='word_1_936' title='bbox 1319 3371 1433 3408; x_wconf 85' lang='lat' dir='ltr'>Fertur</span> <span class='ocrx_word' id='word_1_937' title='bbox 1453 3366 1542 3402; x_wconf 88' lang='lat' dir='ltr'>enim</span> <span class='ocrx_word' id='word_1_938' title='bbox 1565 3367 1606 3403; x_wconf 86' lang='lat' dir='ltr'>de</span> <span class='ocrx_word' id='word_1_939' title='bbox 1626 3367 1810 3411; x_wconf 85' lang='lat' dir='ltr'>suspicione</span> <span class='ocrx_word' id='word_1_940' title='bbox 1834 3368 2016 3410; x_wconf 87' lang='lat' dir='ltr'>sententia,</span> <span class='ocrx_word' id='word_1_941' title='bbox 2043 3379 2106 3402; x_wconf 88' lang='lat' dir='ltr'>nec</span> <span class='ocrx_word' id='word_1_942' title='bbox 2129 3366 2258 3401; x_wconf 85' lang='lat' dir='ltr'>adirro·</span> 
     </span>
     <span class='ocr_line' id='line_1_134' title="bbox 1318 3415 2254 3465; baseline -0.002 -12"><span class='ocrx_word' id='word_1_943' title='bbox 1318 3418 1459 3465; x_wconf 87' lang='lat' dir='ltr'>gandam</span> <span class='ocrx_word' id='word_1_944' title='bbox 1474 3429 1602 3462; x_wconf 86' lang='lat' dir='ltr'>poenam</span> <span class='ocrx_word' id='word_1_945' title='bbox 1617 3418 1743 3454; x_wconf 77' lang='lat' dir='ltr'>veritati</span> <span class='ocrx_word' id='word_1_946' title='bbox 1757 3429 1953 3465; x_wconf 86' lang='lat' dir='ltr'>argumenta</span> <span class='ocrx_word' id='word_1_947' title='bbox 1966 3427 2153 3460; x_wconf 82' lang='lat' dir='ltr'>quaeruntur</span> <span class='ocrx_word' id='word_1_948' title='bbox 2163 3441 2173 3458; x_wconf 89' lang='lat'>,</span> <span class='ocrx_word' id='word_1_949' title='bbox 2201 3415 2254 3451; x_wconf 87' lang='lat' dir='ltr'>sed</span> 
     </span>
     <span class='ocr_line' id='line_1_135' title="bbox 1318 3467 2258 3514; baseline -0.001 -8"><span class='ocrx_word' id='word_1_950' title='bbox 1318 3469 1536 3507; x_wconf 82' lang='lat' dir='ltr'>involvuntur</span> <span class='ocrx_word' id='word_1_951' title='bbox 1567 3467 1732 3514; x_wconf 86' lang='lat' dir='ltr'>suppliciis</span> <span class='ocrx_word' id='word_1_952' title='bbox 1757 3493 1768 3511; x_wconf 89' lang='lat'>,</span> <span class='ocrx_word' id='word_1_953' title='bbox 1810 3480 1895 3513; x_wconf 85' lang='lat' dir='ltr'>quos</span> <span class='ocrx_word' id='word_1_954' title='bbox 1931 3469 2026 3514; x_wconf 86' lang='lat' dir='ltr'>culpa</span> <span class='ocrx_word' id='word_1_955' title='bbox 2058 3478 2124 3505; x_wconf 83' lang='lat' dir='ltr'>non</span> <span class='ocrx_word' id='word_1_956' title='bbox 2156 3477 2258 3510; x_wconf 70' lang='lat' dir='ltr'>aequa·</span> 
     </span>
     <span class='ocr_line' id='line_1_136' title="bbox 2122 3527 2210 3555; baseline 0.011 -3"><span class='ocrx_word' id='word_1_957' title='bbox 2122 3527 2210 3555; x_wconf 80' lang='lat' dir='ltr'>verat</span> 
     </span>
    </p>
   </div>
  </div>
 </body>
</html>
