2358 3776
490 87 531 132 S.
574 83 863 133 THOMAE
897 81 1294 133 CANTUAR.
1346 83 1480 130 LIB.
1530 89 1589 132 V.

244 217 652 256 EPISTOLA
775 219 836 255 lx.

149 316 303 363 Thomas
337 320 577 356 Cantuatiensis
613 317 932 365 Archi-Episcopus

342 371 536 408 Pistaviensi
562 371 748 415 Episcopo.

79 472 247 507 Venerabili
265 476 408 512 Fratri,
446 473 481 507 ἐν
503 474 664 505 Amicorum
681 468 804 513 suorum
826 473 859 501 in
886 466 1007 508 Christo

76 546 81 551 -
123 521 303 563 cbarsffimo,
328 522 456 556 Thomas
477 525 644 565 Delgratia
667 515 890 558 cantuariensis
905 520 1004 552 Eccle-

119 570 170 612 fiae
181 571 314 614 Minister
323 572 444 608 humilis
456 595 468 613 ,
475 569 602 617 salutem
611 595 625 623 ,
639 572 673 606 Θ
684 569 720 622 J?
731 579 828 618 totum
835 567 1003 610 charissimo.

174 723 211 759 T
234 723 316 768 quid
325 721 443 759 fecistis
451 722 547 758 nobis
558 722 599 757 fic
613 721 631 754 ?
656 720 711 758 Ut
721 719 801 765 quid
830 720 931 755 nos&
944 729 1001 754 vos

197 773 419 817 strangulastis
431 776 444 807 ?
468 774 554 808 Ecce
565 771 697 806 dedistis
708 769 836 807 homini
854 771 902 804 illi
913 782 1003 804 occa·

74 821 200 856 sionem
221 821 433 864 detrahendi,
458 824 494 857 ἀ
513 821 609 856 nobis
626 820 661 854 δε
683 820 777 855 vobis
799 820 1003 866 malignandi

73 870 247 906 adversum
258 884 336 907 nos.
365 873 451 906 Ecce
473 871 596 906 animal
615 871 771 914 cupidum
793 872 904 916 gloriae
917 871 949 904 ἀ
961 871 1006 904 ni-

74 921 140 957 mis
148 932 288 965 pronum
309 922 344 955 in
368 921 544 964 perniciem
566 920 715 955 Ecclefiae
734 919 896 966 divulgari
908 920 1006 955 faciet

65 970 112 1005 ἃ
123 971 313 1015 proclamari
326 981 382 1014 per
392 971 553 1014 plateas&
566 972 599 1003 in
619 970 706 1005 facie
719 971 887 1012 Ecclefiae,
914 970 1005 1015 quod

74 1031 139 1055 nos
157 1021 304 1056 absolute
323 1022 358 1055 &
381 1021 506 1064 praecise
525 1020 662 1055 consilio
691 1022 749 1054 suo
769 1021 1004 1055 submiserimus

73 1070 176 1106 tacita
195 1071 290 1104 ‘omni
310 1070 525 1111 conditione,
552 1071 642 1104 nulla
660 1071 710 1105 vel
731 1069 864 1105 honoris
875 1072 941 1105 Dei
953 1070 1003 1104 vel

74 1119 202 1154 ordinis
221 1119 323 1154 nostri
345 1119 456 1155 habita
476 1121 644 1155 mentione
664 1145 675 1161 ,
701 1132 771 1166 quae
791 1132 870 1156 tunc
890 1120 1004 1164 procul

74 1168 181 1204 dubio
201 1170 291 1204 nulla
309 1170 437 1204 tatione
458 1171 594 1204 tacenda
610 1172 705 1212 sunt,
731 1170 807 1205 cum
827 1172 862 1205 id
887 1169 1006 1213 potiffi·

73 1218 170 1255 mum
179 1230 315 1265 agatur,
340 1219 423 1254 aeid
434 1219 559 1263 prorsus
572 1220 760 1254 intendatur
772 1244 783 1260 ,
809 1229 845 1254 ut
864 1220 898 1253 in
910 1220 1005 1263 igno-

72 1269 214 1305 miniam
232 1270 267 1303 ἃ.
286 1269 511 1303 confusionem
537 1269 688 1302 Ecclesia
705 1278 887 1302 taceantur:
914 1267 1004 1310 quod

71 1317 278 1362 apostatandi
297 1328 402 1362 genus
421 1316 466 1350 est
489 1315 654 1359 plusquam
667 1316 873 1350 manifestum
886 1341 894 1348 .
921 1315 1003 1349 Non

70 1376 185 1403 autem
196 1365 262 1401 hoc
273 1364 375 1401 modo
388 1366 436 1400 vel
445 1365 501 1400 sub
512 1363 573 1400 hac
584 1366 690 1400 forma
701 1366 720 1400 a
733 1364 826 1399 nobis
836 1366 854 1399 a
866 1366 1006 1409 Scampis

71 1415 262 1456 receffistis,
285 1415 402 1450 sibene
415 1415 574 1449 recolitis.
604 1415 721 1457 Scitis,
747 1415 768 1448 si
782 1415 906 1458 placet,
929 1415 1006 1459 quia

70 1466 221 1501 diximus
239 1464 335 1499 vobis
355 1464 389 1498 in
402 1464 539 1499 discessu
559 1473 676 1498 mutuo
688 1489 699 1504 ‚
725 1465 815 1507 quod
827 1464 903 1499 huic
915 1465 1008 1499 dum-

70 1524 164 1551 taxat
174 1514 314 1549 articulo
326 1513 510 1548 insisteretis
521 1539 532 1555 ,
559 1515 717 1558 quatenus
735 1514 838 1549 homo
848 1514 904 1549 ille
913 1514 1007 1558 juxta

69 1564 273 1601 Mandatum
284 1563 425 1599 Domini
437 1564 531 1608 Papae
546 1563 641 1598 nobis
652 1565 792 1608 gratiam
807 1566 896 1599 suarn
910 1566 943 1599 ὅ(
955 1575 1006 1609 pa-

70 1625 147 1651 cem
158 1614 335 1649 restitueret
344 1637 356 1654 ,
381 1614 417 1649 δι
430 1612 605 1648 Ecclesiam
618 1614 761 1649 nostram
784 1615 817 1648 in
836 1614 936 1649 libera
949 1626 1010 1648 no·

67 1663 671 1707 Radispositionenobisdimitteret.
700 1664 743 1699 Et
767 1664 841 1699 cum
865 1675 1007 1706 quaerens

64 1713 92 1752 ’ὶ
111 1713 226 1756 nobis,
253 1713 363 1749 utrum
384 1714 541 1749 vellemus
563 1715 702 1757 recipere
725 1714 814 1749 diem
843 1715 1006 1758 colloquii

66 1774 150 1799 num
167 1773 211 1797 eo
227 1786 238 1803 ,
264 1764 286 1796 si
307 1762 406 1797 vellet
425 1763 594 1797 nobiscum
616 1762 708 1806 loqui
732 1787 743 1803 ,
779 1763 1004 1806 respondimus

63 1814 147 1859 quia
157 1812 287 1846 nullum
297 1811 383 1846 diem
395 1811 637 1855 loquendicum
661 1813 730 1855 ipso
753 1812 966 1856 reciperemus
997 1837 1008 1854 ,

59 1862 250 1913 priusquam
274 1862 437 1896 Mandato
456 1859 599 1896 Domini
632 1860 726 1904 Papae
760 1861 970 1906 respondisset
997 1887 1009 1904 ,

58 1913 213 1957 ucetiam
223 1911 422 1947 satisfecisset
436 1936 444 1944 .
472 1910 598 1946 Verum
623 1911 733 1954 poste).
756 1911 893 1945 libenter
915 1912 1006 1945 veni-

62 1972 176 2005 remus
186 1960 228 1996 ad
238 1961 325 1997 diem
337 1985 348 2002 ,
374 1961 409 1998 &
420 1961 597 1996 faceremus
605 1959 767 2006 quidquid
782 1984 792 2001 ,
813 1958 904 2003 salvo
917 1960 1005 1994 bono·

65 2023 103 2053 n
115 2016 174 2049 Del
190 2013 225 2046 θ
251 2012 352 2045 ordine
371 2010 461 2050 nostro
472 2033 481 2049 ,
510 2011 614 2045 facere
626 2011 787 2054 possemus
799 2034 807 2043 .
832 2009 913 2045 Hoc
927 2021 1003 2045 mo-

70 2059 339 2101 dmchariffime,
366 2060 407 2095 ab
429 2060 572 2096 invicem
593 2059 812 2095 disceffimus.
853 2060 892 2094 In
917 2059 968 2094 his
994 2085 1006 2101 ,

66 2111 263 2156 fiplacetet,
289 2109 409 2145 fluibus
428 2109 544 2145 stetisse
566 2109 772 2151 debuissetis,
797 2109 875 2144 cum
902 2110 1007 2144 sciatis

68 2160 219 2207 optime,
239 2170 338 2203 nemo
351 2160 469 2195 melius
483 2184 493 2200 ,
518 2160 595 2203 quia
619 2160 755 2195 ulterius
778 2160 868 2194 nulla
881 2160 1007 2195 ratione

69 2209 446 2257 procedere'audeamum
459 2209 545 2243 nihil
555 2209 694 2255 amplius
706 2210 883 2244 secundum
897 2211 1006 2245 Deum

68 2263 174 2299 facere
184 2259 337 2304 poffimus
353 2260 404 2294 vel
415 2258 607 2293 debeamus.
637 2258 743 2295 Unde
754 2261 787 2295 δε
800 2271 876 2301 νος,
906 2260 1009 2295 dimi·-

70 2309 165 2347 dium
189 2310 304 2345 anime
325 2308 458 2349 nostrae,
485 2308 563 2345 scire
593 2310 764 2350 volumus,
789 2311 946 2355 quianon
961 2309 1007 2344 est

69 2360 170 2398 nobis
180 2360 372 2400 confilium,
399 2359 452 2393 sed
470 2371 530 2393 nec
551 2359 684 2403 quidem
707 2358 836 2394 videtur
859 2370 968 2394 rutum
996 2383 1008 2401 ,

73 2410 130 2446 vel
149 2410 236 2444 diem
259 2409 402 2452 recipere
424 2409 473 2443 vel
499 2409 540 2442 ad
563 2408 768 2455 colloquium
779 2409 847 2452 ejus
859 2410 969 2443 venire
996 2433 1007 2448 ,

71 2459 240 2505 quousque
261 2456 460 2492 Mandatum
481 2458 624 2492 Domini
647 2460 802 2502 receperit
822 2483 833 2499 ‚
859 2460 893 2495 δε
908 2458 1008 2493 etiam

70 2510 98 2544 fi
117 2509 149 2545 ei
171 2509 274 2544 visum
297 2508 411 2547 fuerit,
439 2507 524 2541 idem
537 2508 664 2543 effectui
683 2510 915 2552 mancipaverit
929 2534 939 2549 ,
967 2519 1008 2543 ne

70 2559 181 2598 forte,
207 2555 297 2602 quod
311 2556 409 2597 absit,
437 2556 533 2593 nobis
544 2557 697 2593 dantibus
709 2559 915 2593 occasionem
943 2559 1009 2593 fru-

69 2608 227 2645 stratotiae
252 2605 444 2645 dilationis,
473 2606 592 2640 merito
611 2606 711 2640 etiam
733 2608 887 2649 imputari
911 2608 1008 2650 poffit

72 2659 109 2694 δε
129 2655 224 2692 nobis
259 2680 269 2696 ‚
297 2655 581 2701 quominusipfius
592 2655 686 2700 Papae
704 2655 904 2691 Mandatum
919 2668 1011 2691 man-

72 2708 168 2746 detur
178 2707 386 2746 executioni,
413 2705 501 2750 quod
518 2705 705 2740 nullatenus
730 2705 827 2741 nobis
845 2706 1011 2754 dignosci·

74 2767 129 2800 tur
139 2754 292 2801 expedire
303 2782 311 2790 .
339 2755 431 2792 Bene
442 2757 564 2800 semper
576 2755 695 2791 valete.

276 2847 678 2895 EP1sTo'LA
765 2855 808 2894 x.

126 2956 297 2998 Alexander
324 2959 413 2998 Papa
437 2956 595 2999 Turonenfi
618 2954 862 3000 Archi-Episcopo
882 2981 895 3001 ,
922 2959 958 2996 θ

333 3006 553 3053 suffiaganess,
577 3008 611 3042 Θ
637 3008 739 3042 Clero.

170 3105 423 3143 URONENSI
449 3105 634 3151 Episcopo,
659 3108 692 3143 &
707 3108 914 3152 suffraganeis
927 3108 1006 3152 ejus,

191 3169 253 3192 nec
276 3168 344 3191 non
365 3156 534 3191 &dilectis
545 3157 620 3191 filiis
641 3158 777 3194 aliarum
794 3156 1004 3194 Ecclesiarum

71 3207 277 3242 Turonensis
299 3206 481 3240 Provinciae
500 3207 687 3242 constitutis
703 3234 711 3243 .
745 3209 887 3243 Noverit
912 3209 1005 3243 indu-

74 3256 151 3292 stria
171 3255 292 3294 vestra,
314 3257 378 3291 ὅτε.
403 3265 439 3290 ut
458 3256 571 3300 supra.
599 3256 716 3301 Usque
730 3259 771 3294 ad
785 3259 934 3293 inclinari
950 3270 1006 3301 po-

71 3306 195 3345 tuerit,
220 3314 277 3339 aut
296 3314 362 3339 arte
381 3307 493 3350 aliqua
518 3306 581 3340 sive
603 3307 741 3351 ingenio
762 3320 816 3353 per
837 3310 868 3342 se
880 3308 930 3343 vel
950 3318 1004 3351 per

71 3357 146 3391 suos
156 3355 322 3395 effecerit,
348 3356 525 3397 quominus
546 3355 588 3390 ad
611 3366 685 3391 eum
708 3357 796 3400 juxta
809 3368 999 3403 praeceptum

72 3405 220 3445 nostrum
241 3403 393 3440 accedere
409 3429 419 3445 ,
446 3406 481 3439 ὃ(
506 3406 560 3447 ipfi
582 3416 644 3446 ea,
668 3418 738 3453 quae
760 3408 817 3443 sibi
839 3410 930 3455 super
955 3405 1003 3442 his

175 3454 283 3497 Christ.
297 3458 378 3499 Lupi
391 3459 490 3499 Opera
501 3457 580 3490 Tom.
597 3457 638 3491 X.

1828 108 1848 152 3
1862 110 1886 140 2
1896 109 1917 151 5

1069 172 1141 205 sunt
1151 171 1170 205 a
1182 167 1276 204 nobis
1286 166 1430 211 injuncta
1443 167 1624 202 cumomni
1636 170 1781 209 libertate
1794 175 1828 210 δε
1841 176 1988 211 securim}

1068 231 1099 254 te
1119 228 1297 264 proponere
1317 217 1436 261 posfint
1450 241 1462 257 ,
1486 227 1591 251 totam
1619 227 1734 254 terram
1754 224 1820 266 ejus
1831 250 1842 265 ,
1871 236 1940 267 quae
1950 225 1987 260 in

1070 270 1188 315 Regno
1199 269 1396 303 Francorum
1407 267 1554 303 consistit
1573 268 1668 302 omni
1689 274 1944 310 contradictione
1955 275 1988 310 &-

1068 320 1284 365 appellatione
1296 342 1307 359 ,
1334 319 1393 352 &e
1751 332 1754 334 -
1900 358 1902 361 ἡ

1116 370 1154 404 In
1167 368 1308 405 eundem
1320 367 1455 403 modum
1468 367 1655 402 Bituricensi
1670 365 1944 415 Archi-Episcopo
1954 375 1990 410 ὃς

1069 419 1275 465 suffraganeis
1289 418 1358 462 ejus
1368 442 1379 459 ,
1407 429 1469 453 nec
1491 429 1559 452 non
1570 419 1602 452 δε
1612 417 1684 454 aliis
1697 418 1910 453 Ecclefiarum
1921 422 1990 464 Pre-

1068 471 1141 505 latis
1150 493 1158 502 .
1482 493 1486 503 .

1117 519 1156 553 In
1168 517 1308 554 eundem
1321 518 1457 554 modum
1469 515 1644 554 Auxitano
1671 515 1951 563 Archi-,Episcopo
1961 515 1998 552 ἀ

1068 570 1274 614 suffraganeis
1285 569 1352 613 ejus
1363 594 1370 601 .

1119 619 1156 652 ln
1167 618 1306 653 eundem
1317 617 1454 654 modum
1474 617 1629 654 univerfis
1640 617 1809 661 Episcopis
1823 641 1835 659 ‚
1860 618 1894 651 ὃ(
1909 625 2001 651 caete·

1068 669 1110 704 ris
1132 668 1346 703 Ecclefiarum
1374 668 1517 704 Praelatis
1526 680 1581 715 per
1603 666 1911 714 Rothomagensem
1922 665 2001 701 Pro·

1069 719 1211 755 vinciam
1231 717 1420 754 constitutis
1433 745 1442 754 .

1244 816 1638 855 EPISTOLA
1749 817 1821 855 XI.

1070 918 1195 955 Tbomae
1214 923 1382 955 cantuarie
1387 919 1430 962 nfi
1452 919 1543 955 Archi
1552 937 1565 946 ·
1577 917 1721 964 Episcopo
1731 920 1853 963 quidam
1864 921 1981 952 Amicus
1993 940 2002 952 ,

1169 1020 1234 1055 EX
1247 1021 1348 1065 prima
1366 1020 1549 1056 Dominica
1558 1019 1612 1056 die
1623 1018 1810 1056 Londoniis
1820 1018 1917 1054 debet
1930 1019 2005 1062 esse,

1194 1072 1299 1116 eoque
1311 1071 1628 1115 Archi-Episcopum
1648 1070 1887 1107 Eboracensem
1902 1092 1913 1108 ,
1935 1078 2005 1101 om-

1070 1123 1191 1166 nesque
1202 1121 1333 1166 Angliae
1346 1122 1525 1166 Episcopus
1537 1145 1549 1162 ,
1579 1122 1614 1156 δε
1634 1121 1779 1156 Baroues
1792 1120 1833 1155 ad
1857 1118 1943 1153 diem
1971 1115 2008 1150 il·

1070 1172 1184 1205 lamex
1194 1172 1348 1206 omnibus
1361 1182 1449 1206 terrae
1461 1171 1604 1216 partibus
1625 1172 1843 1206 convocavit.
1868 1167 1958 1203 Sane
1968 1178 2008 1201 ea

1069 1221 1122 1255 die
1132 1221 1302 1255 coronabit
1315 1219 1421 1255 filium
1436 1222 1539 1266 Regis
1552 1220 1762 1256 Eboraceusis
1774 1243 1785 1259 ,
1809 1229 1912 1254 uxore
1925 1219 2009 1261 ejus,

1070 1269 1138 1302 filia
1155 1269 1278 1303 scilicet
1291 1270 1395 1313 Regis
1409 1271 1611 1303 Francorum
1622 1293 1633 1308 ,
1652 1271 1739 1311 apud
1752 1270 1941 1303 Cadomum
1953 1266 2009 1300 de·

1069 1318 1174 1352 relicta
1187 1341 1198 1358 ,
1222 1319 1257 1353 &
1267 1319 1352 1362 quasi
1364 1319 1534 1361 repudiata
1560 1318 1594 1350 in
1606 1318 1841 1350 contumeliam
1854 1316 1959 1349 Patris
1971 1315 2011 1348 δε

1069 1378 1297 1413 contemptum
1312 1392 1319 1399 .
1336 1366 1564 1403 Coronabitur
1574 1365 1659 1401 certe
1672 1377 1750 1410 puer
1761 1365 1818 1399 ille
1828 1390 1840 1405 ,
1854 1374 1952 1408 quem
1962 1361 2013 1397 di·

1072 1419 1202 1459 ximus,
1226 1418 1260 1452 δε
1281 1419 1415 1461 quando
1439 1418 1607 1456 diximus,
1637 1416 1694 1449 nisi
1718 1415 1889 1450 Dominus
1914 1413 2012 1448 Mare

1070 1467 1220 1501 clauserit
1243 1468 1395 1511 navigare
1418 1466 1564 1506 volenti,
1592 1465 1642 1498 vel
1668 1475 1783 1499 manus
1804 1463 2009 1498 contraxerit

1072 1517 1284 1557 Eboracensi,
1314 1515 1365 1550 vel
1386 1516 1443 1549 nifi
1471 1515 1546 1549 Rex
1561 1516 1762 1549 Francorum
1775 1514 1888 1557 aliquo
1902 1511 2010 1556 prohi-

1071 1565 1205 1602 bitionis
1226 1564 1327 1601 modo
1347 1564 1545 1601 inhibuerit.
1578 1564 1663 1598 Puer
1687 1565 1777 1598 enim
1803 1571 1953 1607 properat
1968 1561 2012 1596 ad

1072 1616 1179 1657 Mare,
1189 1618 1222 1651 δε
1233 1618 1251 1652 a
1267 1616 1360 1651 Patre
1373 1617 1571 1660 exspeEiatur
1584 1614 1618 1648 in
1631 1614 1765 1649 adverso
1779 1614 1899 1648 littore.
1915 1612 1957 1646 Et
1968 1609 2010 1646 de

1073 1668 1234 1701 Mandaro
1247 1667 1371 1711 Regis,
1398 1664 1628 1709 Bajocenfis&
1647 1665 1806 1709 Sagiensis
1816 1675 1892 1697 cum
1910 1674 2011 1707 puero

1073 1716 1196 1751 vadunt
1208 1742 1216 1749 .
1243 1715 1428 1750 Richardus
1440 1716 1481 1749 de
1492 1714 1620 1747 Humet
1633 1724 1701 1747 non
1716 1711 1785 1746 ibit.
1801 1713 1934 1755 Regina
1949 1712 2000 1747 Ca
2014 1744 2017 1746 ,

1071 1766 1163 1800 domi
1175 1766 1380 1805 morabitur,
1404 1765 1510 1799 donec
1530 1761 1642 1807 gaudii
1669 1762 1764 1805 hujus
1778 1725 2013 1796 certitudinen‘l

1073 1816 1246 1859 acceperit.
1275 1814 1407 1849 Litterae
1429 1813 1510 1859 ergo
1533 1813 1673 1847 Domini
1686 1812 1782 1855 Papae
1795 1813 1887 1856 super
1902 1809 2011 1854 prohi-

1074 1865 1200 1900 bitione
1214 1864 1467 1900 consecrationis
1488 1862 1604 1905 hujus,
1631 1862 1687 1896 diu
1710 1862 1757 1895 est
1772 1885 1783 1902 ,
1808 1861 1898 1906 quod
1919 1860 2014 1894 Mare

1073 1916 1290 1955 transierunt,
1316 1913 1369 1948 sed
1383 1912 1515 1948 inutiles
1535 1912 1663 1955 prorstis
1688 1911 1823 1947 effed'tae:
1850 1910 1885 1945 in
1912 1921 2014 1944 manu

1074 1963 1161 1998 illius
1174 1989 1184 2005 ,
1195 1965 1248 1998 cui
1261 1962 1387 1998 traditae
1399 1964 1473 1998 sunt
1484 1986 1495 2003 ,
1508 1963 1669 2006 perierunt
1681 1986 1691 2001 ,
1711 1973 1770 1996 nec
1782 1961 1882 1996 alicui
1900 1959 2010 1995 osten—

1074 2014 1113 2047 sae
1122 2039 1132 2055 ‚
1160 2025 1219 2048 uec
1232 2013 1396 2049 ullatenus
1408 2012 1581 2057 propalatae
1594 2038 1600 2045 .
1629 2011 1720 2061 Qid
1736 2005 1838 2057 igitur
1851 2010 1986 2055 prosunt
1995 2034 2013 2050 ‚.

1071 2074 1141 2108 quae
1162 2065 1205 2098 fic
1228 2064 1456 2104 occultantur,
1481 2074 1535 2107 per
1555 2074 1638 2106 quos
1660 2073 1720 2096 nec
1734 2061 1857 2096 instans
1881 2072 2014 2095 coronat

1072 2114 1236 2156 impositio
1247 2139 1258 2155 ‚
1286 2125 1346 2149 nec
1360 2114 1500 2157 personae
1512 2115 1625 2148 unctio
1638 2112 1769 2147 cessabit
1783 2114 1795 2146 ?
1822 2108 2014 2146 Certisiime

1071 2164 1160 2197 enim
1172 2165 1278 2198 sciatis
1289 2163 1353 2198 hoc
1373 2165 1439 2198 sine
1461 2163 1622 2198 dilatione
1644 2164 1811 2198 futurum.
1842 2161 1909 2195 Etsi
1942 2171 2013 2194 non

1071 2212 1197 2247 audiret
1209 2214 1437 2252 Eboracensis,
1451 2222 1564 2247 manus
1578 2224 1729 2249 cruentas
1740 2222 1918 2256 apponeret
1932 2210 2011 2244 Car·

1072 2263 1161 2297 nifex
1183 2262 1361 2306 Sagiensis.
1388 2263 1468 2296 Hoc
1491 2273 1600 2297 autem
1614 2264 1777 2298 fitcontra
1791 2274 1869 2303 vos,
1899 2270 1935 2296 ut
1949 2270 2009 2294 nec

1070 2312 1194 2347 diutius
1206 2312 1300 2347 liceat
1317 2312 1418 2347 etiam
1431 2312 1552 2356 sperare
1563 2311 1604 2346 de
1616 2323 1694 2355 paee
1705 2337 1716 2352 ,
1742 2312 1797 2346 cui
1813 2323 1880 2345 non
1903 2309 2011 2346 solum

1073 2374 1135 2407 pax
1145 2363 1293 2396 differtur
1306 2387 1313 2394 .
1343 2362 1440 2396 Dixit
1450 2361 1541 2395 enim
1555 2361 1651 2396 nobis
1662 2360 1845 2396 Richardus
1855 2360 1898 2395 de
1911 2361 2012 2396 Wes-

1070 2412 1191 2453 cestre,
1219 2413 1274 2455 qui
1298 2423 1357 2456 pro
1381 2411 1592 2446 accelerando
1612 2412 1780 2444 transitum
1809 2410 1899 2452 pueri
1920 2409 2013 2443 venit

1071 2462 1170 2496 altera
1191 2461 1247 2496 die
1261 2487 1271 2503 ,
1294 2462 1395 2505 usque
1420 2461 1608 2496 cadomum
1631 2483 1642 2499 ,
1684 2459 1720 2493 δι
1739 2458 1850 2492 statim
1873 2458 2013 2493 reversus

1070 2512 1115 2546 est
1129 2521 1204 2546 cum
1215 2511 1292 2546 illo.
1323 2512 1443 2548 Dixit,
1469 2513 1602 2552 inquam
1618 2533 1628 2548 ,
1654 2508 1712 2543 ille
1725 2506 1814 2550 quod
1837 2518 1948 2551 pacem
1963 2518 2015 2542 ve·

1072 2562 1167 2597 stram
1181 2562 1334 2597 omnibus
1347 2559 1454 2594 modis
1474 2559 1617 2593 differret
1630 2583 1641 2599 ‚
1669 2559 1702 2592 ὅ(
1716 2558 1737 2591 si
1750 2558 1842 2591 aliter
1862 2569 1929 2591 uon
1945 2558 2015 2599 pos·

1072 2613 1118 2646 set
1130 2636 1142 2653 ,
1171 2623 1237 2646 non
1250 2611 1355 2645 solum
1372 2610 1524 2643 Domino
1540 2609 1632 2652 Papae
1647 2633 1657 2649 ‚
1684 2608 1736 2641 sed
1752 2608 1851 2642 etiam
1867 2607 1922 2650 ipsi
1936 2608 2011 2641 Deo

1074 2661 1264 2697 inobediens
1288 2661 1363 2694 Rex
1388 2669 1465 2694 ante
1486 2660 1586 2703 usque
1607 2659 1648 2692 ad
1670 2667 1809 2692 mortem
1822 2657 1974 2691 existeret
2001 2682 2012 2698 ‚

1071 2711 1168 2756 quam
1183 2711 1349 2745 vobiscum
1369 2720 1481 2755 pacem
1506 2708 1658 2743 haberet.
1686 2706 1804 2742 Nolite
1817 2706 1895 2751 ergo
1909 2709 2013 2751 spera-

1071 2762 1148 2796 rein
1161 2760 1356 2803 iniquitate,
1384 2771 1444 2794 nec
1469 2758 1669 2803 Templariis
1692 2758 1758 2792 illis
1776 2756 1922 2798 credite,
1952 2758 2010 2800 qui

1073 2823 1141 2846 non
1168 2811 1336 2845 ambulant
1363 2811 1405 2844 ins
1420 2809 1645 2854 simplicitate,
1674 2808 1727 2842 sed
1749 2807 1851 2852 Regis
1862 2807 1971 2851 potius
1996 2831 2007 2847 ,

1072 2862 1170 2906 quam
1186 2859 1319 2894 vestram
1339 2860 1543 2895 voluntatem
1563 2861 1682 2903 exequi
1702 2857 1888 2901 cupientes,
1916 2855 2012 2891 vobis

1073 2909 1156 2945 nihil
1178 2910 1268 2945 aliud
1288 2910 1387 2955 quim
1412 2910 1582 2946 mendacia
1603 2910 1645 2944 de
1664 2907 1910 2953 Rege&Patre
1921 2917 2010 2941 rnen·

1069 2960 1155 2996 dacii
1169 2961 1318 2995 adferunt
1332 2984 1343 3002 ,
1368 2970 1404 2995 ut
1416 2961 1581 3004 decipiant
1593 2986 1601 2993 .
1629 2957 1804 3005 Quidquid
1828 2957 1917 2992 enim
1931 2956 2006 2989 Rex

1070 3011 1137 3056 agit
1150 3010 1318 3045 vobiscum
1332 3034 1344 3051 ,
1360 3010 1463 3046 dolus
1484 3010 1529 3045 est
1554 3011 1589 3044 δε
1613 3007 1773 3052 nequitia.
1803 3007 1864 3042 Sed
1877 3014 1913 3040 ut
1926 3016 2007 3051 pace

1071 3061 1171 3096 vestra
1184 3062 1320 3105 loquar,
1345 3060 1479 3096 stultum
1490 3060 1612 3103 decipit
1634 3056 1740 3094 verbis
1763 3055 1939 3096 inanibus,
1965 3065 2003 3090 ut

1070 3111 1201 3146 interim
1213 3111 1270 3146 sibi
1283 3111 1388 3156 magis
1397 3110 1584 3155 provideat,
1611 3107 1700 3142 &de
1723 3111 1824 3144 tractu
1848 3106 2003 3149 temporis

1069 3171 1183 3195 contra
1205 3172 1263 3196 vos
1284 3160 1420 3206 majores
1444 3159 1574 3194 insidias
1595 3168 1704 3202 paret,
1729 3158 1907 3200 &laqueos
1926 3165 2001 3196 prz-

1071 3222 1157 3254 paret
1167 3211 1333 3246 fortiores.
1360 3210 1451 3257 Qid
1476 3207 1576 3252 igitur
1600 3209 1717 3248 facies,
1746 3207 1918 3242 hominum
1941 3203 2001 3236 rni-

1072 3262 1198 3296 setrime
1210 3285 1221 3302 ,
1247 3262 1268 3295 fi
1279 3262 1338 3296 tibi
1352 3260 1448 3294 fuerit
1469 3258 1525 3292 sub
1536 3261 1692 3301 temporis
1706 3257 1860 3292 brevitate
1880 3252 1999 3286 subtra-

1070 3313 1154 3345 stum
1166 3336 1178 3352 ‚
1200 3311 1240 3346 ad
1251 3310 1339 3354 quod
1353 3309 1450 3342 tantis
1464 3309 1664 3352 temporibus
1684 3303 1843 3348 suspirasti
1855 3301 1872 3333 ἕ
1895 3301 1929 3334 Si
1943 3313 2009 3345 perv

1070 3360 1170 3395 alium
1182 3361 1255 3396 Rex
1266 3359 1360 3394 fuerit
1371 3359 1500 3393 effeetus
1513 3383 1523 3398 ,
1548 3359 1606 3399 qui
1622 3367 1687 3391 non
1703 3354 1759 3388 nisi
1775 3364 1829 3397 per
1840 3362 1872 3386 te
1883 3360 1994 3396 regna-

1071 3422 1103 3447 re
1118 3410 1291 3448 debuerat?
1318 3408 1424 3446 Immo
1445 3408 1526 3454 quid
1548 3407 1669 3448 facies,
1696 3404 1719 3438 si
1740 3402 1895 3439 inimicus
1919 3411 1996 3439 tuus

1471 3458 1499 3494 E
1510 3468 1529 3493 e
1821 3453 1947 3499 Regem
