2358 3776
307 105 345 150 S.
414 99 798 149 THOMAE
865 98 1756 152 CANTUARIENSIS.

99 227 102 230 ,
149 188 297 236 Arguitis
307 199 368 223 nos
379 189 470 232 super
482 189 682 232 suspensione
707 184 900 222 venerabilis
923 184 1029 219 fratris

99 242 199 277 nostri
208 239 444 274 saresberiensis
459 240 611 282 Episcopi
631 263 642 279 ‚
662 239 696 272 δε
717 235 1028 271 excommunicatio·

99 291 284 333 neloannis
295 289 380 323 illius
390 289 583 323 schismatici
608 287 800 322 Ex-Decani
818 310 829 326 ‚
856 286 966 329 prins,
992 294 1028 318 ut

97 339 227 379 dicitis,
253 340 372 373 inflit‘ta
396 339 564 383 poenaliter
582 360 594 379 ,
620 337 716 381 quam
753 336 795 370 de
834 336 1029 380 cognitione

97 390 239 433 processa
252 388 417 434 legitime,
442 390 539 432 quam
558 388 599 422 de
620 386 735 422 ordine
760 384 958 428 judiciorum
980 395 1030 418 ca-

98 440 218 474 nonice
241 440 389 484 prodita.
416 436 661 482 Respondemus
679 459 691 476 ‚
716 435 875 479 quoniam
905 445 1027 469 utrum·

98 499 161 532 que
186 490 318 524 istorum
337 489 462 524 notavit
482 487 564 531 justa
583 496 685 530 poenae
710 484 869 519 sententia
895 509 906 525 ‚
936 485 1031 518 illurn

97 539 310 582 suspensionis
331 563 343 580 ‚
377 535 732 573 excommunicationis
756 535 870 569 istum.
908 536 942 569 Si
965 546 1033 578 per-

97 588 180 624 fecte
189 590 305 624 tenetis
316 587 442 633 negotii
455 586 588 626 seriem,
614 586 637 619 fi
651 586 729 619 reae
756 584 926 619 attenditis
949 585 1033 628 judi-

97 639 226 674 ciorum
252 639 398 674 ordinem
418 659 431 678 ,
457 647 525 670 non
550 636 612 670 erit
634 659 646 676 ,
671 646 707 669 ut
732 635 892 668 credimus
917 659 928 675 ‚
965 634 1032 669 haec

99 691 203 725 vestra
227 688 405 723 sententia,
429 685 506 720 Hoc
533 686 666 730 quidem
694 683 793 719 habet
831 684 1034 726 authoritas,

97 752 170 785 quae
195 751 254 774 vos
273 739 371 774 latere
395 747 464 770 non
489 735 609 775 debet,
634 735 835 780 quoniamin
857 734 1035 769 manifestis

99 793 136 825 r&
148 788 283 824 notoriis
295 799 362 822 non
372 785 564 821 defideratur
574 784 632 819 ista
643 785 795 830 cognitio
806 810 814 816 .
854 784 1029 828 perpendi-

99 838 357 882 tediiigentius,
384 834 463 879 quid
474 837 579 869 astum
601 835 637 868 lit
656 834 676 867 ὲ
697 834 920 869 Saresberienfi
944 836 1035 878 super

99 890 271 922 Decanatu
284 886 354 929 post
365 885 506 919 Domini
526 885 623 928 Papae
645 883 901 928 prohibitionem
915 885 950 919 δε
973 896 1035 918 no·-

96 938 196 972 stram
219 961 231 977 ,
255 935 313 970 sub
333 933 679 970 excommunicatione
714 934 830 970 fastam
850 959 861 975 ,
883 935 918 969 &
956 944 1036 968 tunc

97 986 212 1022 sestius
241 985 433 1029 intelligetis
454 1008 467 1026 ,
501 985 522 1018 fi
545 984 587 1018 de
609 984 780 1019 manifesta
811 984 1036 1019 inobedientia

98 1037 260 1080 suspensio
270 1035 348 1069 recte
359 1035 521 1079 sequitur.
549 1032 656 1069 Unde
667 1034 786 1068 Beatus
799 1034 973 1069 Clemens:
1005 1037 1037 1068 si

99 1086 246 1122 Praelaetis
260 1084 325 1129 suis
343 1096 402 1117 non
422 1083 586 1117 obedierint
608 1082 813 1126 cujuscumque
840 1086 960 1118 midinisv
973 1090 1038 1117 uni-

99 1135 196 1178 verfi,
220 1133 373 1178 omnesque
387 1137 538 1176 Principes
551 1142 617 1168 tam
627 1133 786 1175 inferioris
799 1137 889 1177 quom
905 1133 1034 1177 superio·

100 1192 149 1221 ris
157 1187 271 1219 ordinis
285 1208 297 1224 ‚
322 1191 411 1225 atque
420 1184 526 1226 reliqui
530 1185 632 1226 populi·
649 1207 661 1224 ,
687 1184 845 1229 ηου]ο1ᾰηι
867 1183 998 1225 infames
1023 1207 1034 1224 ,

99 1235 253 1280 sedetiam
264 1234 430 1267 extorrem?
442 1237 543 1276 Regno
554 1236 633 1273 Dei,
660 1234 695 1266 Θ·
713 1232 852 1275 consortio
868 1233 1001 1275 fidelium
1024 1256 1036 1273 ,

99 1286 136 1319 a&
145 1287 166 1318 si
175 1283 329 1318 liminibus
336 1280 457 1325 sana-e
468 1286 525 1315 Dei
535 1281 668 1323 Ecclefiae
679 1283 767 1314 alieni
778 1291 864 1316 erunt
870 1307 879 1314 .

153 1334 343 1377 DeJoanne
354 1332 396 1365 de
413 1329 607 1367 Oxeneford
629 1330 788 1372 dicimus.
813 1332 888 1374 quia
909 1330 1036 1366 diversis

100 1383 208 1421 modis
217 1382 544 1416 excommunicantur
555 1381 691 1416 diversi:
717 1381 790 1416 Alii
812 1382 882 1425 lege
903 1392 959 1415 eos
977 1382 1036 1416 de-

96 1431 615 1472 nuncianteexcommunicatos,
642 1430 697 1464 alii
710 1432 868 1465 sententia
892 1433 999 1466 notati
1026 1457 1036 1472 ,

98 1483 158 1519 alii
180 1482 484 1517 communicatione
514 1482 548 1516 &
570 1481 818 1526 participatione
850 1492 1037 1516 excommu-

97 1534 301 1571 nicatorum.
320 1531 419 1566 lllum
439 1532 515 1566 vero
530 1557 540 1572 ,
567 1532 727 1576 quoniam
752 1531 872 1566 incidit
892 1532 928 1565 in
945 1532 1038 1565 haete-

97 1584 161 1619 {im
182 1582 370 1617 damnatam
398 1580 678 1617 communicando
708 1581 930 1615 schismaticis
953 1604 965 1620 ,
1005 1582 1039 1614 δε

100 1633 246 1668 Domini
283 1631 376 1673 Papae
411 1631 708 1666 excommunicatis
744 1654 756 1671 ,
790 1640 978 1674 reatumque
1008 1630 1041 1664 &

61 1689 63 1692 “
98 1682 263 1719 maculam
275 1680 629 1714 excommunicationis
646 1681 680 1713 in
706 1681 737 1714 se
758 1682 946 1721 contraxit,
973 1690 1043 1723 quae

101 1732 198 1777 pestis
221 1741 312 1764 more
333 1730 426 1772 leprae
451 1730 557 1763 inficit
572 1731 606 1763 ὃς
630 1730 792 1772 intingit,
816 1729 1043 1771 consimilique

100 1791 200 1826 prena
233 1780 388 1812 facientes
421 1778 457 1810 δε
490 1777 735 1810 consentientes
771 1777 948 1810 confundit
969 1800 981 1816 ,
1006 1777 1040 1810 δε

100 1828 260 1874 quoniam
276 1835 390 1860 contra
416 1825 560 1874 Domini
582 1825 676 1869 Papae
698 1825 896 1860 Mandatum
918 1827 1042 1868 expres-

106 1881 202 1918 sum,
226 1876 416 1912 &nostrum
427 1875 484 1910 sub
496 1874 725 1914 anathemate,
762 1875 968 1909 Decanatum
990 1877 1042 1910 Sa-

99 1927 330 1965 sesberiensem
365 1926 669 1960 excommunicatus
707 1926 894 1967 usurpavit,
919 1925 1042 1960 denun-

102 1979 260 2013 ciavimus
277 1977 311 2011 δε
329 1976 688 2010 excommunicavimus
713 1999 724 2015 ,
760 1976 795 2009 δε
814 1977 1042 2009 excommuni-

100 2038 214 2064 catum
235 2026 367 2060 firmiter
392 2036 555 2060 tenemus.
586 2026 628 2060 Et
651 2024 739 2067 quod
762 2025 802 2058 de
814 2035 853 2057 eo
864 2026 984 2058 factum
996 2025 1041 2058 est

103 2078 138 2112 in
149 2078 346 2117 Decanatu,
374 2076 408 2111 δι
429 2076 521 2118 super
543 2075 716 2109 Decanatu
730 2098 741 2114 ,
766 2074 977 2115 cassavimus,
1007 2075 1042 2109 δι

100 2129 258 2164 caffatum
270 2137 419 2162 tenemus
429 2149 439 2166 ‚
467 2127 546 2160 licut
556 2127 589 2160 ὃς
601 2125 770 2159 Dominus
782 2123 869 2168 Papa
883 2124 949 2168 jam
964 2124 1042 2167 ipse-

101 2187 169 2212 met
180 2178 310 2212 cassavit
330 2176 527 2210 authoritate
549 2177 671 2210 ostavae
691 2174 833 2218 synodi,
860 2173 952 2216 cujus
975 2176 1040 2209 haec

101 2228 149 2262 est
161 2227 340 2261 sententia:
369 2228 400 2258 si
418 2232 486 2267 quis
502 2227 606 2267 palam
628 2226 679 2258 vel
697 2223 835 2267 absconse*
855 2235 919 2257 cum
930 2235 1040 2257 excom-

105 2273 492 2315 municarolocueusfuerit,
518 2284 571 2307 aut
587 2275 712 2316 junc‘lus
734 2280 932 2307 communione
946 2300 956 2315 ,
975 2274 1041 2314 sta-

107 2332 163 2359 tim
172 2324 242 2367 inse
250 2324 400 2358 contrabit
410 2330 715 2357 excommunicationis
727 2334 863 2365 poenam.
894 2325 935 2357 Et
950 2325 1041 2358 Con-

106 2376 219 2410 cilium
230 2374 312 2408 clare‘
319 2374 399 2407 dicit
412 2387 422 2406 .·
451 2376 515 2416 ,Qut
523 2380 785 2407 communicaverit
796 2383 861 2406 cum
875 2385 1044 2407 excommu-

106 2427 225 2463 nicoto,
244 2421 408 2463 ficlericus
430 2422 489 2463 est,
513 2423 676 2464 deponatur
690 2448 697 2455 .
740 2422 863 2458 Videat
884 2435 963 2468 ergo
986 2425 1045 2458 dis-

104 2474 210 2510 cretio
221 2473 345 2512 vestra,
371 2473 497 2515 nequis
510 2474 734 2507 vestrumcum
758 2485 799 2506 eo
827 2475 1045 2508 communica-

105 2525 204 2559 verit.
231 2522 381 2556 Calixtus
402 2522 490 2556 enim
516 2522 603 2566 Papa
628 2524 734 2557 dicit:
764 2526 1045 2557 Excommuntcatos

107 2571 251 2617 quousque
273 2574 294 2604 ἃ
315 2572 517 2605 sacerdotibus
542 2574 640 2606 nullus
663 2577 787 2614 recipiat
810 2582 881 2606 ante
891 2573 1045 2617 utriusque

103 2629 203 2667 partis
215 2625 466 2656 examinationem
474 2621 585 2661 iustam
599 2646 609 2661 ‚
634 2632 685 2655 nec
693 2633 758 2655 cum
768 2628 810 2656 eis
821 2629 853 2656 in
881 2628 1008 2656 oratione
1033 2648 1043 2664 ,

106 2683 161 2707 aus
171 2678 202 2706 in
211 2672 357 2712 cibo‚aut
366 2678 438 2712 potu
453 2695 464 2711 ‚
490 2680 543 2704 aut
557 2669 647 2713 osculo
667 2677 854 2705 communicet
866 2696 877 2713 ,
905 2683 959 2706 aut
974 2675 1045 2707 Ave

106 2729 150 2756 eis
178 2723 273 2755 dicat.
300 2723 386 2764 ‚Quies
410 2728 578 2763 quicumque
598 2727 631 2753 in
657 2719 703 2753 bis
726 2722 778 2754 vel
794 2723 865 2754 aliis
884 2722 1044 2764 prohibitis

104 2771 232 2817 scienter
251 2776 509 2805 excommunicatis
535 2775 835 2811 communicaverint,
866 2774 963 2812 juxta
976 2777 1046 2814 Apo-

103 2822 238 2863 stolorum
247 2820 455 2861 institutionem
462 2820 548 2863 simili
559 2827 851 2854 excommunicationi
874 2823 908 2855 Ca·
919 2821 1046 2864 ipfisub·

100 2871 261 2913 jacebunt.
289 2871 359 2904 Hic
378 2870 424 2904 est
444 2871 527 2915 ordo
551 2872 761 2911 Canonicus,
799 2882 869 2904 non
893 2871 1045 2906 Canoni-

110 2920 171 2955 bns
189 2944 201 2962 ,
238 2929 273 2955 ut
293 2920 476 2962 credimus,
513 2922 703 2966 incognitus
723 2943 735 2960 ,
772 2920 826 2956 sed
849 2921 1045 2957 authoritate

111 2969 286 3004 Canonum
299 2970 398 3005 fultus
410 2995 418 3003 .

160 3019 205 3053 Et
231 3030 273 3053 ne
298 3021 459 3054 miremini
483 3045 494 3061 ‚
530 3022 552 3055 si
579 3020 778 3066 quandoque
807 3021 1044 3057 condemnatur

109 3069 242 3104 absens.
269 3067 386 3113 Legite
397 3070 533 3105 Paulum
547 3096 557 3112 ,
584 3072 639 3115 qui
659 3072 773 3106 absens
795 3072 924 3116 publice
946 3074 1044 3107 forni-

108 3129 238 3154 cantem
274 3129 350 3152 cum
387 3129 523 3156 noverca
550 3122 604 3155 sua
631 3133 698 3156 non
737 3122 923 3156 convitium
962 3123 1044 3157 testi·

109 3169 171 3204 bus
205 3193 217 3209 ,
242 3179 312 3202 non
339 3169 518 3204 confessum
555 3195 566 3211 ,
592 3171 690 3206 etiarn
716 3171 882 3206 absentem
917 3197 928 3214 ,
954 3174 1043 3216 cujus

106 3218 231 3254 crimen
257 3228 372 3252 omnes
393 3217 535 3253 sciebant
557 3245 566 3260 ,
603 3222 638 3255 δε
673 3233 741 3256 non
768 3223 945 3267 arguebant
965 3249 977 3264 ‚
1011 3223 1042 3256 ii-

106 3278 162 3302 cut
185 3277 243 3300 vos
269 3267 361 3302 istius
390 3292 401 3308 ,
429 3279 527 3311 quem
555 3281 621 3303 non
647 3271 687 3305 de
713 3272 781 3314 jure
807 3273 952 3307 defendit
982 3273 1042 3306 Re-

107 3321 161 3362 gia
174 3316 340 3356 Potestas,
367 3318 460 3360 ejecit
487 3318 505 3351 ὲ
523 3318 618 3353 Coetu
639 3320 807 3362 fidelium,
833 3324 865 3356 ὅ(
889 3323 1043 3365 judicavit

107 3378 182 3401 eum
204 3366 287 3401 tradi
310 3366 503 3401 Sathanaein
535 3368 701 3402 interitum
713 3374 840 3412 carnis,
869 3384 903 3406 ut
918 3373 1043 3415 spiritus

112 3418 213 3453 salvus
225 3416 313 3451 fieret
322 3441 333 3456 ‚
345 3417 424 3451 ficut
436 3429 494 3453 nos
507 3418 602 3451 istum
615 3441 621 3448 .
645 3419 802 3457 Caeoemm
812 3422 969 3466 quonjam
980 3420 1043 3459 1200

210 3466 317 3507 christ.
334 3470 414 3510 Lupi
423 3470 521 3511 Opera
530 3471 608 3502 Tom.
622 3469 662 3501 X.

1072 415 1329 1342 XLondonenss
1376 437 1533 480 quinoffe
1542 435 1791 470 debuerasillud
1814 434 1969 479 Gregorii
1983 439 2028 471 se-

1868 119 1963 167 ¹37

1090 185 1278 232 temporein
1293 183 1437 229 partibus
1447 184 1562 220 nostris
1580 186 1683 220 multa
1702 187 1886 231 hujusmodi
1898 213 1910 232 ,
1935 188 2026 224 &sa-

1090 239 1131 273 tis
1142 236 1250 282 gravi-a
1262 259 1274 275 ,
1301 235 1335 268 in
1345 233 1487 269 absentia
1501 234 1607 269 nostra
1617 235 1700 268 fiunt
1709 242 1856 276 enormia
1867 265 1878 281 ,
1907 250 1975 282 quae
1982 239 2024 273 de

1090 298 1199 330 cetero
1216 309 1228 326 ,
1255 284 1333 320 licet
1354 285 1498 320 absentes
1517 296 1653 328 corpore
1677 309 1689 325 ,
1729 289 1890 327 praesentes
1913 298 2023 323 tamen

1092 337 1289 371 authoritate
1299 361 1311 377 ,
1336 336 1421 370 salva
1432 336 1535 370 animi
1548 335 1648 370 nostri
1656 335 1854 370 conscientia
1876 339 2025 381 preterire

1094 399 1161 422 non
1171 385 1324 421 debemus
1334 410 1346 426 ,
1370 397 1431 420 nec
1443 387 1608 430 possumus
1627 386 1798 420 incorrecta
1811 409 1822 425 ,
1847 385 1909 419 tibi
1930 390 2028 423 frater

1095 487 1186 530 primi
1205 500 1216 519 .-
1250 488 1281 519 51·
1301 493 1367 529 quis
1388 485 1550 530 Episcopus
1565 485 1766 528 fornicationi
1790 484 2025 522 presbyterorum

1093 540 1373 575 animamarum,
1397 539 1568 572 velerimen
1578 534 1704 578 incestus
1726 560 1737 576 ‚
1760 539 1792 567 in
1798 533 1855 578 sua
1872 532 2029 572 parocbia,

1092 593 1206 628 pretio,
1230 585 1402 628 precibusve*
1414 612 1426 628 ,
1446 585 1510 629 five
1517 592 1622 630 gratia
1642 590 1862 619 interveniente
1888 581 2036 626 consense-

1094 644 1135 670 rit
1144 662 1155 678 ,
1180 638 1232 670 vel
1240 637 1412 679 commissum
1422 636 1603 671 authoritate
1612 633 1660 679 sui
1673 634 1754 675 officii
1765 647 1823 668 non
1840 641 2035 677 impugnave-

1095 692 1159 727 rit,
1185 688 1205 719 ἃ
1221 684 1272 729 suo
1292 685 1492 729 suspendatur
1515 687 1614 729 offiio.
1646 684 1798 729 Illudque
1821 684 1945 718 Leonis
1970 696 1977 715 ε
2002 685 2034 716 si

1096 742 1147 780 qui
1158 735 1298 780 Episcopi
1307 737 1399 770 talem
1411 735 1646 779 consecraverint
1660 736 1847 770 sacerdotem
1869 757 1880 773 ,
1916 734 2035 775 qualem

1097 788 1146 831 eJJe
1158 798 1216 819 non
1226 788 1330 827 liceat,
1355 786 1474 828 etiamst
1479 788 1577 829 aliquo
1588 786 1669 820 modo
1688 786 1831 818 damnum
1850 787 1968 826 proprii
1989 781 2039 814 bo-

1098 843 1176 870 noris
1187 834 1340 879 evaserint
1351 859 1361 875 ,
1387 837 1586 870 ordinationis
1596 838 1651 877 jus
1663 835 1784 869 ulterius
1795 845 1853 867 non
1867 833 2037 872 habebunt,

1099 898 1150 921 nec
1158 887 1211 920 ulli
1221 898 1352 928 unquam
1363 889 1551 921 sacramento
1571 893 1736 920 intererunt
1751 910 1762 925 ‚
1787 884 1869 927 quod
1889 888 2035 916 immerito

1096 936 1315 980 praestiterunt.
1342 936 1512 984 Qouiam
1526 938 1560 971 in
1577 936 1711 972 istorum
1724 935 1918 969 sententiam
1930 932 2041 966 Cano-

1101 998 1200 1028 num,
1227 987 1307 1021 sicut
1321 997 1378 1030 pro
1388 997 1478 1021 certo
1488 986 1671 1021 audivimus
1683 1009 1694 1026 ,
1718 984 1884 1029 deliquisti
1899 981 2038 1026 duplici-

1100 1048 1167 1077 ter,
1192 1037 1383 1072 mandamus
1395 1036 1480 1079 tibi,
1505 1037 1539 1070 δε
1554 1038 1587 1071 in
1599 1037 1719 1071 virtute
1731 1034 1926 1070 obedientiae
1949 1043 2044 1066 man·

1100 1085 1210 1121 dando
1223 1087 1451 1131 injungimus,
1478 1097 1661 1129 quatenus,
1687 1086 1767 1120 liita
1780 1084 1825 1119 est
1844 1108 1855 1124 ,
1881 1084 1967 1117 infra
1978 1092 2043 1116 tres

1101 1138 1225 1171 menses
1239 1138 1310 1181 post
1324 1138 1453 1172 istarum
1469 1137 1706 1181 susceptionem
1720 1137 1898 1169 litterarum
1917 1156 1927 1171 ‚
1949 1144 2043 1166 vene-

1102 1187 1253 1221 rabilium
1263 1189 1399 1222 fratrum
1414 1187 1592 1222 vestrorum
1601 1186 1882 1230 coepiscoporum
1902 1183 2044 1217 consilio

1101 1236 1143 1269 de
1154 1247 1247 1271 tanto
1259 1237 1386 1270 excessu
1409 1238 1451 1271 sic
1474 1235 1602 1270 studeas
1613 1246 1647 1270 te
1666 1236 1782 1268 offerre
1802 1232 1997 1267 cotrestioni
2011 1230 2046 1265 ὃς

1103 1286 1313 1319 satisfastioni
1324 1310 1335 1326 ‚
1361 1296 1403 1318 ne
1414 1286 1510 1328 ceteri
1523 1295 1583 1318 tuo
1591 1284 1743 1326 exemplo
1757 1284 1792 1316 in
1806 1283 1977 1315 consimile
1988 1279 2047 1314 de·-

1101 1336 1214 1369 liitum
1230 1335 1404 1374 incidant,
1428 1334 1463 1368 δε
1486 1345 1547 1368 nos
1559 1344 1615 1377 pro
1637 1331 1840 1377 negligentia
1853 1341 1908 1365 tua
1932 1329 2045 1365 debea-

1103 1397 1174 1420 mus
1187 1385 1246 1419 tibi
1258 1384 1394 1419 severius
1406 1383 1607 1418 Mandatum
1622 1393 1801 1427 proponere
1814 1405 1822 1414 .

1151 1436 1333 1479 Opponitis
1349 1434 1447 1469 nobis
1456 1443 1569 1469 contra
1581 1444 1705 1468 metum
1727 1431 1955 1477 gravaminum
1980 1439 2050 1465 non

1103 1486 1281 1520 remedium
1293 1485 1633 1529 perappellationem,
1661 1483 1715 1517 sed
1737 1479 2009 1524 impedimentum
2038 1504 2050 1519 ,

1104 1546 1171 1578 quo
1191 1535 1320 1573 minus,
1350 1535 1430 1568 sicut
1442 1533 1681 1578 intelligimus,
1713 1540 1919 1565 exerceamus
1940 1529 2052 1563 adver-

1104 1586 1176 1619 sum
1199 1584 1439 1623 malefactores,
1476 1583 1640 1617 invasores
1663 1581 1827 1616 bonorum
1853 1579 2050 1614 Ecclesiasti-

1105 1646 1243 1674 corum,
1269 1633 1446 1677 disciplinae
1466 1634 1635 1667 censuram
1658 1629 1885 1665 Ecclefiasticae
1907 1642 1917 1671 ;
1945 1641 1988 1664 ne
2014 1630 2051 1662 in

1107 1685 1293 1719 Dominum
1317 1684 1470 1717 nostrum
1486 1683 1637 1724 Regem,
1666 1679 1717 1713 vel
1734 1689 1852 1713 terram
1875 1680 1964 1713 suam
1977 1703 2003 1720 ‚s
2015 1680 2052 1713 in

1108 1735 1258 1775 personas
1292 1732 1407 1765 vestras
1444 1731 1479 1764 &
1516 1728 1675 1763 Ecclefias
1688 1751 1698 1767 ,
1728 1726 1855 1771 aliquid
1875 1726 2052 1762 statuamus

1105 1793 1146 1815 eo
1166 1781 1283 1814 ordine
1308 1805 1319 1821 ,
1362 1791 1430 1823 quo
1450 1778 1602 1823 progreffi
1626 1779 1735 1811 sumus
1763 1785 1879 1811 contra
1907 1776 2055 1812 Saresbe-

1108 1831 1267 1871 riensem,
1303 1830 1382 1863 ficut
1404 1829 1537 1869 dicitis,
1562 1829 1596 1863 &
1619 1827 1687 1871 ejus
1703 1828 1880 1862 Decanum
1904 1851 1912 1859 .
1935 1827 2054 1862 -Abfit

1107 1881 1125 1915 a
1138 1880 1252 1921 nobis,
1280 1890 1316 1914 ut
1325 1878 1449 1924 aliquid
1463 1880 1497 1914 in
1507 1890 1582 1914 eum
1594 1879 1644 1912 vel
1658 1887 1776 1912 terram
1797 1877 1888 1910 suam
1910 1901 1922 1918 ,
1946 1877 1982 1911 in
1996 1888 2053 1912 vos

1109 1931 1142 1964 ἀ
1166 1930 1322 1964 Ecclefias
1345 1929 1461 1964 vestras
1481 1928 1665 1964 inordinate
1686 1926 1892 1961 statuerimus
1919 1926 1971 1960 vel
1994 1927 2053 1962 sta-

1109 1991 1254 2014 tuamus.
1283 1979 1344 2014 Sed
1356 1980 1434 2023 quid
1447 1979 1493 2013 est
1505 2004 1516 2019 ‚
1541 1979 1616 2013 sseo
1634 1977 1824 2021 delinquitis
1845 1974 1947 2011 modo
1960 2001 1972 2017 ,
1998 1975 2053 2010 vel

1106 2028 1288 2068 consimili,
1315 2040 1383 2072 quo
1402 2029 1470 2072 jam
1489 2028 1626 2072 deliquit
1649 2026 1894 2063 Saresberienfis
1917 2050 1928 2066 ‚
1957 2036 2053 2060 num·

1106 2079 1185 2123 quid
1209 2079 1268 2112 hac
1287 2079 1507 2122 appellatione
1531 2077 1663 2123 potestis
1686 2075 1878 2121 suspendere
1901 2075 2053 2110 authori·-

1106 2139 1206 2162 tatem
1229 2129 1394 2168 nostram,
1420 2140 1461 2163 ne
1482 2130 1515 2163 in
1539 2140 1596 2162 vos
1618 2129 1670 2162 vel
1697 2126 1854 2162 Ecclefias
1880 2126 1996 2160 vestras
2010 2127 2054 2160 se·

1107 2178 1249 2213 veritatis
1267 2178 1475 2221 disciplinam
1504 2189 1712 2213 exerceamus
1734 2203 1745 2219 ‚
1779 2177 1802 2210 si
1823 2176 1935 2211 delicti
1959 2187 2053 2210 enor-

1107 2229 1203 2262 mitas
1225 2228 1289 2262 hoc
1310 2227 1444 2271 exiget?
1484 2229 1655 2263 Advertite
1681 2226 1874 2273 diligentius
1896 2250 1907 2267 ,
1937 2227 1959 2261 st
1982 2226 2052 2261 haec

1107 2278 1257 2323 legitima
1275 2276 1450 2320 appellatio
1470 2301 1480 2317 ,
1519 2278 1555 2312 <Sc
1576 2289 1645 2321 quae
1669 2278 1707 2312 fit
1728 2277 1796 2311 haec
1819 2277 2052 2321 appellationis

1106 2330 1211 2362 forma
1223 2353 1229 2359 .
1241 2328 1366 2361 Scimus
1380 2328 1536 2371 quoniam
1551 2328 1659 2361 omnis
1671 2328 1839 2370 appellans
1852 2338 1909 2362 aut
1922 2328 1982 2362 suo
1995 2339 2054 2361 no-

1108 2377 1196 2412 mine
1218 2377 1359 2420 appellat
1374 2401 1385 2416 ,
1410 2387 1466 2411 aut
1487 2378 1616 2411 alieno.
1654 2377 1689 2412 si
1705 2379 1783 2417 suo,
1820 2388 1876 2411 aut
1900 2379 1919 2411 a
1942 2389 2054 2421 grava-

1108 2431 1197 2461 mine
1211 2427 1300 2471 quod
1311 2428 1339 2461 ei
1353 2429 1489 2462 infertur
1503 2451 1514 2467 ‚
1540 2429 1592 2461 vel
1604 2428 1693 2471 quod
1705 2428 1801 2461 timet
1821 2427 1879 2460 sibi
1904 2427 2014 2460 inferri
2033 2433 2049 2460 ⁴.

1107 2477 1242 2511 Certum
1255 2488 1402 2512 tenemus
1417 2503 1428 2518 ,
1455 2476 1544 2521 quod
1569 2479 1696 2511 nullum
1722 2476 1817 2510 vobis
1836 2485 2012 2519 gravamen
2037 2499 2049 2514 ‚

1107 2529 1182 2562 Deo
1202 2527 1321 2572 gratias
1339 2551 1349 2567 ‚
1374 2528 1393 2561 ὲ
1416 2527 1511 2560 nobis
1533 2528 1660 2560 illatum
1680 2526 1724 2559 est
1748 2549 1759 2564 ,
1796 2525 1885 2558 unde
1905 2524 2049 2559 debeatis

1106 2577 1146 2611 ad
1158 2577 1383 2621 appellationis
1394 2577 1571 2618 confugere
1583 2575 1762 2609 remedium
1776 2599 1783 2606 .
1804 2575 1876 2608 Nec
1887 2574 2049 2609 credimus

1108 2638 1163 2661 vos
1193 2628 1233 2661 ad
1264 2628 1396 2670 praesens
1421 2625 1536 2658 habere
1556 2625 1684 2659 causam
1709 2623 1878 2660 adversum
1903 2637 1964 2659 nos
1994 2626 2051 2658 ali-

1106 2688 1224 2722 quam,
1251 2688 1320 2721 quae
1334 2675 1514 2721 specialiter
1525 2675 1627 2709 vestra
1639 2675 1696 2708 fit.
1723 2675 1759 2708 Si
1783 2685 1898 2708 contra
1925 2685 2049 2709 metum

1105 2726 1331 2772 gravaminum
1344 2750 1354 2764 ‚
1382 2736 1424 2758 ne
1435 2725 1514 2768 quid
1526 2725 1567 2758 de
1579 2735 1696 2759 caetero
1708 2723 1842 2758 statuam
1863 2725 1897 2757 in
1920 2735 1977 2759 vos
2000 2726 2049 2759 vel

1108 2778 1262 2811 Ecclefias
1281 2775 1396 2809 vestras
1418 2799 1429 2814 ,
1464 2775 1571 2807 videte
1593 2773 1615 2806 fi
1640 2775 1677 2808 sit
1700 2774 1759 2808 iste
1787 2785 1891 2808 metus
1915 2774 1972 2818 qui
1994 2775 2047 2809 de·

1108 2827 1181 2861 beat
1201 2826 1312 2861 cadere
1335 2827 1365 2858 in
1391 2824 1542 2858 homines
1552 2824 1852 2864 constantiffimos,
1887 2825 1907 2857 fi
1932 2825 2047 2859 haecfit

1105 2877 1280 2921 appellatio
1298 2887 1368 2919 quae
1378 2874 1495 2909 debeat
1508 2875 1697 2917 suspendere
1713 2886 1849 2908 omnem
1871 2874 2050 2909 authorita-

1106 2927 1415 2969 tem&p0testatem
1429 2925 1570 2959 nostram
1586 2950 1595 2963 ,
1632 2936 1727 2968 quam
1753 2924 1909 2958 habemus
1930 2925 1963 2958 in
1989 2935 2049 2959 vos

1106 2977 1140 3011 &
1165 2975 1322 3011 Ecclefias
1345 2974 1479 3009 vestras.
1509 2976 1661 3009 Creditur
1686 2974 1762 3008 vero
1782 2975 1800 3008 a
1815 2975 2010 3018 sapientibus
2035 3000 2046 3015 ,

1106 3026 1309 3061 credimus&
1321 3036 1380 3060 nos
1393 3037 1463 3060 eam
1480 3025 1600 3059 nullius
1613 3027 1674 3058 esse
1689 3027 1873 3064 momenti,
1889 3035 1957 3058 tum
1970 3025 2047 3066 quia

1107 3078 1244 3110 formam
1258 3076 1487 3120 appellationis
1502 3075 1617 3109 habete
1628 3086 1694 3108 non
1709 3075 1833 3109 videtur
1845 3099 1855 3114 ‚
1883 3085 1953 3108 tum
1968 3075 2044 3118 quia

1107 3127 1452 3161 rationiconsentanea
1465 3136 1533 3159 non
1546 3125 1591 3158 est
1605 3148 1616 3165 ,
1645 3124 1748 3159 immo
1768 3126 1869 3159 totius
1888 3125 1966 3168 juris
1988 3136 2044 3168 pe-

1107 3176 1194 3211 nitus
1203 3176 1329 3210 auxilio
1340 3176 1494 3211 destituta
1510 3200 1517 3207 .

1155 3228 1189 3262 Si
1210 3226 1317 3261 alieno
1338 3224 1521 3269 appellastis
1548 3225 1683 3260 nomine
1701 3249 1711 3265 ‚
1744 3235 1798 3260 aut
1821 3223 1959 3259 Domini
1982 3221 2046 3256 Re·

1106 3276 1177 3320 gis,
1203 3287 1258 3311 aut
1271 3276 1418 3310 alterius.
1445 3276 1560 3309 Sinon
1583 3275 1729 3313 alterius,
1757 3274 1896 3307 Domini
1923 3272 2043 3315 Regis.

1108 3327 1140 3360 Si
1165 3326 1304 3361 Domini
1329 3325 1431 3368 Regis
1451 3347 1462 3362 ‚
1500 3324 1582 3358 certe
1610 3326 1698 3358 noffe
1719 3323 1867 3357 debuerat
1891 3321 2044 3355 discretio

1108 3376 1205 3411 vestra
1218 3401 1228 3417 ‚
1264 3375 1421 3419 quoniam
1444 3374 1636 3408 introdustae
1655 3376 1727 3406 sunt
1747 3370 1978 3414 appellationes
2000 3371 2042 3404 ad

1109 3425 1357 3472 propulsandam
1378 3423 1531 3468 injuriam
1556 3449 1568 3465 ,
1583 3434 1657 3506 Ιῗὲη
1679 3421 1719 3455 ad
1744 3420 1969 3504 ὶειῑεῐεηάῗαὲιε
1997 3420 2037 3455 ad

1674 3480 1695 3517 3
1910 3483 1926 3505 u
1965 3479 1993 3504 e-
