<?xml version="1.0" encoding="UTF-8"?>
<!DOCTYPE html PUBLIC "-//W3C//DTD XHTML 1.0 Transitional//EN"
    "http://www.w3.org/TR/xhtml1/DTD/xhtml1-transitional.dtd">
<html xmlns="http://www.w3.org/1999/xhtml" xml:lang="en" lang="en">
 <head>
  <title>
</title>
<meta http-equiv="Content-Type" content="text/html;charset=utf-8" />
  <meta name='ocr-system' content='tesseract 3.04.00' />
  <meta name='ocr-capabilities' content='ocr_page ocr_carea ocr_par ocr_line ocrx_word'/>
</head>
<body>
  <div class='ocr_page' id='page_1' title='image "./operaomniastudio10lupuuoft/operaomniastudio10lupuuoft_0053.png"; bbox 0 0 2358 3776; ppageno 0'>
   <div class='ocr_carea' id='block_1_1' title="bbox 337 81 1846 162">
    <p class='ocr_par' dir='ltr' id='par_1_1' title="bbox 337 81 1846 162">
     <span class='ocr_line' id='line_1_1' title="bbox 337 81 1846 162; baseline 0.005 -6"><span class='ocrx_word' id='word_1_1' title='bbox 337 114 379 157; x_wconf 86' lang='lat' dir='ltr'>s.</span> <span class='ocrx_word' id='word_1_2' title='bbox 453 81 834 156; x_wconf 82' lang='lat' dir='ltr'>THOMAE</span> <span class='ocrx_word' id='word_1_3' title='bbox 905 106 1846 162; x_wconf 82' lang='lat' dir='ltr'>CANTUARIENsls.</span> 
     </span>
    </p>
   </div>
   <div class='ocr_carea' id='block_1_2' title="bbox 118 194 1073 542">
    <p class='ocr_par' dir='ltr' id='par_1_2' title="bbox 118 194 1072 243">
     <span class='ocr_line' id='line_1_2' title="bbox 118 194 1072 243; baseline -0.008 -5"><span class='ocrx_word' id='word_1_4' title='bbox 118 199 299 238; x_wconf 70' lang='lat' dir='ltr'>-neceffiria</span> <span class='ocrx_word' id='word_1_5' title='bbox 312 198 491 243; x_wconf 82' lang='lat' dir='ltr'>percipiens</span> <span class='ocrx_word' id='word_1_6' title='bbox 499 197 696 241; x_wconf 70' lang='lat' dir='ltr'>amplissime.</span> <span class='ocrx_word' id='word_1_7' title='bbox 706 197 779 231; x_wconf 83' lang='lat' dir='ltr'>Rex</span> <span class='ocrx_word' id='word_1_8' title='bbox 792 194 872 229; x_wconf 70' lang='lat' dir='ltr'>vero</span> <span class='ocrx_word' id='word_1_9' title='bbox 882 196 976 230; x_wconf 88' lang='lat' dir='ltr'>omni</span> <span class='ocrx_word' id='word_1_10' title='bbox 991 206 1072 230; x_wconf 85' lang='lat' dir='ltr'>tem-</span> 
     </span>
    </p>

    <p class='ocr_par' dir='ltr' id='par_1_3' title="bbox 123 244 1073 542">
     <span class='ocr_line' id='line_1_3' title="bbox 130 244 1073 296; baseline -0.005 -11"><span class='ocrx_word' id='word_1_11' title='bbox 130 261 223 296; x_wconf 82' lang='lat' dir='ltr'>pore,</span> <span class='ocrx_word' id='word_1_12' title='bbox 249 248 364 293; x_wconf 85' lang='lat' dir='ltr'>quoad</span> <span class='ocrx_word' id='word_1_13' title='bbox 376 249 553 284; x_wconf 78' lang='lat' dir='ltr'>Civitatem</span> <span class='ocrx_word' id='word_1_14' title='bbox 568 248 717 283; x_wconf 82' lang='lat' dir='ltr'>veniebat</span> <span class='ocrx_word' id='word_1_15' title='bbox 729 271 740 286; x_wconf 91' lang='lat'>‚</span> <span class='ocrx_word' id='word_1_16' title='bbox 764 246 845 280; x_wconf 80' lang='lat' dir='ltr'>ficut</span> <span class='ocrx_word' id='word_1_17' title='bbox 863 244 988 289; x_wconf 74' lang='lat' dir='ltr'>ubique</span> <span class='ocrx_word' id='word_1_18' title='bbox 1004 258 1073 280; x_wconf 88' lang='lat' dir='ltr'>mo-</span> 
     </span>
     <span class='ocr_line' id='line_1_4' title="bbox 128 295 1072 343; baseline -0.005 -8"><span class='ocrx_word' id='word_1_19' title='bbox 128 302 170 335; x_wconf 81' lang='lat' dir='ltr'>ris</span> <span class='ocrx_word' id='word_1_20' title='bbox 179 299 326 341; x_wconf 88' lang='lat' dir='ltr'>suierat‚</span> <span class='ocrx_word' id='word_1_21' title='bbox 351 299 602 343; x_wconf 71' lang='lat' dir='ltr'>primoquidem</span> <span class='ocrx_word' id='word_1_22' title='bbox 615 297 654 330; x_wconf 87' lang='lat' dir='ltr'>ad</span> <span class='ocrx_word' id='word_1_23' title='bbox 680 295 852 330; x_wconf 74' lang='lat' dir='ltr'>Ecclesiam</span> <span class='ocrx_word' id='word_1_24' title='bbox 866 320 876 336; x_wconf 88' lang='lat'><em>‚</em></span> <span class='ocrx_word' id='word_1_25' title='bbox 903 297 939 330; x_wconf 73' lang='grc' dir='ltr'>ὅς’</span> <span class='ocrx_word' id='word_1_26' title='bbox 960 298 1072 331; x_wconf 85' lang='lat' dir='ltr'>confe-</span> 
     </span>
     <span class='ocr_line' id='line_1_5' title="bbox 126 345 1072 392; baseline -0.004 -8"><span class='ocrx_word' id='word_1_27' title='bbox 126 348 226 391; x_wconf 71' lang='lat' dir='ltr'>stim,</span> <span class='ocrx_word' id='word_1_28' title='bbox 251 350 309 384; x_wconf 77' lang='lat' dir='ltr'>nisi</span> <span class='ocrx_word' id='word_1_29' title='bbox 330 349 433 392; x_wconf 87' lang='lat' dir='ltr'>major</span> <span class='ocrx_word' id='word_1_30' title='bbox 451 349 608 385; x_wconf 80' lang='lat' dir='ltr'>detineret</span> <span class='ocrx_word' id='word_1_31' title='bbox 626 348 723 380; x_wconf 83' lang='lat' dir='ltr'>causa</span> <span class='ocrx_word' id='word_1_32' title='bbox 735 371 746 386; x_wconf 92' lang='lat'>‚</span> <span class='ocrx_word' id='word_1_33' title='bbox 771 346 812 380; x_wconf 84' lang='lat' dir='ltr'>ad</span> <span class='ocrx_word' id='word_1_34' title='bbox 832 345 1072 380; x_wconf 79' lang='lat' dir='ltr'>ArchiPraesu-</span> 
     </span>
     <span class='ocr_line' id='line_1_6' title="bbox 123 395 1072 439; baseline -0.003 -5"><span class='ocrx_word' id='word_1_35' title='bbox 123 399 194 434; x_wconf 90' lang='lat' dir='ltr'>lem</span> <span class='ocrx_word' id='word_1_36' title='bbox 217 399 392 434; x_wconf 89' lang='lat' dir='ltr'>videndum</span> <span class='ocrx_word' id='word_1_37' title='bbox 414 401 586 435; x_wconf 77' lang='lat' dir='ltr'>accelerare</span> <span class='ocrx_word' id='word_1_38' title='bbox 613 398 826 430; x_wconf 87' lang='lat' dir='ltr'>consueverat</span> <span class='ocrx_word' id='word_1_39' title='bbox 844 409 851 428; x_wconf 77' lang='grc' dir='ltr'><strong><em>ε</em></strong></span> <span class='ocrx_word' id='word_1_40' title='bbox 878 395 971 439; x_wconf 88' lang='lat' dir='ltr'>cujus</span> <span class='ocrx_word' id='word_1_41' title='bbox 992 406 1072 431; x_wconf 88' lang='lat' dir='ltr'>tunc</span> 
     </span>
     <span class='ocr_line' id='line_1_7' title="bbox 127 446 1070 494; baseline -0.007 -10"><span class='ocrx_word' id='word_1_42' title='bbox 127 450 297 493; x_wconf 78' lang='lat' dir='ltr'><strong>prolixiori</strong></span> <span class='ocrx_word' id='word_1_43' title='bbox 309 450 465 494; x_wconf 59' lang='lat' dir='ltr'>eloquio-5</span> <span class='ocrx_word' id='word_1_44' title='bbox 485 449 521 482; x_wconf 73' lang='grc' dir='ltr'>ἀ</span> <span class='ocrx_word' id='word_1_45' title='bbox 532 448 566 481; x_wconf 90' lang='lat' dir='ltr'>in</span> <span class='ocrx_word' id='word_1_46' title='bbox 578 446 708 492; x_wconf 77' lang='lat' dir='ltr'>magnis</span> <span class='ocrx_word' id='word_1_47' title='bbox 721 446 859 480; x_wconf 88' lang='lat' dir='ltr'>confilio</span> <span class='ocrx_word' id='word_1_48' title='bbox 873 470 884 486; x_wconf 91' lang='lat'>,</span> <span class='ocrx_word' id='word_1_49' title='bbox 905 448 1070 490; x_wconf 73' lang='lat' dir='ltr'>tamquam</span> 
     </span>
     <span class='ocr_line' id='line_1_8' title="bbox 127 495 1017 542; baseline -0.008 -8"><span class='ocrx_word' id='word_1_50' title='bbox 127 500 188 535; x_wconf 89' lang='lat' dir='ltr'>viri</span> <span class='ocrx_word' id='word_1_51' title='bbox 199 500 365 538; x_wconf 83' lang='lat' dir='ltr'>exercitati</span> <span class='ocrx_word' id='word_1_52' title='bbox 378 497 542 542; x_wconf 79' lang='lat' dir='ltr'>&amp;experti</span> <span class='ocrx_word' id='word_1_53' title='bbox 557 498 690 542; x_wconf 86' lang='lat' dir='ltr'>negotia</span> <span class='ocrx_word' id='word_1_54' title='bbox 703 496 824 541; x_wconf 83' lang='lat' dir='ltr'>Regia,</span> <span class='ocrx_word' id='word_1_55' title='bbox 834 495 997 530; x_wconf 83' lang='lat' dir='ltr'>fruebatur</span> <span class='ocrx_word' id='word_1_56' title='bbox 1009 520 1017 527; x_wconf 93' lang='lat'><strong><em>.</em></strong></span> 
     </span>
    </p>
   </div>
   <div class='ocr_carea' id='block_1_3' title="bbox 193 594 991 791">
    <p class='ocr_par' dir='ltr' id='par_1_4' title="bbox 193 594 991 791">
     <span class='ocr_line' id='line_1_9' title="bbox 319 594 878 632; baseline -0.005 0"><span class='ocrx_word' id='word_1_57' title='bbox 319 599 355 632; x_wconf 85' lang='lat' dir='ltr'>C</span> <span class='ocrx_word' id='word_1_58' title='bbox 400 594 434 630; x_wconf 82' lang='lat' dir='ltr'>A</span> <span class='ocrx_word' id='word_1_59' title='bbox 485 596 512 630; x_wconf 92' lang='lat' dir='ltr'>P</span> <span class='ocrx_word' id='word_1_60' title='bbox 566 596 605 632; x_wconf 94' lang='lat' dir='ltr'>U</span> <span class='ocrx_word' id='word_1_61' title='bbox 651 595 693 629; x_wconf 94' lang='lat' dir='ltr'><strong>T</strong></span> <span class='ocrx_word' id='word_1_62' title='bbox 792 596 878 630; x_wconf 87' lang='lat' dir='ltr'>XX.</span> 
     </span>
     <span class='ocr_line' id='line_1_10' title="bbox 193 694 991 753; baseline -0.006 -21"><span class='ocrx_word' id='word_1_63' title='bbox 193 700 334 753; x_wconf 59' lang='lat' dir='ltr'>gultur</span> <span class='ocrx_word' id='word_1_64' title='bbox 346 700 411 730; x_wconf 75' lang='lat' dir='ltr'>Rex</span> <span class='ocrx_word' id='word_1_65' title='bbox 429 707 467 731; x_wconf 78' lang='lat' dir='ltr'>ex</span> <span class='ocrx_word' id='word_1_66' title='bbox 489 697 555 730; x_wconf 75' lang='lat' dir='ltr'>odio</span> <span class='ocrx_word' id='word_1_67' title='bbox 569 695 813 740; x_wconf 72' lang='lat' dir='ltr'>Archi-Praesulis</span> <span class='ocrx_word' id='word_1_68' title='bbox 833 694 991 739; x_wconf 74' lang='lat' dir='ltr'>Schismatr</span> 
     </span>
     <span class='ocr_line' id='line_1_11' title="bbox 489 745 686 791; baseline -0.01 -10"><span class='ocrx_word' id='word_1_69' title='bbox 489 745 664 791; x_wconf 73' lang='lat' dir='ltr'>consenserit</span> <span class='ocrx_word' id='word_1_70' title='bbox 678 771 686 779; x_wconf 85' lang='lat'><strong>.</strong></span> 
     </span>
    </p>
   </div>
   <div class='ocr_carea' id='block_1_4' title="bbox 117 844 1068 2539">
    <p class='ocr_par' dir='ltr' id='par_1_5' title="bbox 347 844 847 881">
     <span class='ocr_line' id='line_1_12' title="bbox 347 844 847 881; baseline -0.004 -3"><span class='ocrx_word' id='word_1_71' title='bbox 347 844 847 881; x_wconf 44' lang='lat' dir='ltr'><strong>‘WILHELMUS</strong></span> 
     </span>
    </p>

    <p class='ocr_par' dir='ltr' id='par_1_6' title="bbox 117 892 1068 2490">
     <span class='ocr_line' id='line_1_13' title="bbox 198 892 1062 942; baseline -0.003 -10"><span class='ocrx_word' id='word_1_72' title='bbox 198 896 331 932; x_wconf 83' lang='lat' dir='ltr'>EATo</span> <span class='ocrx_word' id='word_1_73' title='bbox 347 898 447 942; x_wconf 90' lang='lat' dir='ltr'>igitur</span> <span class='ocrx_word' id='word_1_74' title='bbox 459 897 594 932; x_wconf 89' lang='lat' dir='ltr'>Thoma</span> <span class='ocrx_word' id='word_1_75' title='bbox 607 895 794 930; x_wconf 87' lang='lat' dir='ltr'>Senonissic</span> <span class='ocrx_word' id='word_1_76' title='bbox 807 892 975 935; x_wconf 73' lang='lat' dir='ltr'>residente,</span> <span class='ocrx_word' id='word_1_77' title='bbox 989 895 1062 929; x_wconf 86' lang='lat' dir='ltr'>Rex</span> 
     </span>
     <span class='ocr_line' id='line_1_14' title="bbox 219 945 1068 993; baseline 0 -13"><span class='ocrx_word' id='word_1_78' title='bbox 219 948 408 992; x_wconf 87' lang='lat' dir='ltr'>Anglorum</span> <span class='ocrx_word' id='word_1_79' title='bbox 430 945 652 993; x_wconf 70' lang='lat' dir='ltr'>indignissime</span> <span class='ocrx_word' id='word_1_80' title='bbox 672 947 778 981; x_wconf 88' lang='lat' dir='ltr'>ferens</span> <span class='ocrx_word' id='word_1_81' title='bbox 791 970 803 986; x_wconf 94' lang='lat'>‚</span> <span class='ocrx_word' id='word_1_82' title='bbox 823 945 918 988; x_wconf 57' lang='lat' dir='ltr'>‚quod</span> <span class='ocrx_word' id='word_1_83' title='bbox 938 945 973 978; x_wconf 86' lang='lat' dir='ltr'>in</span> <span class='ocrx_word' id='word_1_84' title='bbox 993 945 1068 988; x_wconf 87' lang='lat' dir='ltr'>peti·</span> 
     </span>
     <span class='ocr_line' id='line_1_15' title="bbox 122 995 1067 1042; baseline -0.003 -11"><span class='ocrx_word' id='word_1_85' title='bbox 122 997 268 1032; x_wconf 80' lang='lat' dir='ltr'>tionibus</span> <span class='ocrx_word' id='word_1_86' title='bbox 281 998 344 1032; x_wconf 87' lang='lat' dir='ltr'>suis</span> <span class='ocrx_word' id='word_1_87' title='bbox 355 1008 575 1042; x_wconf 81' lang='lat' dir='ltr'>protegeretur</span> <span class='ocrx_word' id='word_1_88' title='bbox 594 996 807 1031; x_wconf 82' lang='lat' dir='ltr'>Adversarius</span> <span class='ocrx_word' id='word_1_89' title='bbox 820 1019 831 1036; x_wconf 88' lang='lat'>,</span> <span class='ocrx_word' id='word_1_90' title='bbox 858 995 1067 1038; x_wconf 86' lang='lat' dir='ltr'>Presbytero-</span> 
     </span>
     <span class='ocr_line' id='line_1_16' title="bbox 121 1046 1067 1091; baseline -0.002 -10"><span class='ocrx_word' id='word_1_91' title='bbox 121 1058 195 1081; x_wconf 78' lang='lat' dir='ltr'>mm</span> <span class='ocrx_word' id='word_1_92' title='bbox 217 1047 324 1089; x_wconf 89' lang='lat' dir='ltr'>bona,</span> <span class='ocrx_word' id='word_1_93' title='bbox 349 1059 407 1091; x_wconf 77' lang='lat' dir='ltr'>per</span> <span class='ocrx_word' id='word_1_94' title='bbox 427 1048 602 1082; x_wconf 86' lang='lat' dir='ltr'>Dioecefim</span> <span class='ocrx_word' id='word_1_95' title='bbox 624 1046 893 1081; x_wconf 89' lang='lat' dir='ltr'>Cantuariensem</span> <span class='ocrx_word' id='word_1_96' title='bbox 911 1046 1067 1080; x_wconf 84' lang='lat' dir='ltr'>deceden-</span> 
     </span>
     <span class='ocr_line' id='line_1_17' title="bbox 119 1096 1067 1140; baseline 0 -10"><span class='ocrx_word' id='word_1_97' title='bbox 119 1098 208 1132; x_wconf 84' lang='lat' dir='ltr'>-tium</span> <span class='ocrx_word' id='word_1_98' title='bbox 220 1122 231 1138; x_wconf 91' lang='lat'>‚</span> <span class='ocrx_word' id='word_1_99' title='bbox 247 1099 282 1132; x_wconf 88' lang='lat'>&amp;</span> <span class='ocrx_word' id='word_1_100' title='bbox 296 1107 445 1132; x_wconf 85' lang='lat' dir='ltr'>vacantes</span> <span class='ocrx_word' id='word_1_101' title='bbox 460 1099 616 1132; x_wconf 80' lang='lat' dir='ltr'>Ecclefias</span> <span class='ocrx_word' id='word_1_102' title='bbox 626 1097 799 1140; x_wconf 87' lang='lat' dir='ltr'>occupavit</span> <span class='ocrx_word' id='word_1_103' title='bbox 811 1096 867 1136; x_wconf 88' lang='lat'>,&amp;</span> <span class='ocrx_word' id='word_1_104' title='bbox 881 1107 940 1140; x_wconf 90' lang='lat' dir='ltr'>pro</span> <span class='ocrx_word' id='word_1_105' title='bbox 954 1096 1067 1130; x_wconf 88' lang='lat' dir='ltr'>volun-</span> 
     </span>
     <span class='ocr_line' id='line_1_18' title="bbox 121 1145 1067 1191; baseline -0.001 -11"><span class='ocrx_word' id='word_1_106' title='bbox 121 1157 192 1181; x_wconf 74' lang='lat' dir='ltr'>tate</span> <span class='ocrx_word' id='word_1_107' title='bbox 213 1149 363 1191; x_wconf 84' lang='lat' dir='ltr'>personas</span> <span class='ocrx_word' id='word_1_108' title='bbox 383 1147 544 1189; x_wconf 73' lang='lat' dir='ltr'>instituit,</span> <span class='ocrx_word' id='word_1_109' title='bbox 569 1149 603 1181; x_wconf 78' lang='grc' dir='ltr'>δε</span> <span class='ocrx_word' id='word_1_110' title='bbox 628 1149 660 1181; x_wconf 86' lang='lat' dir='ltr'>se</span> <span class='ocrx_word' id='word_1_111' title='bbox 681 1147 723 1181; x_wconf 87' lang='lat' dir='ltr'>ab</span> <span class='ocrx_word' id='word_1_112' title='bbox 736 1146 926 1181; x_wconf 85' lang='lat' dir='ltr'>Alexandro</span> <span class='ocrx_word' id='word_1_113' title='bbox 939 1145 1028 1188; x_wconf 85' lang='lat' dir='ltr'>Papa</span> <span class='ocrx_word' id='word_1_114' title='bbox 1054 1169 1067 1186; x_wconf 82' lang='lat'>,</span> 
     </span>
     <span class='ocr_line' id='line_1_19' title="bbox 125 1195 1063 1240; baseline -0.002 -10"><span class='ocrx_word' id='word_1_115' title='bbox 125 1208 221 1240; x_wconf 90' lang='lat' dir='ltr'>quern</span> <span class='ocrx_word' id='word_1_116' title='bbox 241 1198 305 1240; x_wconf 82' lang='lat' dir='ltr'>jam</span> <span class='ocrx_word' id='word_1_117' title='bbox 319 1199 506 1239; x_wconf 87' lang='lat' dir='ltr'>Dominus,</span> <span class='ocrx_word' id='word_1_118' title='bbox 533 1199 693 1232; x_wconf 83' lang='lat' dir='ltr'>Romanae</span> <span class='ocrx_word' id='word_1_119' title='bbox 704 1197 870 1230; x_wconf 86' lang='lat' dir='ltr'>miseratus</span> <span class='ocrx_word' id='word_1_120' title='bbox 893 1195 1038 1229; x_wconf 72' lang='lat' dir='ltr'>Ecclesiae</span> <span class='ocrx_word' id='word_1_121' title='bbox 1052 1219 1063 1236; x_wconf 96' lang='lat'>,</span> 
     </span>
     <span class='ocr_line' id='line_1_20' title="bbox 123 1245 1068 1289; baseline -0.001 -9"><span class='ocrx_word' id='word_1_122' title='bbox 123 1247 157 1280; x_wconf 88' lang='lat' dir='ltr'>in</span> <span class='ocrx_word' id='word_1_123' title='bbox 171 1247 385 1284; x_wconf 68' lang='lat' dir='ltr'>Sedemsuam</span> <span class='ocrx_word' id='word_1_124' title='bbox 398 1258 581 1289; x_wconf 84' lang='lat' dir='ltr'>revocarat,</span> <span class='ocrx_word' id='word_1_125' title='bbox 601 1247 796 1281; x_wconf 84' lang='lat' dir='ltr'>abalienavit</span> <span class='ocrx_word' id='word_1_126' title='bbox 809 1270 816 1278; x_wconf 94' lang='lat'><strong><em>.</em></strong></span> <span class='ocrx_word' id='word_1_127' title='bbox 848 1245 954 1280; x_wconf 87' lang='lat' dir='ltr'>Unde</span> <span class='ocrx_word' id='word_1_128' title='bbox 967 1246 1068 1279; x_wconf 86' lang='lat' dir='ltr'>dolo·-</span> 
     </span>
     <span class='ocr_line' id='line_1_21' title="bbox 120 1295 1067 1338; baseline -0.001 -8"><span class='ocrx_word' id='word_1_129' title='bbox 120 1307 189 1330; x_wconf 81' lang='lat' dir='ltr'>rem</span> <span class='ocrx_word' id='word_1_130' title='bbox 202 1297 341 1330; x_wconf 89' lang='lat' dir='ltr'>suumin</span> <span class='ocrx_word' id='word_1_131' title='bbox 353 1298 418 1331; x_wconf 85' lang='lat' dir='ltr'>fide</span> <span class='ocrx_word' id='word_1_132' title='bbox 431 1298 670 1338; x_wconf 86' lang='lat' dir='ltr'>vindicaturus,</span> <span class='ocrx_word' id='word_1_133' title='bbox 683 1297 830 1331; x_wconf 87' lang='lat' dir='ltr'>Clericos</span> <span class='ocrx_word' id='word_1_134' title='bbox 840 1296 923 1330; x_wconf 90' lang='lat' dir='ltr'>duos</span> <span class='ocrx_word' id='word_1_135' title='bbox 939 1320 949 1336; x_wconf 89' lang='lat'>,</span> <span class='ocrx_word' id='word_1_136' title='bbox 970 1295 1067 1338; x_wconf 81' lang='lat' dir='ltr'>Joan·</span> 
     </span>
     <span class='ocr_line' id='line_1_22' title="bbox 123 1344 1068 1389; baseline -0.001 -9"><span class='ocrx_word' id='word_1_137' title='bbox 123 1357 200 1380; x_wconf 76' lang='lat' dir='ltr'>nem</span> <span class='ocrx_word' id='word_1_138' title='bbox 211 1347 368 1381; x_wconf 85' lang='lat' dir='ltr'>videlicet</span> <span class='ocrx_word' id='word_1_139' title='bbox 379 1348 419 1381; x_wconf 87' lang='lat' dir='ltr'>de</span> <span class='ocrx_word' id='word_1_140' title='bbox 428 1347 657 1389; x_wconf 86' lang='lat' dir='ltr'>Oxemfordia‚</span> <span class='ocrx_word' id='word_1_141' title='bbox 668 1348 704 1381; x_wconf 68' lang='grc' dir='ltr'>ὅ(</span> <span class='ocrx_word' id='word_1_142' title='bbox 720 1344 922 1381; x_wconf 87' lang='lat' dir='ltr'>Richatdum</span> <span class='ocrx_word' id='word_1_143' title='bbox 931 1347 971 1380; x_wconf 90' lang='lat' dir='ltr'>de</span> <span class='ocrx_word' id='word_1_144' title='bbox 988 1345 1068 1380; x_wconf 86' lang='lat' dir='ltr'>lvel-</span> 
     </span>
     <span class='ocr_line' id='line_1_23' title="bbox 117 1396 1066 1442; baseline 0 -12"><span class='ocrx_word' id='word_1_145' title='bbox 117 1396 329 1438; x_wconf 80' lang='lat' dir='ltr'>cestria‚mis1t</span> <span class='ocrx_word' id='word_1_146' title='bbox 341 1398 382 1431; x_wconf 89' lang='lat' dir='ltr'>ad</span> <span class='ocrx_word' id='word_1_147' title='bbox 394 1398 627 1442; x_wconf 74' lang='lat' dir='ltr'>Imperatorem</span> <span class='ocrx_word' id='word_1_148' title='bbox 638 1398 841 1431; x_wconf 78' lang='lat' dir='ltr'>Alemanniae</span> <span class='ocrx_word' id='word_1_149' title='bbox 849 1396 1066 1439; x_wconf 71' lang='lat' dir='ltr'>Fredeticum&#39;,</span> 
     </span>
     <span class='ocr_line' id='line_1_24' title="bbox 117 1447 1066 1490; baseline 0.001 -10"><span class='ocrx_word' id='word_1_150' title='bbox 117 1447 178 1490; x_wconf 77' lang='lat' dir='ltr'>qui</span> <span class='ocrx_word' id='word_1_151' title='bbox 200 1449 312 1483; x_wconf 67' lang='lat' dir='ltr'>coasto</span> <span class='ocrx_word' id='word_1_152' title='bbox 334 1449 492 1483; x_wconf 84' lang='lat' dir='ltr'>Concilio</span> <span class='ocrx_word' id='word_1_153' title='bbox 512 1449 552 1482; x_wconf 86' lang='lat' dir='ltr'>de</span> <span class='ocrx_word' id='word_1_154' title='bbox 566 1448 817 1482; x_wconf 80' lang='lat' dir='ltr'>PaceRomanae</span> <span class='ocrx_word' id='word_1_155' title='bbox 841 1447 988 1480; x_wconf 77' lang='lat' dir='ltr'>Ecclesia:</span> <span class='ocrx_word' id='word_1_156' title='bbox 998 1457 1066 1481; x_wconf 87' lang='lat' dir='ltr'>tra-</span> 
     </span>
     <span class='ocr_line' id='line_1_25' title="bbox 119 1496 1061 1541; baseline 0.002 -12"><span class='ocrx_word' id='word_1_157' title='bbox 119 1497 246 1537; x_wconf 65' lang='lat' dir='ltr'>stabat,</span> <span class='ocrx_word' id='word_1_158' title='bbox 274 1498 454 1539; x_wconf 89' lang='lat' dir='ltr'>mandans,</span> <span class='ocrx_word' id='word_1_159' title='bbox 475 1499 568 1541; x_wconf 86' lang='lat' dir='ltr'>quod</span> <span class='ocrx_word' id='word_1_160' title='bbox 590 1500 612 1532; x_wconf 85' lang='lat' dir='ltr'><strong>fi</strong></span> <span class='ocrx_word' id='word_1_161' title='bbox 635 1510 757 1532; x_wconf 92' lang='lat' dir='ltr'>nomen</span> <span class='ocrx_word' id='word_1_162' title='bbox 783 1499 818 1532; x_wconf 86' lang='lat'>&amp;</span> <span class='ocrx_word' id='word_1_163' title='bbox 840 1496 1061 1532; x_wconf 83' lang='lat' dir='ltr'>obedientiam</span> 
     </span>
     <span class='ocr_line' id='line_1_26' title="bbox 117 1544 1065 1593; baseline 0 -13"><span class='ocrx_word' id='word_1_164' title='bbox 117 1544 303 1582; x_wconf 77' lang='lat' dir='ltr'>Alexandri</span> <span class='ocrx_word' id='word_1_165' title='bbox 313 1549 408 1591; x_wconf 80' lang='lat' dir='ltr'>Papae</span> <span class='ocrx_word' id='word_1_166' title='bbox 419 1550 598 1593; x_wconf 80' lang='lat' dir='ltr'>abjuraret,</span> <span class='ocrx_word' id='word_1_167' title='bbox 625 1548 817 1592; x_wconf 79' lang='lat' dir='ltr'>participem</span> <span class='ocrx_word' id='word_1_168' title='bbox 833 1548 865 1582; x_wconf 88' lang='lat' dir='ltr'>se</span> <span class='ocrx_word' id='word_1_169' title='bbox 878 1547 1065 1581; x_wconf 77' lang='lat' dir='ltr'>schismatis</span> 
     </span>
     <span class='ocr_line' id='line_1_27' title="bbox 121 1594 1066 1643; baseline 0.001 -15"><span class='ocrx_word' id='word_1_170' title='bbox 121 1594 256 1639; x_wconf 73' lang='lat' dir='ltr'>haberer</span> <span class='ocrx_word' id='word_1_171' title='bbox 265 1611 341 1634; x_wconf 89' lang='lat' dir='ltr'>cum</span> <span class='ocrx_word' id='word_1_172' title='bbox 355 1599 542 1643; x_wconf 88' lang='lat' dir='ltr'>Episcopis.</span> <span class='ocrx_word' id='word_1_173' title='bbox 564 1600 623 1633; x_wconf 90' lang='lat' dir='ltr'>llle</span> <span class='ocrx_word' id='word_1_174' title='bbox 634 1610 709 1633; x_wconf 88' lang='lat' dir='ltr'>curn</span> <span class='ocrx_word' id='word_1_175' title='bbox 725 1596 914 1633; x_wconf 85' lang='lat' dir='ltr'>Schismatis</span> <span class='ocrx_word' id='word_1_176' title='bbox 923 1598 1066 1631; x_wconf 85' lang='lat' dir='ltr'>fautores</span> 
     </span>
     <span class='ocr_line' id='line_1_28' title="bbox 120 1643 1064 1690; baseline 0 -11"><span class='ocrx_word' id='word_1_177' title='bbox 120 1643 254 1682; x_wconf 87' lang='lat' dir='ltr'>haberet</span> <span class='ocrx_word' id='word_1_178' title='bbox 263 1672 275 1688; x_wconf 90' lang='lat'>,</span> <span class='ocrx_word' id='word_1_179' title='bbox 300 1648 341 1682; x_wconf 90' lang='lat' dir='ltr'>de</span> <span class='ocrx_word' id='word_1_180' title='bbox 351 1649 488 1681; x_wconf 78' lang='lat' dir='ltr'>consilio</span> <span class='ocrx_word' id='word_1_181' title='bbox 499 1649 706 1682; x_wconf 83' lang='lat' dir='ltr'>Coloniensis</span> <span class='ocrx_word' id='word_1_182' title='bbox 720 1644 1064 1690; x_wconf 84' lang='lat' dir='ltr'>Archi-Episcopi‚qui</span> 
     </span>
     <span class='ocr_line' id='line_1_29' title="bbox 120 1695 1066 1737; baseline 0 -9"><span class='ocrx_word' id='word_1_183' title='bbox 120 1695 308 1731; x_wconf 65' lang='lat' dir='ltr'>octaviano</span> <span class='ocrx_word' id='word_1_184' title='bbox 330 1698 480 1732; x_wconf 73' lang='grc' dir='ltr'>εκείηᾶο</span> <span class='ocrx_word' id='word_1_185' title='bbox 506 1698 718 1730; x_wconf 68' lang='lat' dir='ltr'>successorem</span> <span class='ocrx_word' id='word_1_186' title='bbox 738 1697 805 1737; x_wconf 79' lang='lat' dir='ltr'>jam</span> <span class='ocrx_word' id='word_1_187' title='bbox 826 1696 1033 1729; x_wconf 81' lang='lat' dir='ltr'>suscitaverat</span> <span class='ocrx_word' id='word_1_188' title='bbox 1053 1717 1066 1734; x_wconf 85' lang='lat'>,</span> 
     </span>
     <span class='ocr_line' id='line_1_30' title="bbox 117 1742 1065 1786; baseline -0.002 -8"><span class='ocrx_word' id='word_1_189' title='bbox 117 1746 300 1780; x_wconf 75' lang='lat' dir='ltr'>consensit.</span> <span class='ocrx_word' id='word_1_190' title='bbox 328 1743 514 1786; x_wconf 62' lang='lat' dir='ltr'>jurantibus</span> <span class='ocrx_word' id='word_1_191' title='bbox 526 1744 635 1786; x_wconf 87' lang='lat' dir='ltr'>itaque</span> <span class='ocrx_word' id='word_1_192' title='bbox 656 1754 732 1777; x_wconf 89' lang='lat' dir='ltr'>cum</span> <span class='ocrx_word' id='word_1_193' title='bbox 757 1743 957 1784; x_wconf 72' lang='lat' dir='ltr'>tmperatore</span> <span class='ocrx_word' id='word_1_194' title='bbox 968 1742 1065 1784; x_wconf 82' lang='lat' dir='ltr'>opti-</span> 
     </span>
     <span class='ocr_line' id='line_1_31' title="bbox 118 1790 1064 1837; baseline -0.003 -10"><span class='ocrx_word' id='word_1_195' title='bbox 118 1792 280 1836; x_wconf 77' lang='lat' dir='ltr'>matibus,</span> <span class='ocrx_word' id='word_1_196' title='bbox 296 1794 332 1828; x_wconf 86' lang='lat'>&amp;</span> <span class='ocrx_word' id='word_1_197' title='bbox 345 1793 515 1837; x_wconf 84' lang='lat' dir='ltr'>Episcopis</span> <span class='ocrx_word' id='word_1_198' title='bbox 523 1792 715 1836; x_wconf 86' lang='lat' dir='ltr'>quibusdam</span> <span class='ocrx_word' id='word_1_199' title='bbox 729 1790 987 1825; x_wconf 67' lang='lat' dir='ltr'>obtrectantibus</span> <span class='ocrx_word' id='word_1_200' title='bbox 1003 1815 1014 1831; x_wconf 96' lang='lat'>‚</span> <span class='ocrx_word' id='word_1_201' title='bbox 1030 1791 1064 1825; x_wconf 74' lang='grc' dir='ltr'>ὅ(</span> 
     </span>
     <span class='ocr_line' id='line_1_32' title="bbox 120 1841 1065 1887; baseline 0 -11"><span class='ocrx_word' id='word_1_202' title='bbox 120 1842 259 1887; x_wconf 76' lang='lat' dir='ltr'>usquein</span> <span class='ocrx_word' id='word_1_203' title='bbox 274 1842 455 1887; x_wconf 75' lang='lat' dir='ltr'>lachrymas</span> <span class='ocrx_word' id='word_1_204' title='bbox 467 1842 680 1877; x_wconf 86' lang='lat' dir='ltr'>renitentibus</span> <span class='ocrx_word' id='word_1_205' title='bbox 693 1867 703 1883; x_wconf 92' lang='lat'>‚</span> <span class='ocrx_word' id='word_1_206' title='bbox 716 1842 843 1875; x_wconf 90' lang='lat' dir='ltr'>Nuncii</span> <span class='ocrx_word' id='word_1_207' title='bbox 855 1852 986 1884; x_wconf 91' lang='lat' dir='ltr'>quoque</span> <span class='ocrx_word' id='word_1_208' title='bbox 1001 1841 1065 1876; x_wconf 92' lang='lat' dir='ltr'>Re·</span> 
     </span>
     <span class='ocr_line' id='line_1_33' title="bbox 121 1891 1064 1939; baseline -0.001 -13"><span class='ocrx_word' id='word_1_209' title='bbox 121 1894 174 1937; x_wconf 84' lang='lat' dir='ltr'>gis</span> <span class='ocrx_word' id='word_1_210' title='bbox 183 1905 223 1928; x_wconf 87' lang='lat' dir='ltr'>ex</span> <span class='ocrx_word' id='word_1_211' title='bbox 247 1896 380 1939; x_wconf 87' lang='lat' dir='ltr'>persona</span> <span class='ocrx_word' id='word_1_212' title='bbox 393 1894 488 1937; x_wconf 70' lang='lat' dir='ltr'>ipsius</span> <span class='ocrx_word' id='word_1_213' title='bbox 500 1894 533 1928; x_wconf 91' lang='lat' dir='ltr'>in</span> <span class='ocrx_word' id='word_1_214' title='bbox 544 1893 749 1928; x_wconf 79' lang='lat' dir='ltr'>consimilem</span> <span class='ocrx_word' id='word_1_215' title='bbox 759 1893 898 1925; x_wconf 88' lang='lat' dir='ltr'>formam</span> <span class='ocrx_word' id='word_1_216' title='bbox 907 1891 1064 1935; x_wconf 75' lang='lat' dir='ltr'>jurarunt.</span> 
     </span>
     <span class='ocr_line' id='line_1_34' title="bbox 121 1942 1064 1989; baseline -0.001 -13"><span class='ocrx_word' id='word_1_217' title='bbox 121 1943 166 1976; x_wconf 89' lang='lat' dir='ltr'>Et</span> <span class='ocrx_word' id='word_1_218' title='bbox 179 1955 333 1989; x_wconf 84' lang='lat' dir='ltr'>tanquam</span> <span class='ocrx_word' id='word_1_219' title='bbox 343 1946 365 1977; x_wconf 84' lang='lat' dir='ltr'>si</span> <span class='ocrx_word' id='word_1_220' title='bbox 376 1945 485 1978; x_wconf 75' lang='lat' dir='ltr'>minus</span> <span class='ocrx_word' id='word_1_221' title='bbox 496 1943 603 1978; x_wconf 88' lang='lat' dir='ltr'>adhuc</span> <span class='ocrx_word' id='word_1_222' title='bbox 617 1944 804 1987; x_wconf 82' lang='lat' dir='ltr'>peccavisset</span> <span class='ocrx_word' id='word_1_223' title='bbox 815 1966 827 1982; x_wconf 87' lang='lat'>,</span> <span class='ocrx_word' id='word_1_224' title='bbox 856 1942 930 1976; x_wconf 83' lang='lat' dir='ltr'>Rex</span> <span class='ocrx_word' id='word_1_225' title='bbox 953 1953 1064 1986; x_wconf 88' lang='lat' dir='ltr'>portus</span> 
     </span>
     <span class='ocr_line' id='line_1_35' title="bbox 117 1993 1066 2045; baseline -0.002 -18"><span class='ocrx_word' id='word_1_226' title='bbox 117 1995 366 2045; x_wconf 70' lang='lat' dir='ltr'>diligentissime</span> <span class='ocrx_word' id='word_1_227' title='bbox 384 1994 538 2028; x_wconf 86' lang='lat' dir='ltr'>custodiri</span> <span class='ocrx_word' id='word_1_228' title='bbox 560 1993 726 2038; x_wconf 65' lang='lat' dir='ltr'>praecepit,</span> <span class='ocrx_word' id='word_1_229' title='bbox 755 1993 866 2026; x_wconf 83' lang='lat' dir='ltr'>feralia</span> <span class='ocrx_word' id='word_1_230' title='bbox 892 1993 926 2025; x_wconf 89' lang='lat' dir='ltr'>in</span> <span class='ocrx_word' id='word_1_231' title='bbox 939 2003 996 2026; x_wconf 91' lang='lat' dir='ltr'>eos</span> <span class='ocrx_word' id='word_1_232' title='bbox 1008 1993 1066 2026; x_wconf 87' lang='lat' dir='ltr'>sta-</span> 
     </span>
     <span class='ocr_line' id='line_1_36' title="bbox 122 2042 1065 2090; baseline -0.007 -9"><span class='ocrx_word' id='word_1_233' title='bbox 122 2058 217 2083; x_wconf 88' lang='lat' dir='ltr'>tuens</span> <span class='ocrx_word' id='word_1_234' title='bbox 233 2047 358 2087; x_wconf 61' lang='lat' dir='ltr'>edicta,</span> <span class='ocrx_word' id='word_1_235' title='bbox 383 2045 439 2090; x_wconf 88' lang='lat' dir='ltr'>qui</span> <span class='ocrx_word' id='word_1_236' title='bbox 463 2046 514 2079; x_wconf 92' lang='lat' dir='ltr'>vel</span> <span class='ocrx_word' id='word_1_237' title='bbox 527 2044 618 2088; x_wconf 78' lang='lat' dir='ltr'>Papae</span> <span class='ocrx_word' id='word_1_238' title='bbox 641 2043 816 2082; x_wconf 84' lang='lat' dir='ltr'>mandata,</span> <span class='ocrx_word' id='word_1_239' title='bbox 846 2042 1065 2075; x_wconf 87' lang='lat' dir='ltr'>velliterasin</span> 
     </span>
     <span class='ocr_line' id='line_1_37' title="bbox 123 2091 1065 2144; baseline -0.008 -10"><span class='ocrx_word' id='word_1_240' title='bbox 123 2099 282 2144; x_wconf 80' lang='lat' dir='ltr'>Angliam</span> <span class='ocrx_word' id='word_1_241' title='bbox 307 2096 468 2131; x_wconf 86' lang='lat' dir='ltr'>deferrent</span> <span class='ocrx_word' id='word_1_242' title='bbox 481 2120 491 2135; x_wconf 94' lang='lat'>‚</span> <span class='ocrx_word' id='word_1_243' title='bbox 518 2095 569 2130; x_wconf 87' lang='lat' dir='ltr'>vel</span> <span class='ocrx_word' id='word_1_244' title='bbox 579 2095 702 2129; x_wconf 86' lang='lat' dir='ltr'>delatas</span> <span class='ocrx_word' id='word_1_245' title='bbox 723 2093 919 2136; x_wconf 80' lang='lat' dir='ltr'>reciperent.</span> <span class='ocrx_word' id='word_1_246' title='bbox 948 2091 1065 2126; x_wconf 83' lang='lat' dir='ltr'>Praece-</span> 
     </span>
     <span class='ocr_line' id='line_1_38' title="bbox 121 2138 1065 2193; baseline -0.006 -10"><span class='ocrx_word' id='word_1_247' title='bbox 121 2150 172 2193; x_wconf 83' lang='lat' dir='ltr'>pit</span> <span class='ocrx_word' id='word_1_248' title='bbox 184 2150 282 2184; x_wconf 89' lang='lat' dir='ltr'>etiam</span> <span class='ocrx_word' id='word_1_249' title='bbox 294 2147 444 2192; x_wconf 73' lang='lat' dir='ltr'>publice,</span> <span class='ocrx_word' id='word_1_250' title='bbox 469 2147 502 2179; x_wconf 76' lang='grc' dir='ltr'>δε</span> <span class='ocrx_word' id='word_1_251' title='bbox 521 2145 682 2189; x_wconf 88' lang='lat' dir='ltr'>compulit</span> <span class='ocrx_word' id='word_1_252' title='bbox 702 2155 756 2187; x_wconf 87' lang='lat' dir='ltr'>per</span> <span class='ocrx_word' id='word_1_253' title='bbox 775 2138 876 2176; x_wconf 82' lang='lat' dir='ltr'>&#39;vicos</span> <span class='ocrx_word' id='word_1_254' title='bbox 899 2165 911 2182; x_wconf 90' lang='lat'>‚</span> <span class='ocrx_word' id='word_1_255' title='bbox 937 2153 992 2185; x_wconf 87' lang='lat' dir='ltr'>per</span> <span class='ocrx_word' id='word_1_256' title='bbox 1012 2154 1065 2177; x_wconf 86' lang='lat' dir='ltr'>ca·</span> 
     </span>
     <span class='ocr_line' id='line_1_39' title="bbox 123 2193 1061 2243; baseline -0.007 -10"><span class='ocrx_word' id='word_1_257' title='bbox 123 2198 213 2234; x_wconf 81' lang='lat' dir='ltr'>stella</span> <span class='ocrx_word' id='word_1_258' title='bbox 228 2224 238 2240; x_wconf 89' lang='lat'>‚</span> <span class='ocrx_word' id='word_1_259' title='bbox 251 2214 254 2218; x_wconf 52' lang='grc'>’</span> <span class='ocrx_word' id='word_1_260' title='bbox 266 2211 320 2243; x_wconf 88' lang='lat' dir='ltr'>per</span> <span class='ocrx_word' id='word_1_261' title='bbox 329 2197 476 2231; x_wconf 86' lang='lat' dir='ltr'>civitates</span> <span class='ocrx_word' id='word_1_262' title='bbox 495 2218 506 2234; x_wconf 91' lang='lat'>‚</span> <span class='ocrx_word' id='word_1_263' title='bbox 526 2196 566 2228; x_wconf 87' lang='lat' dir='ltr'>ab</span> <span class='ocrx_word' id='word_1_264' title='bbox 584 2195 721 2229; x_wconf 86' lang='lat' dir='ltr'>homine</span> <span class='ocrx_word' id='word_1_265' title='bbox 735 2194 916 2236; x_wconf 88' lang='lat' dir='ltr'>seneusque</span> <span class='ocrx_word' id='word_1_266' title='bbox 937 2193 978 2226; x_wconf 92' lang='lat' dir='ltr'>ad</span> <span class='ocrx_word' id='word_1_267' title='bbox 989 2204 1061 2236; x_wconf 90' lang='lat' dir='ltr'>pue·</span> 
     </span>
     <span class='ocr_line' id='line_1_40' title="bbox 123 2243 1063 2283; baseline -0.007 0"><span class='ocrx_word' id='word_1_268' title='bbox 123 2260 196 2283; x_wconf 90' lang='lat' dir='ltr'>rum</span> <span class='ocrx_word' id='word_1_269' title='bbox 203 2248 412 2282; x_wconf 89' lang='lat' dir='ltr'>duodennem</span> <span class='ocrx_word' id='word_1_270' title='bbox 422 2246 513 2279; x_wconf 89' lang='lat' dir='ltr'>Beati</span> <span class='ocrx_word' id='word_1_271' title='bbox 523 2245 609 2279; x_wconf 90' lang='lat' dir='ltr'>Petri</span> <span class='ocrx_word' id='word_1_272' title='bbox 619 2245 825 2279; x_wconf 80' lang='lat' dir='ltr'>successorem</span> <span class='ocrx_word' id='word_1_273' title='bbox 836 2243 1063 2277; x_wconf 81' lang='lat' dir='ltr'>Alexandrum</span> 
     </span>
     <span class='ocr_line' id='line_1_41' title="bbox 125 2293 1066 2341; baseline -0.005 -9"><span class='ocrx_word' id='word_1_274' title='bbox 125 2298 286 2341; x_wconf 82' lang='lat' dir='ltr'>abjurare.</span> <span class='ocrx_word' id='word_1_275' title='bbox 309 2296 479 2330; x_wconf 85' lang='lat' dir='ltr'>Omnibus</span> <span class='ocrx_word' id='word_1_276' title='bbox 491 2295 592 2339; x_wconf 86' lang='lat' dir='ltr'>igitur</span> <span class='ocrx_word' id='word_1_277' title='bbox 611 2296 715 2338; x_wconf 86' lang='lat' dir='ltr'>capiti</span> <span class='ocrx_word' id='word_1_278' title='bbox 728 2297 785 2328; x_wconf 91' lang='lat' dir='ltr'>suo</span> <span class='ocrx_word' id='word_1_279' title='bbox 798 2293 1066 2327; x_wconf 83' lang='lat' dir='ltr'>renunciantibus</span> 
     </span>
     <span class='ocr_line' id='line_1_42' title="bbox 125 2344 1064 2388; baseline -0.004 -7"><span class='ocrx_word' id='word_1_280' title='bbox 125 2350 188 2388; x_wconf 85' lang='lat' dir='ltr'>sic,</span> <span class='ocrx_word' id='word_1_281' title='bbox 213 2346 436 2382; x_wconf 83' lang='lat' dir='ltr'>revelabantur</span> <span class='ocrx_word' id='word_1_282' title='bbox 447 2357 489 2378; x_wconf 86' lang='lat' dir='ltr'>ex</span> <span class='ocrx_word' id='word_1_283' title='bbox 502 2344 615 2378; x_wconf 87' lang='lat' dir='ltr'>multis</span> <span class='ocrx_word' id='word_1_284' title='bbox 632 2344 786 2378; x_wconf 86' lang='lat' dir='ltr'>cordibus</span> <span class='ocrx_word' id='word_1_285' title='bbox 804 2344 1029 2388; x_wconf 88' lang='lat' dir='ltr'>cogitationes</span> <span class='ocrx_word' id='word_1_286' title='bbox 1057 2369 1064 2376; x_wconf 89' lang='lat'><strong>.</strong></span> 
     </span>
     <span class='ocr_line' id='line_1_43' title="bbox 124 2393 1063 2437; baseline -0.003 -6"><span class='ocrx_word' id='word_1_287' title='bbox 124 2398 226 2431; x_wconf 90' lang='lat' dir='ltr'>Tunc</span> <span class='ocrx_word' id='word_1_288' title='bbox 237 2407 304 2430; x_wconf 87' lang='lat' dir='ltr'>erat</span> <span class='ocrx_word' id='word_1_289' title='bbox 317 2394 424 2429; x_wconf 89' lang='lat' dir='ltr'>videre</span> <span class='ocrx_word' id='word_1_290' title='bbox 437 2396 611 2435; x_wconf 86' lang='lat' dir='ltr'>miseriam,</span> <span class='ocrx_word' id='word_1_291' title='bbox 621 2393 754 2429; x_wconf 81' lang='lat' dir='ltr'>Dathan</span> <span class='ocrx_word' id='word_1_292' title='bbox 766 2395 801 2427; x_wconf 75' lang='grc' dir='ltr'>ἀ</span> <span class='ocrx_word' id='word_1_293' title='bbox 812 2393 941 2428; x_wconf 85' lang='lat' dir='ltr'>Abiron</span> <span class='ocrx_word' id='word_1_294' title='bbox 954 2405 1063 2437; x_wconf 86' lang='lat' dir='ltr'>quam-</span> 
     </span>
     <span class='ocr_line' id='line_1_44' title="bbox 122 2445 1063 2490; baseline -0.002 -9"><span class='ocrx_word' id='word_1_295' title='bbox 122 2447 227 2490; x_wconf 82' lang='lat' dir='ltr'>plures</span> <span class='ocrx_word' id='word_1_296' title='bbox 250 2457 305 2490; x_wconf 89' lang='lat' dir='ltr'>per</span> <span class='ocrx_word' id='word_1_297' title='bbox 325 2446 404 2479; x_wconf 87' lang='lat' dir='ltr'>fines</span> <span class='ocrx_word' id='word_1_298' title='bbox 416 2445 742 2488; x_wconf 84' lang='lat' dir='ltr'>Anglicanospaffim</span> <span class='ocrx_word' id='word_1_299' title='bbox 767 2455 956 2490; x_wconf 85' lang='lat' dir='ltr'>emergere,</span> <span class='ocrx_word' id='word_1_300' title='bbox 982 2445 1063 2479; x_wconf 86' lang='lat' dir='ltr'>&amp;in</span> 
     </span>
    </p>

    <p class='ocr_par' dir='ltr' id='par_1_7' title="bbox 121 2495 800 2539">
     <span class='ocr_line' id='line_1_45' title="bbox 121 2495 800 2539; baseline -0.003 -7"><span class='ocrx_word' id='word_1_301' title='bbox 121 2498 273 2532; x_wconf 83' lang='lat' dir='ltr'>lateribus</span> <span class='ocrx_word' id='word_1_302' title='bbox 286 2496 463 2539; x_wconf 85' lang='lat' dir='ltr'>Aquilonis</span> <span class='ocrx_word' id='word_1_303' title='bbox 475 2495 663 2530; x_wconf 89' lang='lat' dir='ltr'>Luciferum</span> <span class='ocrx_word' id='word_1_304' title='bbox 674 2496 782 2530; x_wconf 90' lang='lat' dir='ltr'>sedere</span> <span class='ocrx_word' id='word_1_305' title='bbox 794 2518 800 2526; x_wconf 85' lang='lat'><strong>·</strong></span> 
     </span>
    </p>
   </div>
   <div class='ocr_carea' id='block_1_5' title="bbox 303 2595 889 2631">
    <p class='ocr_par' dir='ltr' id='par_1_8' title="bbox 303 2595 889 2631">
     <span class='ocr_line' id='line_1_46' title="bbox 303 2595 889 2631; baseline -0.005 0"><span class='ocrx_word' id='word_1_306' title='bbox 303 2595 677 2631; x_wconf 89' lang='lat' dir='ltr'>CAPUT</span> <span class='ocrx_word' id='word_1_307' title='bbox 778 2595 889 2630; x_wconf 82' lang='lat' dir='ltr'>XXI.</span> 
     </span>
    </p>
   </div>
   <div class='ocr_carea' id='block_1_6' title="bbox 156 2695 1026 2742">
    <p class='ocr_par' dir='ltr' id='par_1_9' title="bbox 156 2695 1026 2742">
     <span class='ocr_line' id='line_1_47' title="bbox 156 2695 1026 2742; baseline -0.005 -10"><span class='ocrx_word' id='word_1_308' title='bbox 156 2701 208 2733; x_wconf 73' lang='lat' dir='ltr'>De</span> <span class='ocrx_word' id='word_1_309' title='bbox 218 2699 413 2742; x_wconf 81' lang='lat' dir='ltr'>appellatione</span> <span class='ocrx_word' id='word_1_310' title='bbox 426 2696 602 2739; x_wconf 73' lang='lat' dir='ltr'>Pontificum</span> <span class='ocrx_word' id='word_1_311' title='bbox 611 2704 712 2731; x_wconf 85' lang='lat' dir='ltr'>contra</span> <span class='ocrx_word' id='word_1_312' title='bbox 726 2695 1008 2740; x_wconf 73' lang='lat' dir='ltr'>Archi-Episcopum</span> <span class='ocrx_word' id='word_1_313' title='bbox 1019 2722 1026 2728; x_wconf 95' lang='lat'><em>.</em></span> 
     </span>
    </p>
   </div>
   <div class='ocr_carea' id='block_1_7' title="bbox 119 2797 1064 3496">
    <p class='ocr_par' dir='ltr' id='par_1_10' title="bbox 119 2797 1064 3496">
     <span class='ocr_line' id='line_1_48' title="bbox 197 2797 1064 2844; baseline -0.007 -7"><span class='ocrx_word' id='word_1_314' title='bbox 197 2802 290 2838; x_wconf 91' lang='lat' dir='ltr'>OST</span> <span class='ocrx_word' id='word_1_315' title='bbox 310 2800 479 2835; x_wconf 86' lang='lat' dir='ltr'>modicum</span> <span class='ocrx_word' id='word_1_316' title='bbox 490 2809 616 2844; x_wconf 87' lang='lat' dir='ltr'>tempus</span> <span class='ocrx_word' id='word_1_317' title='bbox 636 2797 912 2834; x_wconf 86' lang='lat' dir='ltr'>convenientibus</span> <span class='ocrx_word' id='word_1_318' title='bbox 930 2797 971 2832; x_wconf 91' lang='lat' dir='ltr'>ad</span> <span class='ocrx_word' id='word_1_319' title='bbox 995 2797 1064 2832; x_wconf 91' lang='lat' dir='ltr'>Ur-</span> 
     </span>
     <span class='ocr_line' id='line_1_49' title="bbox 222 2848 1063 2894; baseline -0.005 -8"><span class='ocrx_word' id='word_1_320' title='bbox 222 2852 295 2886; x_wconf 90' lang='lat' dir='ltr'>bem</span> <span class='ocrx_word' id='word_1_321' title='bbox 307 2851 501 2886; x_wconf 90' lang='lat' dir='ltr'>Londonias</span> <span class='ocrx_word' id='word_1_322' title='bbox 510 2863 551 2884; x_wconf 88' lang='lat' dir='ltr'>ex</span> <span class='ocrx_word' id='word_1_323' title='bbox 563 2850 718 2884; x_wconf 87' lang='lat' dir='ltr'>mandato</span> <span class='ocrx_word' id='word_1_324' title='bbox 729 2849 833 2894; x_wconf 90' lang='lat' dir='ltr'>Regis</span> <span class='ocrx_word' id='word_1_325' title='bbox 845 2848 1017 2892; x_wconf 82' lang='lat' dir='ltr'>Episcopis</span> <span class='ocrx_word' id='word_1_326' title='bbox 1029 2849 1063 2882; x_wconf 75' lang='grc' dir='ltr'>δε</span> 
     </span>
     <span class='ocr_line' id='line_1_50' title="bbox 127 2898 1062 2942; baseline -0.003 -8"><span class='ocrx_word' id='word_1_327' title='bbox 127 2902 311 2938; x_wconf 79' lang='lat' dir='ltr'>Abbaribus</span> <span class='ocrx_word' id='word_1_328' title='bbox 324 2901 492 2936; x_wconf 88' lang='lat' dir='ltr'>nonnullis</span> <span class='ocrx_word' id='word_1_329' title='bbox 503 2926 513 2941; x_wconf 86' lang='lat'>,</span> <span class='ocrx_word' id='word_1_330' title='bbox 540 2902 645 2935; x_wconf 88' lang='lat' dir='ltr'>visum</span> <span class='ocrx_word' id='word_1_331' title='bbox 657 2900 703 2934; x_wconf 91' lang='lat' dir='ltr'>est</span> <span class='ocrx_word' id='word_1_332' title='bbox 717 2911 833 2934; x_wconf 87' lang='lat' dir='ltr'>contra</span> <span class='ocrx_word' id='word_1_333' title='bbox 845 2898 1062 2942; x_wconf 84' lang='lat' dir='ltr'>Archi-Epis-</span> 
     </span>
     <span class='ocr_line' id='line_1_51' title="bbox 126 2950 1063 2996; baseline -0.002 -12"><span class='ocrx_word' id='word_1_334' title='bbox 126 2962 245 2994; x_wconf 86' lang='lat' dir='ltr'>copum</span> <span class='ocrx_word' id='word_1_335' title='bbox 256 2953 429 2996; x_wconf 89' lang='lat' dir='ltr'>appellari.</span> <span class='ocrx_word' id='word_1_336' title='bbox 457 2950 654 2986; x_wconf 83' lang='lat' dir='ltr'>Timebatur</span> <span class='ocrx_word' id='word_1_337' title='bbox 663 2951 752 2985; x_wconf 90' lang='lat' dir='ltr'>enim</span> <span class='ocrx_word' id='word_1_338' title='bbox 763 2973 774 2989; x_wconf 86' lang='lat'>‚</span> <span class='ocrx_word' id='word_1_339' title='bbox 795 2960 835 2984; x_wconf 91' lang='lat' dir='ltr'>ne</span> <span class='ocrx_word' id='word_1_340' title='bbox 847 2950 914 2993; x_wconf 88' lang='lat' dir='ltr'>ipse</span> <span class='ocrx_word' id='word_1_341' title='bbox 927 2950 961 2983; x_wconf 90' lang='lat' dir='ltr'>in</span> <span class='ocrx_word' id='word_1_342' title='bbox 971 2960 1063 2983; x_wconf 87' lang='lat' dir='ltr'>enor-</span> 
     </span>
     <span class='ocr_line' id='line_1_52' title="bbox 126 3001 1062 3046; baseline -0.002 -12"><span class='ocrx_word' id='word_1_343' title='bbox 126 3002 193 3034; x_wconf 85' lang='lat' dir='ltr'>mia</span> <span class='ocrx_word' id='word_1_344' title='bbox 206 3025 217 3042; x_wconf 89' lang='lat'>,</span> <span class='ocrx_word' id='word_1_345' title='bbox 227 3013 295 3043; x_wconf 86' lang='lat' dir='ltr'>quae</span> <span class='ocrx_word' id='word_1_346' title='bbox 306 3012 358 3045; x_wconf 91' lang='lat' dir='ltr'>per</span> <span class='ocrx_word' id='word_1_347' title='bbox 369 3003 524 3046; x_wconf 88' lang='lat' dir='ltr'>Regnum</span> <span class='ocrx_word' id='word_1_348' title='bbox 536 3001 806 3045; x_wconf 75' lang='lat' dir='ltr'>praesumebantur</span> <span class='ocrx_word' id='word_1_349' title='bbox 818 3024 829 3040; x_wconf 90' lang='lat'><em>‚</em></span> <span class='ocrx_word' id='word_1_350' title='bbox 839 3010 975 3033; x_wconf 87' lang='lat' dir='ltr'>manum</span> <span class='ocrx_word' id='word_1_351' title='bbox 987 3011 1062 3033; x_wconf 88' lang='lat' dir='ltr'>cor·-</span> 
     </span>
     <span class='ocr_line' id='line_1_53' title="bbox 122 3050 1062 3095; baseline -0.001 -11"><span class='ocrx_word' id='word_1_352' title='bbox 122 3051 273 3085; x_wconf 65' lang='lat' dir='ltr'>rectionis</span> <span class='ocrx_word' id='word_1_353' title='bbox 282 3053 467 3087; x_wconf 84' lang='lat' dir='ltr'>extenderet</span> <span class='ocrx_word' id='word_1_354' title='bbox 479 3078 487 3085; x_wconf 83' lang='lat'><strong><em>.</em></strong></span> <span class='ocrx_word' id='word_1_355' title='bbox 515 3052 546 3086; x_wconf 83' lang='lat' dir='ltr'>A</span> <span class='ocrx_word' id='word_1_356' title='bbox 552 3052 733 3095; x_wconf 87' lang='lat' dir='ltr'>ppellarunt</span> <span class='ocrx_word' id='word_1_357' title='bbox 749 3050 859 3094; x_wconf 89' lang='lat' dir='ltr'>itaque</span> <span class='ocrx_word' id='word_1_358' title='bbox 867 3050 962 3094; x_wconf 88' lang='lat' dir='ltr'>primi</span> <span class='ocrx_word' id='word_1_359' title='bbox 974 3050 1062 3083; x_wconf 89' lang='lat' dir='ltr'>Lon-</span> 
     </span>
     <span class='ocr_line' id='line_1_54' title="bbox 124 3100 1061 3145; baseline -0.001 -11"><span class='ocrx_word' id='word_1_360' title='bbox 124 3100 288 3135; x_wconf 85' lang='lat' dir='ltr'>donienfis</span> <span class='ocrx_word' id='word_1_361' title='bbox 300 3101 600 3143; x_wconf 80' lang='lat' dir='ltr'>&amp;Saresberienfis,</span> <span class='ocrx_word' id='word_1_362' title='bbox 626 3101 873 3145; x_wconf 86' lang='lat' dir='ltr'>provocationis</span> <span class='ocrx_word' id='word_1_363' title='bbox 891 3101 925 3134; x_wconf 72' lang='grc' dir='ltr'>ὃς</span> <span class='ocrx_word' id='word_1_364' title='bbox 950 3112 1061 3144; x_wconf 85' lang='lat' dir='ltr'>praeva·</span> 
     </span>
     <span class='ocr_line' id='line_1_55' title="bbox 124 3150 1058 3195; baseline 0 -12"><span class='ocrx_word' id='word_1_365' title='bbox 124 3152 290 3185; x_wconf 88' lang='lat' dir='ltr'>ricationis</span> <span class='ocrx_word' id='word_1_366' title='bbox 301 3150 446 3185; x_wconf 87' lang='lat' dir='ltr'>fomites:</span> <span class='ocrx_word' id='word_1_367' title='bbox 476 3152 670 3186; x_wconf 84' lang='lat' dir='ltr'>Exoniensis</span> <span class='ocrx_word' id='word_1_368' title='bbox 680 3152 721 3185; x_wconf 87' lang='lat' dir='ltr'>ad</span> <span class='ocrx_word' id='word_1_369' title='bbox 744 3150 973 3195; x_wconf 88' lang='lat' dir='ltr'>appellandum</span> <span class='ocrx_word' id='word_1_370' title='bbox 985 3152 1058 3195; x_wconf 90' lang='lat' dir='ltr'>cogi</span> 
     </span>
     <span class='ocr_line' id='line_1_56' title="bbox 124 3200 1060 3245; baseline -0.001 -11"><span class='ocrx_word' id='word_1_371' title='bbox 124 3212 192 3235; x_wconf 84' lang='lat' dir='ltr'>non</span> <span class='ocrx_word' id='word_1_372' title='bbox 213 3211 341 3245; x_wconf 84' lang='lat' dir='ltr'>poterat</span> <span class='ocrx_word' id='word_1_373' title='bbox 352 3225 360 3232; x_wconf 91' lang='lat'><strong>.</strong></span> <span class='ocrx_word' id='word_1_374' title='bbox 390 3200 562 3245; x_wconf 85' lang='lat' dir='ltr'>Episcopus</span> <span class='ocrx_word' id='word_1_375' title='bbox 585 3204 673 3236; x_wconf 78' lang='lat' dir='ltr'>vero-</span> <span class='ocrx_word' id='word_1_376' title='bbox 685 3202 846 3236; x_wconf 77' lang='lat' dir='ltr'>R&#39;offensis</span> <span class='ocrx_word' id='word_1_377' title='bbox 867 3212 922 3244; x_wconf 90' lang='lat' dir='ltr'>per</span> <span class='ocrx_word' id='word_1_378' title='bbox 936 3202 1060 3234; x_wconf 76' lang='lat' dir='ltr'>simula-</span> 
     </span>
     <span class='ocr_line' id='line_1_57' title="bbox 120 3249 1060 3290; baseline -0.001 -5"><span class='ocrx_word' id='word_1_379' title='bbox 120 3263 190 3285; x_wconf 78' lang='lat' dir='ltr'>tam</span> <span class='ocrx_word' id='word_1_380' title='bbox 206 3274 217 3290; x_wconf 90' lang='lat'>,</span> <span class='ocrx_word' id='word_1_381' title='bbox 244 3262 278 3285; x_wconf 86' lang='lat' dir='ltr'>ut</span> <span class='ocrx_word' id='word_1_382' title='bbox 290 3250 472 3290; x_wconf 81' lang='lat' dir='ltr'>dicebatur,</span> <span class='ocrx_word' id='word_1_383' title='bbox 492 3251 713 3286; x_wconf 81' lang='lat' dir='ltr'>infirmitatem</span> <span class='ocrx_word' id='word_1_384' title='bbox 726 3253 892 3286; x_wconf 81' lang='lat' dir='ltr'>excusavit</span> <span class='ocrx_word' id='word_1_385' title='bbox 909 3253 996 3285; x_wconf 79' lang='lat' dir='ltr'>suam</span> <span class='ocrx_word' id='word_1_386' title='bbox 1009 3249 1060 3284; x_wconf 85' lang='lat' dir='ltr'>ab·</span> 
     </span>
     <span class='ocr_line' id='line_1_58' title="bbox 123 3301 1060 3345; baseline -0.001 -10"><span class='ocrx_word' id='word_1_387' title='bbox 123 3302 258 3335; x_wconf 82' lang='lat' dir='ltr'>sentiam</span> <span class='ocrx_word' id='word_1_388' title='bbox 274 3326 280 3333; x_wconf 92' lang='lat'><strong>.</strong></span> <span class='ocrx_word' id='word_1_389' title='bbox 307 3301 536 3335; x_wconf 86' lang='lat' dir='ltr'>Sicut&amp;suam</span> <span class='ocrx_word' id='word_1_390' title='bbox 551 3303 796 3343; x_wconf 83' lang='lat' dir='ltr'>vintoniensis,</span> <span class='ocrx_word' id='word_1_391' title='bbox 818 3313 872 3345; x_wconf 86' lang='lat' dir='ltr'>per</span> <span class='ocrx_word' id='word_1_392' title='bbox 897 3302 1003 3335; x_wconf 78' lang='lat' dir='ltr'>literas</span> <span class='ocrx_word' id='word_1_393' title='bbox 1015 3301 1060 3335; x_wconf 90' lang='lat' dir='ltr'>di·</span> 
     </span>
     <span class='ocr_line' id='line_1_59' title="bbox 121 3350 1057 3394; baseline -0.001 -9"><span class='ocrx_word' id='word_1_394' title='bbox 121 3363 197 3385; x_wconf 86' lang='lat' dir='ltr'>cens</span> <span class='ocrx_word' id='word_1_395' title='bbox 210 3363 217 3382; x_wconf 88' lang='lat'>:</span> <span class='ocrx_word' id='word_1_396' title='bbox 244 3354 369 3383; x_wconf 78' lang='lat' dir='ltr'>Vocatus</span> <span class='ocrx_word' id='word_1_397' title='bbox 381 3354 400 3382; x_wconf 77' lang='grc' dir='ltr'><em>ἃ</em></span> <span class='ocrx_word' id='word_1_398' title='bbox 407 3350 519 3392; x_wconf 80' lang='lat' dir='ltr'>summo</span> <span class='ocrx_word' id='word_1_399' title='bbox 531 3353 667 3394; x_wconf 75' lang='lat' dir='ltr'>Pontifice</span> <span class='ocrx_word' id='word_1_400' title='bbox 677 3363 728 3386; x_wconf 84' lang='lat' dir='ltr'>nec</span> <span class='ocrx_word' id='word_1_401' title='bbox 740 3352 856 3394; x_wconf 78' lang='lat' dir='ltr'>appello</span> <span class='ocrx_word' id='word_1_402' title='bbox 869 3376 879 3392; x_wconf 96' lang='lat'>,</span> <span class='ocrx_word' id='word_1_403' title='bbox 893 3362 943 3385; x_wconf 80' lang='lat' dir='ltr'>nec</span> <span class='ocrx_word' id='word_1_404' title='bbox 954 3352 1057 3393; x_wconf 82' lang='lat' dir='ltr'>appel—</span> 
     </span>
     <span class='ocr_line' id='line_1_60' title="bbox 119 3400 1058 3445; baseline 0.002 -13"><span class='ocrx_word' id='word_1_405' title='bbox 119 3405 181 3436; x_wconf 83' lang='lat' dir='ltr'>lare</span> <span class='ocrx_word' id='word_1_406' title='bbox 203 3403 268 3434; x_wconf 79' lang='lat' dir='ltr'>vola</span> <span class='ocrx_word' id='word_1_407' title='bbox 282 3427 287 3432; x_wconf 94' lang='lat'>.</span> <span class='ocrx_word' id='word_1_408' title='bbox 315 3401 357 3434; x_wconf 82' lang='lat' dir='ltr'>Et</span> <span class='ocrx_word' id='word_1_409' title='bbox 369 3412 410 3433; x_wconf 84' lang='lat' dir='ltr'>ex</span> <span class='ocrx_word' id='word_1_410' title='bbox 430 3400 644 3445; x_wconf 82' lang='lat' dir='ltr'>ambiguitate</span> <span class='ocrx_word' id='word_1_411' title='bbox 672 3402 814 3436; x_wconf 88' lang='lat' dir='ltr'>nominis</span> <span class='ocrx_word' id='word_1_412' title='bbox 835 3401 1007 3445; x_wconf 83' lang='lat' dir='ltr'>putabatur</span> <span class='ocrx_word' id='word_1_413' title='bbox 1020 3401 1058 3435; x_wconf 88' lang='lat' dir='ltr'>ad</span> 
     </span>
     <span class='ocr_line' id='line_1_61' title="bbox 120 3450 1061 3496; baseline 0 -9"><span class='ocrx_word' id='word_1_414' title='bbox 120 3454 238 3487; x_wconf 84' lang='lat' dir='ltr'>summi</span> <span class='ocrx_word' id='word_1_415' title='bbox 254 3450 672 3493; x_wconf 73' lang='lat' dir='ltr'>Pontii1c1s‚idest,00mini</span> <span class='ocrx_word' id='word_1_416' title='bbox 686 3451 775 3496; x_wconf 76' lang='lat' dir='ltr'>Papae</span> <span class='ocrx_word' id='word_1_417' title='bbox 788 3462 923 3487; x_wconf 86' lang='lat' dir='ltr'>vocatus</span> <span class='ocrx_word' id='word_1_418' title='bbox 931 3452 1061 3487; x_wconf 84' lang='lat' dir='ltr'>audien-</span> 
     </span>
    </p>
   </div>
   <div class='ocr_carea' id='block_1_8' title="bbox 1106 279 1125 2424">
    <p class='ocr_par' dir='ltr' id='par_1_11' title="bbox 1106 279 1125 2424">
     <span class='ocr_line' id='line_1_62' title="bbox 1106 279 1125 2424; baseline 0 0"><span class='ocrx_word' id='word_1_419' title='bbox 1106 279 1125 2424; x_wconf 95' lang='lat' dir='ltr'>   </span> 
     </span>
    </p>
   </div>
   <div class='ocr_carea' id='block_1_9' title="bbox 1955 133 2085 176">
    <p class='ocr_par' dir='ltr' id='par_1_12' title="bbox 1955 133 2085 176">
     <span class='ocr_line' id='line_1_63' title="bbox 1955 133 2085 176; baseline 0 0"><span class='ocrx_word' id='word_1_420' title='bbox 1955 133 2085 176; x_wconf 17' lang='lat'>3¹¹&gt;</span> 
     </span>
    </p>
   </div>
   <div class='ocr_carea' id='block_1_10' title="bbox 1132 191 2078 343">
    <p class='ocr_par' dir='ltr' id='par_1_13' title="bbox 1132 191 2078 343">
     <span class='ocr_line' id='line_1_64' title="bbox 1132 191 2078 250; baseline 0.014 -21"><span class='ocrx_word' id='word_1_421' title='bbox 1132 195 1222 229; x_wconf 79' lang='lat' dir='ltr'>tiam.</span> <span class='ocrx_word' id='word_1_422' title='bbox 1247 194 1319 237; x_wconf 75' lang='lat' dir='ltr'>ipse</span> <span class='ocrx_word' id='word_1_423' title='bbox 1340 191 1418 228; x_wconf 76' lang='lat' dir='ltr'>vero</span> <span class='ocrx_word' id='word_1_424' title='bbox 1429 195 1594 231; x_wconf 85' lang='lat' dir='ltr'>summum</span> <span class='ocrx_word' id='word_1_425' title='bbox 1605 195 1824 244; x_wconf 85' lang='lat' dir='ltr'>Pontificem,</span> <span class='ocrx_word' id='word_1_426' title='bbox 1848 203 2014 240; x_wconf 80' lang='lat' dir='ltr'>summum</span> <span class='ocrx_word' id='word_1_427' title='bbox 2023 206 2078 250; x_wconf 84' lang='lat' dir='ltr'>Ju-</span> 
     </span>
     <span class='ocr_line' id='line_1_65' title="bbox 1157 243 2077 299; baseline 0.011 -21"><span class='ocrx_word' id='word_1_428' title='bbox 1157 246 1240 279; x_wconf 86' lang='lat' dir='ltr'>ieem</span> <span class='ocrx_word' id='word_1_429' title='bbox 1251 243 1478 289; x_wconf 83' lang='lat' dir='ltr'>intelligebat,</span> <span class='ocrx_word' id='word_1_430' title='bbox 1499 244 1544 280; x_wconf 73' lang='lat' dir='ltr'>ad</span> <span class='ocrx_word' id='word_1_431' title='bbox 1554 247 1646 290; x_wconf 73' lang='lat' dir='ltr'>cuius</span> <span class='ocrx_word' id='word_1_432' title='bbox 1666 246 1833 285; x_wconf 84' lang='lat' dir='ltr'>Tribunal</span> <span class='ocrx_word' id='word_1_433' title='bbox 1853 254 1920 296; x_wconf 76' lang='lat' dir='ltr'>jam</span> <span class='ocrx_word' id='word_1_434' title='bbox 1937 255 2002 299; x_wconf 80' lang='lat' dir='ltr'>jam</span> <span class='ocrx_word' id='word_1_435' title='bbox 2014 266 2077 291; x_wconf 85' lang='lat' dir='ltr'>tra·</span> 
     </span>
     <span class='ocr_line' id='line_1_66' title="bbox 1133 293 2075 343; baseline 0.008 -14"><span class='ocrx_word' id='word_1_436' title='bbox 1133 293 1269 329; x_wconf 85' lang='lat' dir='ltr'>bebatur</span> <span class='ocrx_word' id='word_1_437' title='bbox 1288 295 1550 338; x_wconf 76' lang='lat' dir='ltr'>examinandus,</span> <span class='ocrx_word' id='word_1_438' title='bbox 1573 299 1743 343; x_wconf 72' lang='lat' dir='ltr'>tamquam</span> <span class='ocrx_word' id='word_1_439' title='bbox 1766 300 1866 341; x_wconf 85' lang='lat' dir='ltr'>quiin</span> <span class='ocrx_word' id='word_1_440' title='bbox 1883 305 2075 340; x_wconf 75' lang='lat' dir='ltr'>multisdie·</span> 
     </span>
    </p>
   </div>
   <div class='ocr_carea' id='block_1_11' title="bbox 1114 345 2075 394">
    <p class='ocr_par' dir='ltr' id='par_1_14' title="bbox 1114 345 2075 394">
     <span class='ocr_line' id='line_1_67' title="bbox 1114 345 2075 394; baseline 0.01 -16"><span class='ocrx_word' id='word_1_441' title='bbox 1114 368 1116 371; x_wconf 37' lang='lat' dir='ltr'>v</span> <span class='ocrx_word' id='word_1_442' title='bbox 1133 345 1190 379; x_wconf 88' lang='lat' dir='ltr'>bus</span> <span class='ocrx_word' id='word_1_443' title='bbox 1201 345 1390 388; x_wconf 75' lang='lat' dir='ltr'>processerat</span> <span class='ocrx_word' id='word_1_444' title='bbox 1400 369 1413 386; x_wconf 92' lang='lat'>,</span> <span class='ocrx_word' id='word_1_445' title='bbox 1435 346 1473 382; x_wconf 69' lang='grc' dir='ltr'>ὅ(</span> <span class='ocrx_word' id='word_1_446' title='bbox 1482 347 1555 382; x_wconf 83' lang='lat' dir='ltr'>vitae</span> <span class='ocrx_word' id='word_1_447' title='bbox 1566 348 1661 383; x_wconf 88' lang='lat' dir='ltr'>metis</span> <span class='ocrx_word' id='word_1_448' title='bbox 1671 350 2003 394; x_wconf 76' lang='lat' dir='ltr'>appropinquaverat.</span> <span class='ocrx_word' id='word_1_449' title='bbox 2026 354 2075 390; x_wconf 87' lang='lat' dir='ltr'>At</span> 
     </span>
    </p>
   </div>
   <div class='ocr_carea' id='block_1_12' title="bbox 1127 394 2084 1641">
    <p class='ocr_par' dir='ltr' id='par_1_15' title="bbox 1127 394 2084 1641">
     <span class='ocr_line' id='line_1_68' title="bbox 1132 394 2079 444; baseline 0.013 -16"><span class='ocrx_word' id='word_1_450' title='bbox 1132 394 1426 439; x_wconf 86' lang='lat' dir='ltr'>Archi-Episcopus</span> <span class='ocrx_word' id='word_1_451' title='bbox 1440 395 1567 442; x_wconf 86' lang='lat' dir='ltr'>Regem</span> <span class='ocrx_word' id='word_1_452' title='bbox 1580 398 1656 442; x_wconf 74' lang='lat' dir='ltr'>saepe</span> <span class='ocrx_word' id='word_1_453' title='bbox 1679 409 1810 444; x_wconf 90' lang='lat' dir='ltr'>paterna</span> <span class='ocrx_word' id='word_1_454' title='bbox 1821 399 1978 437; x_wconf 81' lang='lat' dir='ltr'>charitate</span> <span class='ocrx_word' id='word_1_455' title='bbox 1988 416 2079 441; x_wconf 85' lang='lat' dir='ltr'>com·</span> 
     </span>
     <span class='ocr_line' id='line_1_69' title="bbox 1131 446 2076 494; baseline 0.01 -15"><span class='ocrx_word' id='word_1_456' title='bbox 1131 446 1262 480; x_wconf 86' lang='lat' dir='ltr'>monuit</span> <span class='ocrx_word' id='word_1_457' title='bbox 1274 468 1292 484; x_wconf 65' lang='lat'><em>5</em></span> <span class='ocrx_word' id='word_1_458' title='bbox 1307 455 1377 479; x_wconf 79' lang='lat' dir='ltr'>tum</span> <span class='ocrx_word' id='word_1_459' title='bbox 1395 457 1452 490; x_wconf 84' lang='lat' dir='ltr'>per</span> <span class='ocrx_word' id='word_1_460' title='bbox 1465 447 1581 492; x_wconf 87' lang='lat' dir='ltr'>scripta</span> <span class='ocrx_word' id='word_1_461' title='bbox 1595 473 1606 489; x_wconf 92' lang='lat'>,</span> <span class='ocrx_word' id='word_1_462' title='bbox 1620 459 1690 484; x_wconf 89' lang='lat' dir='ltr'>turn</span> <span class='ocrx_word' id='word_1_463' title='bbox 1700 460 1756 493; x_wconf 88' lang='lat' dir='ltr'>per</span> <span class='ocrx_word' id='word_1_464' title='bbox 1766 450 1853 484; x_wconf 90' lang='lat' dir='ltr'>viros</span> <span class='ocrx_word' id='word_1_465' title='bbox 1863 474 1874 491; x_wconf 93' lang='lat'>,</span> <span class='ocrx_word' id='word_1_466' title='bbox 1884 453 1940 494; x_wconf 85' lang='lat' dir='ltr'>qui</span> <span class='ocrx_word' id='word_1_467' title='bbox 1954 463 2011 494; x_wconf 88' lang='lat' dir='ltr'>pro</span> <span class='ocrx_word' id='word_1_468' title='bbox 2022 457 2076 490; x_wconf 87' lang='lat' dir='ltr'>sua.</span> 
     </span>
     <span class='ocr_line' id='line_1_70' title="bbox 1131 494 2078 540; baseline 0.008 -11"><span class='ocrx_word' id='word_1_469' title='bbox 1131 494 1308 529; x_wconf 83' lang='lat' dir='ltr'>reverentia</span> <span class='ocrx_word' id='word_1_470' title='bbox 1335 507 1520 531; x_wconf 87' lang='lat' dir='ltr'>meruerant</span> <span class='ocrx_word' id='word_1_471' title='bbox 1538 499 1671 540; x_wconf 85' lang='lat' dir='ltr'>audiri,</span> <span class='ocrx_word' id='word_1_472' title='bbox 1693 509 1732 534; x_wconf 86' lang='lat' dir='ltr'>ut</span> <span class='ocrx_word' id='word_1_473' title='bbox 1742 498 1784 535; x_wconf 85' lang='lat' dir='ltr'>ab</span> <span class='ocrx_word' id='word_1_474' title='bbox 1806 500 2033 536; x_wconf 77' lang='lat' dir='ltr'>Ecclesiasticae</span> <span class='ocrx_word' id='word_1_475' title='bbox 2044 505 2078 537; x_wconf 89' lang='lat' dir='ltr'>li-</span> 
     </span>
     <span class='ocr_line' id='line_1_71' title="bbox 1131 545 2078 595; baseline 0.008 -17"><span class='ocrx_word' id='word_1_476' title='bbox 1131 545 1263 579; x_wconf 84' lang='lat' dir='ltr'>bertatis</span> <span class='ocrx_word' id='word_1_477' title='bbox 1273 546 1475 589; x_wconf 81' lang='lat' dir='ltr'>oppreffione</span> <span class='ocrx_word' id='word_1_478' title='bbox 1494 547 1653 583; x_wconf 84' lang='lat' dir='ltr'>desisteret</span> <span class='ocrx_word' id='word_1_479' title='bbox 1665 574 1672 580; x_wconf 94' lang='lat'><em>.</em></span> <span class='ocrx_word' id='word_1_480' title='bbox 1700 549 1764 584; x_wconf 88' lang='lat' dir='ltr'>Sed</span> <span class='ocrx_word' id='word_1_481' title='bbox 1785 551 1821 585; x_wconf 74' lang='grc' dir='ltr'>ἀ</span> <span class='ocrx_word' id='word_1_482' title='bbox 1830 549 1972 586; x_wconf 83' lang='lat' dir='ltr'>eundern</span> <span class='ocrx_word' id='word_1_483' title='bbox 1985 553 2078 595; x_wconf 84' lang='lat' dir='ltr'>super</span> 
     </span>
     <span class='ocr_line' id='line_1_72' title="bbox 1130 593 2081 646; baseline 0.008 -18"><span class='ocrx_word' id='word_1_484' title='bbox 1130 593 1247 629; x_wconf 87' lang='lat' dir='ltr'>eodem</span> <span class='ocrx_word' id='word_1_485' title='bbox 1269 595 1443 631; x_wconf 87' lang='lat' dir='ltr'>Romanus</span> <span class='ocrx_word' id='word_1_486' title='bbox 1458 596 1616 632; x_wconf 85' lang='lat' dir='ltr'>Pontifex</span> <span class='ocrx_word' id='word_1_487' title='bbox 1629 610 1684 643; x_wconf 88' lang='lat' dir='ltr'>per</span> <span class='ocrx_word' id='word_1_488' title='bbox 1701 598 2006 646; x_wconf 84' lang='lat' dir='ltr'>Rothomagensern</span> <span class='ocrx_word' id='word_1_489' title='bbox 2018 601 2081 636; x_wconf 86' lang='lat' dir='ltr'>Ar-</span> 
     </span>
     <span class='ocr_line' id='line_1_73' title="bbox 1130 643 2081 694; baseline 0.008 -16"><span class='ocrx_word' id='word_1_490' title='bbox 1130 643 1399 689; x_wconf 85' lang='lat' dir='ltr'>chi-Episcopum</span> <span class='ocrx_word' id='word_1_491' title='bbox 1411 671 1421 687; x_wconf 94' lang='lat'>,</span> <span class='ocrx_word' id='word_1_492' title='bbox 1445 648 1480 682; x_wconf 78' lang='grc' dir='ltr'>δε</span> <span class='ocrx_word' id='word_1_493' title='bbox 1490 659 1546 691; x_wconf 87' lang='lat' dir='ltr'>per</span> <span class='ocrx_word' id='word_1_494' title='bbox 1555 648 1799 693; x_wconf 74' lang='lat' dir='ltr'>imperatricem</span> <span class='ocrx_word' id='word_1_495' title='bbox 1823 651 1992 694; x_wconf 87' lang='lat' dir='ltr'>quondam</span> <span class='ocrx_word' id='word_1_496' title='bbox 2004 651 2081 686; x_wconf 87' lang='lat' dir='ltr'>Ro-</span> 
     </span>
     <span class='ocr_line' id='line_1_74' title="bbox 1131 695 2081 742; baseline 0.009 -15"><span class='ocrx_word' id='word_1_497' title='bbox 1131 695 1459 736; x_wconf 87' lang='lat' dir='ltr'>rnanorum‚Matrem</span> <span class='ocrx_word' id='word_1_498' title='bbox 1467 698 1580 741; x_wconf 81' lang='lat' dir='ltr'>ejus,&amp;</span> <span class='ocrx_word' id='word_1_499' title='bbox 1591 710 1647 742; x_wconf 89' lang='lat' dir='ltr'>per</span> <span class='ocrx_word' id='word_1_500' title='bbox 1656 698 1983 742; x_wconf 85' lang='lat' dir='ltr'>Herefordensem,&amp;</span> <span class='ocrx_word' id='word_1_501' title='bbox 1991 701 2081 736; x_wconf 88' lang='lat' dir='ltr'>Lon·</span> 
     </span>
     <span class='ocr_line' id='line_1_75' title="bbox 1129 743 2080 794; baseline 0.007 -16"><span class='ocrx_word' id='word_1_502' title='bbox 1129 743 1332 780; x_wconf 83' lang='lat' dir='ltr'>doniensem-</span> <span class='ocrx_word' id='word_1_503' title='bbox 1346 747 1506 789; x_wconf 88' lang='lat' dir='ltr'>Dumque</span> <span class='ocrx_word' id='word_1_504' title='bbox 1513 749 1647 794; x_wconf 84' lang='lat' dir='ltr'>singulis</span> <span class='ocrx_word' id='word_1_505' title='bbox 1658 749 1744 784; x_wconf 87' lang='lat' dir='ltr'>circa</span> <span class='ocrx_word' id='word_1_506' title='bbox 1758 749 1911 785; x_wconf 86' lang='lat' dir='ltr'>mandata</span> <span class='ocrx_word' id='word_1_507' title='bbox 1933 753 2022 786; x_wconf 88' lang='lat' dir='ltr'>suam</span> <span class='ocrx_word' id='word_1_508' title='bbox 2033 751 2080 785; x_wconf 88' lang='lat' dir='ltr'>di-</span> 
     </span>
     <span class='ocr_line' id='line_1_76' title="bbox 1131 794 2079 845; baseline 0.007 -17"><span class='ocrx_word' id='word_1_509' title='bbox 1131 795 1301 840; x_wconf 85' lang='lat' dir='ltr'>ligentiam</span> <span class='ocrx_word' id='word_1_510' title='bbox 1313 794 1544 832; x_wconf 82' lang='lat' dir='ltr'>adhibentibus</span> <span class='ocrx_word' id='word_1_511' title='bbox 1556 823 1568 839; x_wconf 91' lang='lat'>‚</span> <span class='ocrx_word' id='word_1_512' title='bbox 1590 799 1839 834; x_wconf 84' lang='lat' dir='ltr'>Herefordensis</span> <span class='ocrx_word' id='word_1_513' title='bbox 1861 803 1966 844; x_wconf 89' lang='lat' dir='ltr'>ipsum</span> <span class='ocrx_word' id='word_1_514' title='bbox 1979 803 2079 845; x_wconf 87' lang='lat' dir='ltr'>usque</span> 
     </span>
     <span class='ocr_line' id='line_1_77' title="bbox 1131 845 2080 886; baseline 0.007 -8"><span class='ocrx_word' id='word_1_515' title='bbox 1131 847 1164 879; x_wconf 90' lang='lat' dir='ltr'>in</span> <span class='ocrx_word' id='word_1_516' title='bbox 1176 846 1276 879; x_wconf 89' lang='lat' dir='ltr'>finem</span> <span class='ocrx_word' id='word_1_517' title='bbox 1290 845 1485 882; x_wconf 83' lang='lat' dir='ltr'>Walliarum</span> <span class='ocrx_word' id='word_1_518' title='bbox 1495 848 1683 884; x_wconf 65' lang='lat' dir='ltr'>ductantem</span> <span class='ocrx_word' id='word_1_519' title='bbox 1691 851 1872 885; x_wconf 86' lang='lat' dir='ltr'>exercitum</span> <span class='ocrx_word' id='word_1_520' title='bbox 1890 862 1966 885; x_wconf 88' lang='lat' dir='ltr'>cum</span> <span class='ocrx_word' id='word_1_521' title='bbox 1979 851 2080 886; x_wconf 90' lang='lat' dir='ltr'>literis</span> 
     </span>
     <span class='ocr_line' id='line_1_78' title="bbox 1130 895 2083 944; baseline 0.006 -15"><span class='ocrx_word' id='word_1_522' title='bbox 1130 895 1501 941; x_wconf 85' lang='lat' dir='ltr'>prosequerentur‚nihil</span> <span class='ocrx_word' id='word_1_523' title='bbox 1513 899 1742 942; x_wconf 83' lang='lat' dir='ltr'>impetrarunt,</span> <span class='ocrx_word' id='word_1_524' title='bbox 1755 901 1813 934; x_wconf 86' lang='lat' dir='ltr'>nisi</span> <span class='ocrx_word' id='word_1_525' title='bbox 1826 911 1862 935; x_wconf 90' lang='lat' dir='ltr'>ut</span> <span class='ocrx_word' id='word_1_526' title='bbox 1871 899 2083 944; x_wconf 80' lang='lat' dir='ltr'>Archi-Epis·</span> 
     </span>
     <span class='ocr_line' id='line_1_79' title="bbox 1128 947 2082 991; baseline 0.007 -12"><span class='ocrx_word' id='word_1_527' title='bbox 1128 956 1230 990; x_wconf 91' lang='lat' dir='ltr'>copus</span> <span class='ocrx_word' id='word_1_528' title='bbox 1239 947 1425 990; x_wconf 85' lang='lat' dir='ltr'>repatriaret</span> <span class='ocrx_word' id='word_1_529' title='bbox 1436 947 1604 984; x_wconf 86' lang='lat' dir='ltr'>ultroneus</span> <span class='ocrx_word' id='word_1_530' title='bbox 1615 975 1628 991; x_wconf 88' lang='lat'>‚</span> <span class='ocrx_word' id='word_1_531' title='bbox 1651 951 1732 985; x_wconf 82' lang='lat' dir='ltr'>sicut</span> <span class='ocrx_word' id='word_1_532' title='bbox 1744 951 1911 986; x_wconf 88' lang='lat' dir='ltr'>ultroneus</span> <span class='ocrx_word' id='word_1_533' title='bbox 1929 949 1970 986; x_wconf 87' lang='lat' dir='ltr'>ab</span> <span class='ocrx_word' id='word_1_534' title='bbox 1976 952 2082 986; x_wconf 77' lang='lat' dir='ltr'>sceffe-</span> 
     </span>
     <span class='ocr_line' id='line_1_80' title="bbox 1128 995 2080 1037; baseline 0.004 -8"><span class='ocrx_word' id='word_1_535' title='bbox 1128 1007 1185 1030; x_wconf 86' lang='lat' dir='ltr'>rat.</span> <span class='ocrx_word' id='word_1_536' title='bbox 1198 995 1401 1032; x_wconf 89' lang='lat' dir='ltr'>Credebatur</span> <span class='ocrx_word' id='word_1_537' title='bbox 1411 1007 1444 1032; x_wconf 86' lang='lat' dir='ltr'>ta</span> <span class='ocrx_word' id='word_1_538' title='bbox 1450 1009 1524 1032; x_wconf 86' lang='lat' dir='ltr'>men</span> <span class='ocrx_word' id='word_1_539' title='bbox 1536 999 1808 1035; x_wconf 83' lang='lat' dir='ltr'>Londoniensem</span> <span class='ocrx_word' id='word_1_540' title='bbox 1820 1002 1930 1037; x_wconf 76' lang='lat' dir='ltr'>minus</span> <span class='ocrx_word' id='word_1_541' title='bbox 1941 1001 2080 1036; x_wconf 86' lang='lat' dir='ltr'>fideliter</span> 
     </span>
     <span class='ocr_line' id='line_1_81' title="bbox 1129 1046 2082 1096; baseline 0.005 -16"><span class='ocrx_word' id='word_1_542' title='bbox 1129 1046 1283 1082; x_wconf 86' lang='lat' dir='ltr'>mandata</span> <span class='ocrx_word' id='word_1_543' title='bbox 1299 1048 1506 1091; x_wconf 87' lang='lat' dir='ltr'>prosecutum</span> <span class='ocrx_word' id='word_1_544' title='bbox 1522 1073 1533 1090; x_wconf 91' lang='lat'>,</span> <span class='ocrx_word' id='word_1_545' title='bbox 1554 1050 1633 1094; x_wconf 89' lang='lat' dir='ltr'>quia</span> <span class='ocrx_word' id='word_1_546' title='bbox 1653 1061 1731 1092; x_wconf 77' lang='lat' dir='ltr'>cum</span> <span class='ocrx_word' id='word_1_547' title='bbox 1755 1052 1908 1087; x_wconf 89' lang='lat' dir='ltr'>Domino</span> <span class='ocrx_word' id='word_1_548' title='bbox 1929 1051 2025 1096; x_wconf 70' lang='lat' dir='ltr'>Papae</span> <span class='ocrx_word' id='word_1_549' title='bbox 2038 1063 2082 1085; x_wconf 89' lang='lat' dir='ltr'>re-</span> 
     </span>
     <span class='ocr_line' id='line_1_82' title="bbox 1128 1096 2084 1145; baseline 0.005 -15"><span class='ocrx_word' id='word_1_550' title='bbox 1128 1096 1290 1139; x_wconf 77' lang='lat' dir='ltr'>scripsisset</span> <span class='ocrx_word' id='word_1_551' title='bbox 1303 1098 1394 1141; x_wconf 90' lang='lat' dir='ltr'>super</span> <span class='ocrx_word' id='word_1_552' title='bbox 1407 1099 1605 1134; x_wconf 83' lang='lat' dir='ltr'>executione</span> <span class='ocrx_word' id='word_1_553' title='bbox 1617 1099 1771 1136; x_wconf 86' lang='lat' dir='ltr'>Mandati</span> <span class='ocrx_word' id='word_1_554' title='bbox 1783 1103 1831 1136; x_wconf 88' lang='lat' dir='ltr'>sui</span> <span class='ocrx_word' id='word_1_555' title='bbox 1843 1102 1877 1136; x_wconf 73' lang='grc' dir='ltr'>δε</span> <span class='ocrx_word' id='word_1_556' title='bbox 1904 1101 2084 1145; x_wconf 87' lang='lat' dir='ltr'>responsio-</span> 
     </span>
     <span class='ocr_line' id='line_1_83' title="bbox 1129 1147 2082 1193; baseline 0.005 -13"><span class='ocrx_word' id='word_1_557' title='bbox 1129 1158 1169 1180; x_wconf 87' lang='lat' dir='ltr'>ne</span> <span class='ocrx_word' id='word_1_558' title='bbox 1180 1147 1285 1193; x_wconf 89' lang='lat' dir='ltr'>Regis</span> <span class='ocrx_word' id='word_1_559' title='bbox 1294 1172 1306 1189; x_wconf 88' lang='lat'>,</span> <span class='ocrx_word' id='word_1_560' title='bbox 1319 1148 1549 1184; x_wconf 79' lang='lat' dir='ltr'>Ecclesiasticae</span> <span class='ocrx_word' id='word_1_561' title='bbox 1560 1151 1736 1186; x_wconf 79' lang='lat' dir='ltr'>severitatis</span> <span class='ocrx_word' id='word_1_562' title='bbox 1752 1151 2082 1191; x_wconf 80' lang='lat' dir='ltr'>animadversionem,</span> 
     </span>
     <span class='ocr_line' id='line_1_84' title="bbox 1127 1198 2081 1242; baseline 0.003 -12"><span class='ocrx_word' id='word_1_563' title='bbox 1127 1206 1226 1241; x_wconf 86' lang='lat' dir='ltr'>quam</span> <span class='ocrx_word' id='word_1_564' title='bbox 1250 1199 1286 1231; x_wconf 89' lang='lat' dir='ltr'>in</span> <span class='ocrx_word' id='word_1_565' title='bbox 1307 1198 1555 1241; x_wconf 69' lang='lat' dir='ltr'>prevaricatores</span> <span class='ocrx_word' id='word_1_566' title='bbox 1579 1200 1772 1235; x_wconf 86' lang='lat' dir='ltr'>intendebat</span> <span class='ocrx_word' id='word_1_567' title='bbox 1787 1226 1799 1242; x_wconf 95' lang='lat'>,</span> <span class='ocrx_word' id='word_1_568' title='bbox 1819 1200 1987 1235; x_wconf 87' lang='lat' dir='ltr'>dehortari</span> <span class='ocrx_word' id='word_1_569' title='bbox 2010 1211 2081 1233; x_wconf 87' lang='lat' dir='ltr'>non</span> 
     </span>
     <span class='ocr_line' id='line_1_85' title="bbox 1128 1246 2080 1293; baseline 0.005 -14"><span class='ocrx_word' id='word_1_570' title='bbox 1128 1246 1258 1280; x_wconf 89' lang='lat' dir='ltr'>erubuit</span> <span class='ocrx_word' id='word_1_571' title='bbox 1271 1258 1330 1288; x_wconf 77' lang='lat' dir='ltr'>,ut</span> <span class='ocrx_word' id='word_1_572' title='bbox 1343 1247 1487 1282; x_wconf 84' lang='lat' dir='ltr'>Ecclesia</span> <span class='ocrx_word' id='word_1_573' title='bbox 1501 1248 1743 1284; x_wconf 85' lang='lat' dir='ltr'>Cantuarienfis</span> <span class='ocrx_word' id='word_1_574' title='bbox 1753 1260 1945 1293; x_wconf 89' lang='lat' dir='ltr'>perpetuum</span> <span class='ocrx_word' id='word_1_575' title='bbox 1959 1250 2006 1283; x_wconf 92' lang='lat' dir='ltr'>sui</span> <span class='ocrx_word' id='word_1_576' title='bbox 2018 1248 2080 1284; x_wconf 80' lang='lat' dir='ltr'>Pa-</span> 
     </span>
     <span class='ocr_line' id='line_1_86' title="bbox 1129 1296 2084 1344; baseline 0.004 -14"><span class='ocrx_word' id='word_1_577' title='bbox 1129 1296 1221 1331; x_wconf 88' lang='lat' dir='ltr'>storis</span> <span class='ocrx_word' id='word_1_578' title='bbox 1231 1296 1368 1332; x_wconf 87' lang='lat' dir='ltr'>exilium</span> <span class='ocrx_word' id='word_1_579' title='bbox 1380 1321 1393 1338; x_wconf 92' lang='lat'>,</span> <span class='ocrx_word' id='word_1_580' title='bbox 1418 1299 1575 1343; x_wconf 85' lang='lat' dir='ltr'>suumque</span> <span class='ocrx_word' id='word_1_581' title='bbox 1596 1299 1722 1343; x_wconf 83' lang='lat' dir='ltr'>lugeret</span> <span class='ocrx_word' id='word_1_582' title='bbox 1740 1299 1930 1344; x_wconf 82' lang='lat' dir='ltr'>Anglicana</span> <span class='ocrx_word' id='word_1_583' title='bbox 1953 1300 2084 1334; x_wconf 80' lang='lat' dir='ltr'>naufra-</span> 
     </span>
     <span class='ocr_line' id='line_1_87' title="bbox 1128 1346 2083 1393; baseline 0.004 -13"><span class='ocrx_word' id='word_1_584' title='bbox 1128 1347 1221 1392; x_wconf 86' lang='lat' dir='ltr'>gium</span> <span class='ocrx_word' id='word_1_585' title='bbox 1234 1372 1242 1380; x_wconf 94' lang='lat'>.</span> <span class='ocrx_word' id='word_1_586' title='bbox 1269 1346 1330 1383; x_wconf 85' lang='lat' dir='ltr'>Sed</span> <span class='ocrx_word' id='word_1_587' title='bbox 1350 1349 1510 1383; x_wconf 77' lang='lat' dir='ltr'>successor</span> <span class='ocrx_word' id='word_1_588' title='bbox 1531 1348 1769 1393; x_wconf 83' lang='lat' dir='ltr'>Apostolorum</span> <span class='ocrx_word' id='word_1_589' title='bbox 1788 1349 1827 1384; x_wconf 68' lang='grc' dir='ltr'>ἀ</span> <span class='ocrx_word' id='word_1_590' title='bbox 1851 1349 2008 1384; x_wconf 86' lang='lat' dir='ltr'>columna</span> <span class='ocrx_word' id='word_1_591' title='bbox 2024 1350 2083 1384; x_wconf 88' lang='lat' dir='ltr'>Ec·</span> 
     </span>
     <span class='ocr_line' id='line_1_88' title="bbox 1129 1397 2080 1444; baseline 0 -12"><span class='ocrx_word' id='word_1_592' title='bbox 1129 1397 1228 1432; x_wconf 80' lang='lat' dir='ltr'>clefiae</span> <span class='ocrx_word' id='word_1_593' title='bbox 1241 1408 1310 1433; x_wconf 88' lang='lat' dir='ltr'>non</span> <span class='ocrx_word' id='word_1_594' title='bbox 1330 1398 1528 1434; x_wconf 89' lang='lat' dir='ltr'>movebatur</span> <span class='ocrx_word' id='word_1_595' title='bbox 1539 1424 1546 1431; x_wconf 92' lang='lat'><em>.</em></span> <span class='ocrx_word' id='word_1_596' title='bbox 1574 1399 1724 1435; x_wconf 86' lang='lat' dir='ltr'>Noverat</span> <span class='ocrx_word' id='word_1_597' title='bbox 1735 1398 1892 1444; x_wconf 85' lang='lat' dir='ltr'>siquidem</span> <span class='ocrx_word' id='word_1_598' title='bbox 1918 1400 1990 1444; x_wconf 88' lang='lat' dir='ltr'>quis</span> <span class='ocrx_word' id='word_1_599' title='bbox 2002 1401 2080 1435; x_wconf 83' lang='lat' dir='ltr'>effet</span> 
     </span>
     <span class='ocr_line' id='line_1_89' title="bbox 1129 1448 2080 1492; baseline 0.004 -12"><span class='ocrx_word' id='word_1_600' title='bbox 1129 1449 1186 1492; x_wconf 88' lang='lat' dir='ltr'>qui</span> <span class='ocrx_word' id='word_1_601' title='bbox 1199 1448 1411 1492; x_wconf 86' lang='lat' dir='ltr'>loquebatur.</span> <span class='ocrx_word' id='word_1_602' title='bbox 1445 1448 1554 1485; x_wconf 90' lang='lat' dir='ltr'>Unde</span> <span class='ocrx_word' id='word_1_603' title='bbox 1563 1459 1642 1484; x_wconf 86' lang='lat' dir='ltr'>eum</span> <span class='ocrx_word' id='word_1_604' title='bbox 1653 1448 1755 1485; x_wconf 87' lang='lat' dir='ltr'>modo</span> <span class='ocrx_word' id='word_1_605' title='bbox 1769 1461 1838 1485; x_wconf 87' lang='lat' dir='ltr'>non</span> <span class='ocrx_word' id='word_1_606' title='bbox 1851 1450 1978 1485; x_wconf 89' lang='lat' dir='ltr'>audivit</span> <span class='ocrx_word' id='word_1_607' title='bbox 1989 1472 1999 1489; x_wconf 87' lang='lat'>‚</span> <span class='ocrx_word' id='word_1_608' title='bbox 2026 1449 2080 1484; x_wconf 80' lang='lat' dir='ltr'>sed</span> 
     </span>
     <span class='ocr_line' id='line_1_90' title="bbox 1128 1498 2080 1544; baseline 0.001 -12"><span class='ocrx_word' id='word_1_609' title='bbox 1128 1500 1160 1532; x_wconf 76' lang='grc' dir='ltr'>ὅ(</span> <span class='ocrx_word' id='word_1_610' title='bbox 1173 1498 1455 1543; x_wconf 79' lang='lat' dir='ltr'>Archi-Episcopi</span> <span class='ocrx_word' id='word_1_611' title='bbox 1466 1524 1478 1539; x_wconf 92' lang='lat'>,</span> <span class='ocrx_word' id='word_1_612' title='bbox 1501 1500 1537 1534; x_wconf 70' lang='grc' dir='ltr'><em>ἃ</em></span> <span class='ocrx_word' id='word_1_613' title='bbox 1552 1499 1702 1535; x_wconf 79' lang='lat' dir='ltr'>Ecclefiae</span> <span class='ocrx_word' id='word_1_614' title='bbox 1714 1525 1725 1541; x_wconf 91' lang='lat'>,</span> <span class='ocrx_word' id='word_1_615' title='bbox 1736 1500 1791 1534; x_wconf 88' lang='lat' dir='ltr'>cui</span> <span class='ocrx_word' id='word_1_616' title='bbox 1804 1498 2080 1544; x_wconf 82' lang='lat' dir='ltr'>praesidebat‚juris</span> 
     </span>
     <span class='ocr_line' id='line_1_91' title="bbox 1128 1548 2083 1592; baseline 0.002 -11"><span class='ocrx_word' id='word_1_617' title='bbox 1128 1549 1162 1581; x_wconf 72' lang='grc' dir='ltr'>ὅ(</span> <span class='ocrx_word' id='word_1_618' title='bbox 1189 1548 1363 1592; x_wconf 86' lang='lat' dir='ltr'>dignitatis</span> <span class='ocrx_word' id='word_1_619' title='bbox 1384 1549 1577 1592; x_wconf 85' lang='lat' dir='ltr'>providebat</span> <span class='ocrx_word' id='word_1_620' title='bbox 1597 1549 1833 1589; x_wconf 82' lang='lat' dir='ltr'>indemnitati,</span> <span class='ocrx_word' id='word_1_621' title='bbox 1859 1550 1941 1583; x_wconf 83' lang='lat' dir='ltr'>ficut</span> <span class='ocrx_word' id='word_1_622' title='bbox 1961 1549 1992 1583; x_wconf 92' lang='lat' dir='ltr'>ei</span> <span class='ocrx_word' id='word_1_623' title='bbox 2004 1558 2083 1583; x_wconf 85' lang='lat' dir='ltr'>ante</span> 
     </span>
     <span class='ocr_line' id='line_1_92' title="bbox 1129 1597 2081 1641; baseline 0.001 -10"><span class='ocrx_word' id='word_1_624' title='bbox 1129 1597 1268 1631; x_wconf 84' lang='lat' dir='ltr'>exilium</span> <span class='ocrx_word' id='word_1_625' title='bbox 1281 1598 1471 1641; x_wconf 87' lang='lat' dir='ltr'>promiserat</span> <span class='ocrx_word' id='word_1_626' title='bbox 1485 1597 1620 1633; x_wconf 85' lang='lat' dir='ltr'>dicens:</span> <span class='ocrx_word' id='word_1_627' title='bbox 1648 1600 1728 1632; x_wconf 66' lang='lat' dir='ltr'>sane*</span> <span class='ocrx_word' id='word_1_628' title='bbox 1747 1599 1952 1632; x_wconf 71' lang='lat' dir='ltr'>indubitanter</span> <span class='ocrx_word' id='word_1_629' title='bbox 1965 1600 2081 1632; x_wconf 80' lang='lat' dir='ltr'>eredere</span> 
     </span>
    </p>
   </div>
   <div class='ocr_carea' id='block_1_13' title="bbox 1110 1647 2081 1689">
    <p class='ocr_par' dir='ltr' id='par_1_16' title="bbox 1110 1647 2081 1689">
     <span class='ocr_line' id='line_1_93' title="bbox 1110 1647 2081 1689; baseline 0.002 -10"><span class='ocrx_word' id='word_1_630' title='bbox 1110 1656 1112 1658; x_wconf 89' lang='lat'>·</span> <span class='ocrx_word' id='word_1_631' title='bbox 1129 1647 1305 1680; x_wconf 73' lang='lat' dir='ltr'>revolamus</span> <span class='ocrx_word' id='word_1_632' title='bbox 1318 1670 1331 1686; x_wconf 88' lang='lat'>,</span> <span class='ocrx_word' id='word_1_633' title='bbox 1348 1649 1384 1680; x_wconf 69' lang='lat'><strong><em>&amp;</em></strong></span> <span class='ocrx_word' id='word_1_634' title='bbox 1392 1647 1517 1687; x_wconf 72' lang='lat' dir='ltr'>firmiter</span> <span class='ocrx_word' id='word_1_635' title='bbox 1541 1656 1642 1679; x_wconf 76' lang='lat' dir='ltr'>tenere</span> <span class='ocrx_word' id='word_1_636' title='bbox 1652 1670 1664 1686; x_wconf 95' lang='lat'>,</span> <span class='ocrx_word' id='word_1_637' title='bbox 1688 1648 1772 1688; x_wconf 78' lang='lat' dir='ltr'>quod</span> <span class='ocrx_word' id='word_1_638' title='bbox 1789 1650 1946 1689; x_wconf 65' lang='lat' dir='ltr'>nunqua‘m</span> <span class='ocrx_word' id='word_1_639' title='bbox 1969 1653 2001 1680; x_wconf 79' lang='lat' dir='ltr'>in</span> <span class='ocrx_word' id='word_1_640' title='bbox 2014 1654 2081 1681; x_wconf 74' lang='lat' dir='ltr'>ani·</span> 
     </span>
    </p>
   </div>
   <div class='ocr_carea' id='block_1_14' title="bbox 1123 1692 2084 2539">
    <p class='ocr_par' dir='ltr' id='par_1_17' title="bbox 1123 1692 2084 2539">
     <span class='ocr_line' id='line_1_94' title="bbox 1129 1692 2081 1736; baseline 0.006 -11"><span class='ocrx_word' id='word_1_641' title='bbox 1129 1705 1210 1726; x_wconf 84' lang='lat' dir='ltr'>mum</span> <span class='ocrx_word' id='word_1_642' title='bbox 1219 1718 1230 1734; x_wconf 88' lang='lat'>‚</span> <span class='ocrx_word' id='word_1_643' title='bbox 1258 1698 1320 1726; x_wconf 82' lang='lat' dir='ltr'>Deo</span> <span class='ocrx_word' id='word_1_644' title='bbox 1330 1695 1446 1726; x_wconf 75' lang='lat' dir='ltr'>volente</span> <span class='ocrx_word' id='word_1_645' title='bbox 1458 1692 1617 1735; x_wconf 82' lang='lat' dir='ltr'>descendet</span> <span class='ocrx_word' id='word_1_646' title='bbox 1625 1718 1638 1734; x_wconf 90' lang='lat'>‚</span> <span class='ocrx_word' id='word_1_647' title='bbox 1663 1703 1698 1727; x_wconf 83' lang='lat' dir='ltr'>ut</span> <span class='ocrx_word' id='word_1_648' title='bbox 1708 1703 1739 1727; x_wconf 86' lang='lat' dir='ltr'>te</span> <span class='ocrx_word' id='word_1_649' title='bbox 1751 1696 1804 1728; x_wconf 81' lang='lat' dir='ltr'>vel</span> <span class='ocrx_word' id='word_1_650' title='bbox 1824 1695 1982 1736; x_wconf 79' lang='lat' dir='ltr'>Ecclefiam</span> <span class='ocrx_word' id='word_1_651' title='bbox 1995 1706 2081 1731; x_wconf 79' lang='lat' dir='ltr'>tuam</span> 
     </span>
     <span class='ocr_line' id='line_1_95' title="bbox 1127 1740 2080 1789; baseline 0.006 -15"><span class='ocrx_word' id='word_1_652' title='bbox 1127 1745 1218 1774; x_wconf 71' lang='lat' dir='ltr'>alicui</span> <span class='ocrx_word' id='word_1_653' title='bbox 1231 1740 1373 1784; x_wconf 67' lang='lat' dir='ltr'>Persona</span> <span class='ocrx_word' id='word_1_654' title='bbox 1383 1767 1394 1783; x_wconf 93' lang='lat'>‚</span> <span class='ocrx_word' id='word_1_655' title='bbox 1423 1743 1551 1776; x_wconf 71' lang='lat' dir='ltr'>velimus</span> <span class='ocrx_word' id='word_1_656' title='bbox 1561 1748 1595 1776; x_wconf 77' lang='lat' dir='ltr'>in</span> <span class='ocrx_word' id='word_1_657' title='bbox 1609 1742 1927 1789; x_wconf 70' lang='lat' dir='ltr'>Ecclesiasticrssubeffe</span> <span class='ocrx_word' id='word_1_658' title='bbox 1939 1770 1949 1786; x_wconf 90' lang='lat'>,</span> <span class='ocrx_word' id='word_1_659' title='bbox 1962 1757 2014 1780; x_wconf 87' lang='lat' dir='ltr'>nec</span> <span class='ocrx_word' id='word_1_660' title='bbox 2026 1752 2080 1780; x_wconf 82' lang='lat' dir='ltr'>ni-</span> 
     </span>
     <span class='ocr_line' id='line_1_96' title="bbox 1123 1789 2084 1840; baseline 0.008 -16"><span class='ocrx_word' id='word_1_661' title='bbox 1123 1789 1150 1832; x_wconf 78' lang='lat' dir='ltr'><em>fi</em></span> <span class='ocrx_word' id='word_1_662' title='bbox 1158 1793 1279 1825; x_wconf 68' lang='lat' dir='ltr'>tantiam</span> <span class='ocrx_word' id='word_1_663' title='bbox 1290 1795 1424 1826; x_wconf 84' lang='lat' dir='ltr'>Romano</span> <span class='ocrx_word' id='word_1_664' title='bbox 1434 1793 1573 1835; x_wconf 70' lang='lat' dir='ltr'>Ponrlfica&#39;</span> <span class='ocrx_word' id='word_1_665' title='bbox 1595 1793 1731 1827; x_wconf 78' lang='lat' dir='ltr'>obedire.</span> <span class='ocrx_word' id='word_1_666' title='bbox 1759 1794 1850 1829; x_wconf 86' lang='lat' dir='ltr'>Nam</span> <span class='ocrx_word' id='word_1_667' title='bbox 1874 1797 1951 1840; x_wconf 90' lang='lat' dir='ltr'>quia</span> <span class='ocrx_word' id='word_1_668' title='bbox 1971 1796 2084 1831; x_wconf 87' lang='lat' dir='ltr'>audie-</span> 
     </span>
     <span class='ocr_line' id='line_1_97' title="bbox 1127 1841 2081 1888; baseline 0.007 -13"><span class='ocrx_word' id='word_1_669' title='bbox 1127 1852 1175 1876; x_wconf 87' lang='lat' dir='ltr'>rat</span> <span class='ocrx_word' id='word_1_670' title='bbox 1190 1841 1428 1878; x_wconf 86' lang='lat' dir='ltr'>Eboracensem</span> <span class='ocrx_word' id='word_1_671' title='bbox 1440 1843 1763 1888; x_wconf 85' lang='lat' dir='ltr'>Archi-Episcopum</span> <span class='ocrx_word' id='word_1_672' title='bbox 1776 1844 1919 1880; x_wconf 85' lang='lat' dir='ltr'>Crucem</span> <span class='ocrx_word' id='word_1_673' title='bbox 1942 1846 2031 1882; x_wconf 91' lang='lat' dir='ltr'>suam</span> <span class='ocrx_word' id='word_1_674' title='bbox 2044 1847 2081 1881; x_wconf 85' lang='lat' dir='ltr'>in</span> 
     </span>
     <span class='ocr_line' id='line_1_98' title="bbox 1128 1891 2082 1936; baseline 0.007 -11"><span class='ocrx_word' id='word_1_675' title='bbox 1128 1891 1237 1936; x_wconf 85' lang='lat' dir='ltr'>stipite</span> <span class='ocrx_word' id='word_1_676' title='bbox 1246 1893 1401 1928; x_wconf 86' lang='lat' dir='ltr'>elationis</span> <span class='ocrx_word' id='word_1_677' title='bbox 1422 1895 1574 1929; x_wconf 69' lang='lat' dir='ltr'>extulisse</span> <span class='ocrx_word' id='word_1_678' title='bbox 1584 1919 1595 1935; x_wconf 90' lang='lat'>,</span> <span class='ocrx_word' id='word_1_679' title='bbox 1621 1895 1656 1928; x_wconf 77' lang='grc' dir='ltr'>ἀ</span> <span class='ocrx_word' id='word_1_680' title='bbox 1677 1905 1792 1928; x_wconf 89' lang='lat' dir='ltr'>contra</span> <span class='ocrx_word' id='word_1_681' title='bbox 1805 1896 2082 1932; x_wconf 84' lang='lat' dir='ltr'>consuetudinem</span> 
     </span>
     <span class='ocr_line' id='line_1_99' title="bbox 1129 1943 2080 1989; baseline 0.006 -13"><span class='ocrx_word' id='word_1_682' title='bbox 1129 1953 1184 1986; x_wconf 85' lang='lat' dir='ltr'>per</span> <span class='ocrx_word' id='word_1_683' title='bbox 1207 1943 1420 1979; x_wconf 86' lang='lat' dir='ltr'>Provinciam</span> <span class='ocrx_word' id='word_1_684' title='bbox 1443 1944 1712 1979; x_wconf 89' lang='lat' dir='ltr'>Cantuariensem</span> <span class='ocrx_word' id='word_1_685' title='bbox 1734 1945 1860 1980; x_wconf 79' lang='lat' dir='ltr'>deferre</span> <span class='ocrx_word' id='word_1_686' title='bbox 1872 1968 1883 1985; x_wconf 88' lang='lat'>,</span> <span class='ocrx_word' id='word_1_687' title='bbox 1909 1945 2080 1989; x_wconf 85' lang='lat' dir='ltr'>prohibuit</span> 
     </span>
     <span class='ocr_line' id='line_1_100' title="bbox 1129 1993 2081 2041; baseline 0.004 -15"><span class='ocrx_word' id='word_1_688' title='bbox 1129 2004 1171 2027; x_wconf 87' lang='lat' dir='ltr'>ne</span> <span class='ocrx_word' id='word_1_689' title='bbox 1184 1993 1216 2027; x_wconf 91' lang='lat' dir='ltr'>id</span> <span class='ocrx_word' id='word_1_690' title='bbox 1228 1993 1270 2028; x_wconf 89' lang='lat' dir='ltr'>de</span> <span class='ocrx_word' id='word_1_691' title='bbox 1280 2005 1394 2029; x_wconf 83' lang='lat' dir='ltr'>caetero</span> <span class='ocrx_word' id='word_1_692' title='bbox 1417 1996 1524 2029; x_wconf 88' lang='lat' dir='ltr'>facere</span> <span class='ocrx_word' id='word_1_693' title='bbox 1543 1995 1763 2038; x_wconf 86' lang='lat' dir='ltr'>praesumeret.</span> <span class='ocrx_word' id='word_1_694' title='bbox 1793 1995 2081 2041; x_wconf 81' lang='lat' dir='ltr'>Eboracenfisigi-</span> 
     </span>
     <span class='ocr_line' id='line_1_101' title="bbox 1129 2043 2082 2088; baseline 0.004 -12"><span class='ocrx_word' id='word_1_695' title='bbox 1129 2052 1181 2076; x_wconf 88' lang='lat' dir='ltr'>tur</span> <span class='ocrx_word' id='word_1_696' title='bbox 1189 2043 1208 2076; x_wconf 76' lang='lat' dir='ltr'>a</span> <span class='ocrx_word' id='word_1_697' title='bbox 1222 2045 1414 2079; x_wconf 88' lang='lat' dir='ltr'>temeritatis</span> <span class='ocrx_word' id='word_1_698' title='bbox 1425 2046 1503 2079; x_wconf 87' lang='lat' dir='ltr'>ausu</span> <span class='ocrx_word' id='word_1_699' title='bbox 1515 2043 1701 2088; x_wconf 86' lang='lat' dir='ltr'>prohibitus</span> <span class='ocrx_word' id='word_1_700' title='bbox 1711 2070 1721 2085; x_wconf 92' lang='lat'><em>‚</em></span> <span class='ocrx_word' id='word_1_701' title='bbox 1730 2044 1765 2078; x_wconf 90' lang='lat'>&amp;</span> <span class='ocrx_word' id='word_1_702' title='bbox 1779 2045 1814 2078; x_wconf 91' lang='lat' dir='ltr'>in</span> <span class='ocrx_word' id='word_1_703' title='bbox 1824 2045 1933 2079; x_wconf 87' lang='lat' dir='ltr'>Cruee</span> <span class='ocrx_word' id='word_1_704' title='bbox 1945 2046 1998 2079; x_wconf 86' lang='lat' dir='ltr'>sua</span> <span class='ocrx_word' id='word_1_705' title='bbox 2010 2057 2082 2080; x_wconf 89' lang='lat' dir='ltr'>cru-</span> 
     </span>
     <span class='ocr_line' id='line_1_102' title="bbox 1130 2093 2081 2138; baseline 0.005 -13"><span class='ocrx_word' id='word_1_706' title='bbox 1130 2094 1232 2127; x_wconf 86' lang='lat' dir='ltr'>ciatus</span> <span class='ocrx_word' id='word_1_707' title='bbox 1242 2117 1253 2133; x_wconf 87' lang='lat'>,</span> <span class='ocrx_word' id='word_1_708' title='bbox 1278 2095 1442 2129; x_wconf 74' lang='lat' dir='ltr'>aflociatis</span> <span class='ocrx_word' id='word_1_709' title='bbox 1452 2095 1509 2128; x_wconf 84' lang='lat' dir='ltr'>sibi</span> <span class='ocrx_word' id='word_1_710' title='bbox 1522 2093 1746 2129; x_wconf 87' lang='lat' dir='ltr'>Londonienfi</span> <span class='ocrx_word' id='word_1_711' title='bbox 1761 2119 1772 2135; x_wconf 90' lang='lat'>,</span> <span class='ocrx_word' id='word_1_712' title='bbox 1795 2093 1830 2128; x_wconf 90' lang='lat'>&amp;</span> <span class='ocrx_word' id='word_1_713' title='bbox 1841 2094 2081 2138; x_wconf 76' lang='lat' dir='ltr'>saresberiensi,</span> 
     </span>
     <span class='ocr_line' id='line_1_103' title="bbox 1130 2142 2079 2189; baseline 0.004 -13"><span class='ocrx_word' id='word_1_714' title='bbox 1130 2142 1194 2176; x_wconf 73' lang='lat' dir='ltr'>una</span> <span class='ocrx_word' id='word_1_715' title='bbox 1205 2154 1280 2177; x_wconf 90' lang='lat' dir='ltr'>cum</span> <span class='ocrx_word' id='word_1_716' title='bbox 1294 2144 1463 2189; x_wconf 86' lang='lat' dir='ltr'>Episcopis</span> <span class='ocrx_word' id='word_1_717' title='bbox 1476 2144 1609 2189; x_wconf 80' lang='lat' dir='ltr'>Angliae</span> <span class='ocrx_word' id='word_1_718' title='bbox 1620 2146 1830 2189; x_wconf 85' lang='lat' dir='ltr'>congregatis</span> <span class='ocrx_word' id='word_1_719' title='bbox 1842 2170 1853 2185; x_wconf 90' lang='lat'>‚</span> <span class='ocrx_word' id='word_1_720' title='bbox 1867 2146 1945 2179; x_wconf 85' lang='lat' dir='ltr'>ficut</span> <span class='ocrx_word' id='word_1_721' title='bbox 1956 2145 2079 2181; x_wconf 63' lang='lat' dir='ltr'>dictum</span> 
     </span>
     <span class='ocr_line' id='line_1_104' title="bbox 1127 2193 2080 2240; baseline 0.005 -15"><span class='ocrx_word' id='word_1_722' title='bbox 1127 2193 1173 2226; x_wconf 90' lang='lat' dir='ltr'>est</span> <span class='ocrx_word' id='word_1_723' title='bbox 1188 2217 1199 2233; x_wconf 93' lang='lat'>,</span> <span class='ocrx_word' id='word_1_724' title='bbox 1225 2194 1399 2237; x_wconf 86' lang='lat' dir='ltr'>appellavit</span> <span class='ocrx_word' id='word_1_725' title='bbox 1423 2195 1574 2229; x_wconf 81' lang='lat' dir='ltr'>adversus</span> <span class='ocrx_word' id='word_1_726' title='bbox 1586 2195 1856 2230; x_wconf 78' lang='lat' dir='ltr'>cantuariensem</span> <span class='ocrx_word' id='word_1_727' title='bbox 1868 2219 1879 2236; x_wconf 93' lang='lat'>,</span> <span class='ocrx_word' id='word_1_728' title='bbox 1909 2196 2080 2240; x_wconf 87' lang='lat' dir='ltr'>scriptam-</span> 
     </span>
     <span class='ocr_line' id='line_1_105' title="bbox 1127 2243 2082 2289; baseline 0.003 -13"><span class='ocrx_word' id='word_1_729' title='bbox 1127 2254 1192 2285; x_wconf 90' lang='lat' dir='ltr'>que</span> <span class='ocrx_word' id='word_1_730' title='bbox 1202 2243 1230 2277; x_wconf 90' lang='lat' dir='ltr'>ei</span> <span class='ocrx_word' id='word_1_731' title='bbox 1243 2245 1499 2288; x_wconf 87' lang='lat' dir='ltr'>appellationem</span> <span class='ocrx_word' id='word_1_732' title='bbox 1511 2269 1522 2285; x_wconf 86' lang='lat'>,</span> <span class='ocrx_word' id='word_1_733' title='bbox 1546 2245 1581 2278; x_wconf 77' lang='grc' dir='ltr'>δε</span> <span class='ocrx_word' id='word_1_734' title='bbox 1592 2245 1823 2289; x_wconf 85' lang='lat' dir='ltr'>appellationis</span> <span class='ocrx_word' id='word_1_735' title='bbox 1842 2246 2019 2280; x_wconf 88' lang='lat' dir='ltr'>terminum</span> <span class='ocrx_word' id='word_1_736' title='bbox 2032 2247 2082 2280; x_wconf 89' lang='lat' dir='ltr'>in-</span> 
     </span>
     <span class='ocr_line' id='line_1_106' title="bbox 1130 2293 2082 2338; baseline 0.003 -11"><span class='ocrx_word' id='word_1_737' title='bbox 1130 2294 1241 2328; x_wconf 88' lang='lat' dir='ltr'>notuit</span> <span class='ocrx_word' id='word_1_738' title='bbox 1254 2320 1262 2328; x_wconf 92' lang='lat'><strong><em>.</em></strong></span> <span class='ocrx_word' id='word_1_739' title='bbox 1289 2296 1350 2330; x_wconf 85' lang='lat' dir='ltr'>Ille</span> <span class='ocrx_word' id='word_1_740' title='bbox 1363 2293 1485 2329; x_wconf 79' lang='lat' dir='ltr'>veroin</span> <span class='ocrx_word' id='word_1_741' title='bbox 1498 2296 1591 2329; x_wconf 88' lang='lat' dir='ltr'>omni</span> <span class='ocrx_word' id='word_1_742' title='bbox 1605 2296 1763 2338; x_wconf 85' lang='lat' dir='ltr'>patientia</span> <span class='ocrx_word' id='word_1_743' title='bbox 1784 2297 1816 2330; x_wconf 71' lang='grc' dir='ltr'>ὃ(</span> <span class='ocrx_word' id='word_1_744' title='bbox 1829 2296 2082 2331; x_wconf 89' lang='lat' dir='ltr'>mansuetudine</span> 
     </span>
     <span class='ocr_line' id='line_1_107' title="bbox 1130 2343 2082 2390; baseline 0.003 -13"><span class='ocrx_word' id='word_1_745' title='bbox 1130 2343 1304 2379; x_wconf 87' lang='lat' dir='ltr'>rescribens</span> <span class='ocrx_word' id='word_1_746' title='bbox 1314 2369 1324 2384; x_wconf 95' lang='lat'>,</span> <span class='ocrx_word' id='word_1_747' title='bbox 1349 2346 1384 2379; x_wconf 73' lang='grc' dir='ltr'>δε</span> <span class='ocrx_word' id='word_1_748' title='bbox 1406 2346 1576 2389; x_wconf 84' lang='lat' dir='ltr'>increpans</span> <span class='ocrx_word' id='word_1_749' title='bbox 1588 2370 1599 2385; x_wconf 89' lang='lat'>,</span> <span class='ocrx_word' id='word_1_750' title='bbox 1622 2346 1658 2379; x_wconf 87' lang='lat'>&amp;</span> <span class='ocrx_word' id='word_1_751' title='bbox 1686 2345 1864 2390; x_wconf 81' lang='lat' dir='ltr'>objurgans</span> <span class='ocrx_word' id='word_1_752' title='bbox 1882 2348 2011 2380; x_wconf 86' lang='lat' dir='ltr'>animos</span> <span class='ocrx_word' id='word_1_753' title='bbox 2031 2347 2082 2380; x_wconf 92' lang='lat' dir='ltr'>in-</span> 
     </span>
     <span class='ocr_line' id='line_1_108' title="bbox 1129 2394 2079 2440; baseline 0.003 -13"><span class='ocrx_word' id='word_1_754' title='bbox 1129 2395 1259 2435; x_wconf 89' lang='lat' dir='ltr'>quietos</span> <span class='ocrx_word' id='word_1_755' title='bbox 1271 2420 1281 2435; x_wconf 91' lang='lat'>,</span> <span class='ocrx_word' id='word_1_756' title='bbox 1308 2394 1348 2429; x_wconf 85' lang='lat' dir='ltr'>ad</span> <span class='ocrx_word' id='word_1_757' title='bbox 1377 2395 1606 2430; x_wconf 81' lang='lat' dir='ltr'>Ecclesiasticae</span> <span class='ocrx_word' id='word_1_758' title='bbox 1623 2397 1710 2438; x_wconf 90' lang='lat' dir='ltr'>pacis</span> <span class='ocrx_word' id='word_1_759' title='bbox 1722 2398 1881 2430; x_wconf 88' lang='lat' dir='ltr'>unitatem</span> <span class='ocrx_word' id='word_1_760' title='bbox 1894 2407 2079 2440; x_wconf 87' lang='lat' dir='ltr'>retorquere</span> 
     </span>
     <span class='ocr_line' id='line_1_109' title="bbox 1128 2444 2079 2491; baseline 0.004 -14"><span class='ocrx_word' id='word_1_761' title='bbox 1128 2444 1243 2478; x_wconf 83' lang='lat' dir='ltr'>frustra</span> <span class='ocrx_word' id='word_1_762' title='bbox 1265 2446 1431 2491; x_wconf 88' lang='lat' dir='ltr'>satagebat</span> <span class='ocrx_word' id='word_1_763' title='bbox 1451 2471 1458 2479; x_wconf 92' lang='lat'>.</span> <span class='ocrx_word' id='word_1_764' title='bbox 1488 2445 1678 2489; x_wconf 88' lang='lat' dir='ltr'>Oportebat</span> <span class='ocrx_word' id='word_1_765' title='bbox 1704 2447 1794 2479; x_wconf 89' lang='lat' dir='ltr'>enim</span> <span class='ocrx_word' id='word_1_766' title='bbox 1818 2446 1884 2488; x_wconf 86' lang='lat' dir='ltr'>pati</span> <span class='ocrx_word' id='word_1_767' title='bbox 1910 2444 2079 2481; x_wconf 87' lang='lat' dir='ltr'>Christum</span> 
     </span>
     <span class='ocr_line' id='line_1_110' title="bbox 1130 2495 1979 2539; baseline -0.002 -9"><span class='ocrx_word' id='word_1_768' title='bbox 1130 2495 1241 2530; x_wconf 89' lang='lat' dir='ltr'>Deum</span> <span class='ocrx_word' id='word_1_769' title='bbox 1254 2520 1266 2537; x_wconf 92' lang='lat'>,</span> <span class='ocrx_word' id='word_1_770' title='bbox 1289 2497 1524 2539; x_wconf 84' lang='lat' dir='ltr'>&amp;iniquitates</span> <span class='ocrx_word' id='word_1_771' title='bbox 1537 2495 1785 2530; x_wconf 86' lang='lat' dir='ltr'>amorrheorum</span> <span class='ocrx_word' id='word_1_772' title='bbox 1799 2495 1959 2539; x_wconf 88' lang='lat' dir='ltr'>completi</span> <span class='ocrx_word' id='word_1_773' title='bbox 1971 2520 1979 2528; x_wconf 92' lang='lat'>.</span> 
     </span>
    </p>
   </div>
   <div class='ocr_carea' id='block_1_15' title="bbox 1291 2593 1921 2634">
    <p class='ocr_par' dir='ltr' id='par_1_18' title="bbox 1291 2593 1921 2634">
     <span class='ocr_line' id='line_1_111' title="bbox 1291 2593 1921 2634; baseline -0.005 -4"><span class='ocrx_word' id='word_1_774' title='bbox 1291 2594 1668 2634; x_wconf 71' lang='lat' dir='ltr'><strong>CAPUT:</strong></span> <span class='ocrx_word' id='word_1_775' title='bbox 1777 2593 1921 2628; x_wconf 84' lang='lat' dir='ltr'>XXII.</span> 
     </span>
    </p>
   </div>
   <div class='ocr_carea' id='block_1_16' title="bbox 1310 2696 1882 2740">
    <p class='ocr_par' dir='ltr' id='par_1_19' title="bbox 1310 2696 1882 2740">
     <span class='ocr_line' id='line_1_112' title="bbox 1310 2696 1882 2740; baseline 0.002 -13"><span class='ocrx_word' id='word_1_776' title='bbox 1310 2697 1356 2730; x_wconf 90' lang='lat' dir='ltr'>De</span> <span class='ocrx_word' id='word_1_777' title='bbox 1369 2699 1493 2740; x_wconf 74' lang='lat' dir='ltr'>Legum</span> <span class='ocrx_word' id='word_1_778' title='bbox 1506 2696 1591 2736; x_wconf 76' lang='lat' dir='ltr'>miffis</span> <span class='ocrx_word' id='word_1_779' title='bbox 1599 2697 1620 2728; x_wconf 80' lang='grc' dir='ltr'><em>ἃ</em></span> <span class='ocrx_word' id='word_1_780' title='bbox 1632 2697 1758 2729; x_wconf 75' lang='lat' dir='ltr'>Domino</span> <span class='ocrx_word' id='word_1_781' title='bbox 1776 2696 1863 2737; x_wconf 85' lang='lat' dir='ltr'>Papa</span> <span class='ocrx_word' id='word_1_782' title='bbox 1874 2720 1882 2728; x_wconf 93' lang='lat'>.</span> 
     </span>
    </p>
   </div>
   <div class='ocr_carea' id='block_1_17' title="bbox 1121 2795 2079 3442">
    <p class='ocr_par' dir='ltr' id='par_1_20' title="bbox 1172 2795 2079 2942">
     <span class='ocr_line' id='line_1_113' title="bbox 1172 2795 2079 2841; baseline -0.001 -8"><span class='ocrx_word' id='word_1_783' title='bbox 1172 2795 1378 2833; x_wconf 79' lang='lat' dir='ltr'>NTEREA</span> <span class='ocrx_word' id='word_1_784' title='bbox 1399 2796 1441 2832; x_wconf 85' lang='lat' dir='ltr'>ad</span> <span class='ocrx_word' id='word_1_785' title='bbox 1459 2796 1650 2832; x_wconf 87' lang='lat' dir='ltr'>instantiam</span> <span class='ocrx_word' id='word_1_786' title='bbox 1675 2796 1778 2841; x_wconf 87' lang='lat' dir='ltr'>Regis</span> <span class='ocrx_word' id='word_1_787' title='bbox 1798 2795 1881 2830; x_wconf 84' lang='lat' dir='ltr'>miffi</span> <span class='ocrx_word' id='word_1_788' title='bbox 1895 2796 1996 2831; x_wconf 74' lang='lat' dir='ltr'>sunta</span> <span class='ocrx_word' id='word_1_789' title='bbox 2009 2795 2079 2832; x_wconf 89' lang='lat' dir='ltr'>Ro-</span> 
     </span>
     <span class='ocr_line' id='line_1_114' title="bbox 1196 2846 2076 2893; baseline -0.001 -11"><span class='ocrx_word' id='word_1_790' title='bbox 1196 2859 1295 2882; x_wconf 79' lang='lat' dir='ltr'>mano</span> <span class='ocrx_word' id='word_1_791' title='bbox 1309 2847 1470 2882; x_wconf 85' lang='lat' dir='ltr'>Pontifice</span> <span class='ocrx_word' id='word_1_792' title='bbox 1482 2846 1604 2892; x_wconf 85' lang='lat' dir='ltr'>Legati</span> <span class='ocrx_word' id='word_1_793' title='bbox 1625 2846 1693 2881; x_wconf 88' lang='lat' dir='ltr'>duo</span> <span class='ocrx_word' id='word_1_794' title='bbox 1708 2871 1717 2879; x_wconf 87' lang='lat'><strong>.</strong></span> <span class='ocrx_word' id='word_1_795' title='bbox 1747 2847 1901 2893; x_wconf 77' lang='lat' dir='ltr'>Quorum</span> <span class='ocrx_word' id='word_1_796' title='bbox 1915 2857 1998 2880; x_wconf 82' lang='lat' dir='ltr'>unus</span> <span class='ocrx_word' id='word_1_797' title='bbox 2008 2857 2076 2881; x_wconf 87' lang='lat' dir='ltr'>erat</span> 
     </span>
     <span class='ocr_line' id='line_1_115' title="bbox 1197 2896 2078 2942; baseline 0.002 -14"><span class='ocrx_word' id='word_1_798' title='bbox 1197 2897 1397 2932; x_wconf 82' lang='lat' dir='ltr'>Wilhelmus</span> <span class='ocrx_word' id='word_1_799' title='bbox 1407 2897 1576 2940; x_wconf 79' lang='lat' dir='ltr'>Presbyter</span> <span class='ocrx_word' id='word_1_800' title='bbox 1588 2896 1774 2931; x_wconf 83' lang='lat' dir='ltr'>Cardinalis</span> <span class='ocrx_word' id='word_1_801' title='bbox 1786 2922 1797 2937; x_wconf 93' lang='lat'>,</span> <span class='ocrx_word' id='word_1_802' title='bbox 1813 2898 1916 2942; x_wconf 88' lang='lat' dir='ltr'>Regis</span> <span class='ocrx_word' id='word_1_803' title='bbox 1927 2898 2078 2931; x_wconf 81' lang='lat' dir='ltr'>amicissi-</span> 
     </span>
    </p>

    <p class='ocr_par' dir='ltr' id='par_1_21' title="bbox 1121 2946 2076 3442">
     <span class='ocr_line' id='line_1_116' title="bbox 1126 2946 2075 2992; baseline -0.004 -9"><span class='ocrx_word' id='word_1_804' title='bbox 1126 2960 1219 2988; x_wconf 85' lang='lat' dir='ltr'>mus,</span> <span class='ocrx_word' id='word_1_805' title='bbox 1244 2949 1324 2992; x_wconf 89' lang='lat' dir='ltr'>qui,</span> <span class='ocrx_word' id='word_1_806' title='bbox 1349 2948 1430 2982; x_wconf 87' lang='lat' dir='ltr'>ficut</span> <span class='ocrx_word' id='word_1_807' title='bbox 1446 2948 1512 2991; x_wconf 88' lang='lat' dir='ltr'>ipse</span> <span class='ocrx_word' id='word_1_808' title='bbox 1521 2946 1823 2991; x_wconf 85' lang='lat' dir='ltr'>Archi-Episcopus</span> <span class='ocrx_word' id='word_1_809' title='bbox 1843 2948 1884 2982; x_wconf 82' lang='lat' dir='ltr'>de</span> <span class='ocrx_word' id='word_1_810' title='bbox 1904 2959 1946 2982; x_wconf 86' lang='lat' dir='ltr'>eo</span> <span class='ocrx_word' id='word_1_811' title='bbox 1956 2947 2036 2981; x_wconf 81' lang='lat' dir='ltr'>dicit</span> <span class='ocrx_word' id='word_1_812' title='bbox 2062 2971 2075 2987; x_wconf 88' lang='lat'>,</span> 
     </span>
     <span class='ocr_line' id='line_1_117' title="bbox 1128 2997 2076 3043; baseline -0.005 -9"><span class='ocrx_word' id='word_1_813' title='bbox 1128 3000 1236 3043; x_wconf 79' lang='lat' dir='ltr'>potius</span> <span class='ocrx_word' id='word_1_814' title='bbox 1247 2998 1346 3043; x_wconf 88' lang='lat' dir='ltr'>elegit</span> <span class='ocrx_word' id='word_1_815' title='bbox 1355 2998 1420 3033; x_wconf 69' lang='lat' dir='ltr'>esse</span> <span class='ocrx_word' id='word_1_816' title='bbox 1441 2998 1613 3032; x_wconf 89' lang='lat' dir='ltr'>malleator</span> <span class='ocrx_word' id='word_1_817' title='bbox 1626 2997 1831 3032; x_wconf 88' lang='lat' dir='ltr'>Clericorurn</span> <span class='ocrx_word' id='word_1_818' title='bbox 1842 3022 1853 3039; x_wconf 90' lang='lat'><em>‚</em></span> <span class='ocrx_word' id='word_1_819' title='bbox 1865 2997 2076 3040; x_wconf 83' lang='lat' dir='ltr'>Principibus</span> 
     </span>
     <span class='ocr_line' id='line_1_118' title="bbox 1125 3047 2075 3092; baseline -0.006 -7"><span class='ocrx_word' id='word_1_820' title='bbox 1125 3050 1337 3092; x_wconf 87' lang='lat' dir='ltr'>obsequendo</span> <span class='ocrx_word' id='word_1_821' title='bbox 1348 3072 1358 3087; x_wconf 94' lang='lat'>,</span> <span class='ocrx_word' id='word_1_822' title='bbox 1381 3047 1483 3092; x_wconf 74' lang='lat' dir='ltr'>quam</span> <span class='ocrx_word' id='word_1_823' title='bbox 1496 3048 1628 3092; x_wconf 88' lang='lat' dir='ltr'>Regum</span> <span class='ocrx_word' id='word_1_824' title='bbox 1650 3047 1834 3082; x_wconf 75' lang='lat' dir='ltr'>offensione</span> <span class='ocrx_word' id='word_1_825' title='bbox 1843 3048 1992 3082; x_wconf 81' lang='lat' dir='ltr'>divinam</span> <span class='ocrx_word' id='word_1_826' title='bbox 2005 3058 2075 3091; x_wconf 86' lang='lat' dir='ltr'>gra·</span> 
     </span>
     <span class='ocr_line' id='line_1_119' title="bbox 1124 3097 2074 3144; baseline -0.005 -10"><span class='ocrx_word' id='word_1_827' title='bbox 1124 3102 1206 3135; x_wconf 85' lang='lat' dir='ltr'>tiam</span> <span class='ocrx_word' id='word_1_828' title='bbox 1220 3099 1471 3144; x_wconf 86' lang='lat' dir='ltr'>consequendo.</span> <span class='ocrx_word' id='word_1_829' title='bbox 1502 3098 1600 3132; x_wconf 82' lang='lat' dir='ltr'>Alter</span> <span class='ocrx_word' id='word_1_830' title='bbox 1615 3099 1787 3132; x_wconf 87' lang='lat' dir='ltr'>Diaconus</span> <span class='ocrx_word' id='word_1_831' title='bbox 1812 3098 1999 3133; x_wconf 87' lang='lat' dir='ltr'>Cardinalis</span> <span class='ocrx_word' id='word_1_832' title='bbox 2012 3097 2074 3130; x_wconf 89' lang='lat' dir='ltr'>Ot-</span> 
     </span>
     <span class='ocr_line' id='line_1_120' title="bbox 1123 3146 2073 3193; baseline -0.007 -8"><span class='ocrx_word' id='word_1_833' title='bbox 1123 3162 1160 3186; x_wconf 89' lang='lat' dir='ltr'>to</span> <span class='ocrx_word' id='word_1_834' title='bbox 1175 3159 1397 3193; x_wconf 86' lang='lat' dir='ltr'>nuncupatus.</span> <span class='ocrx_word' id='word_1_835' title='bbox 1427 3149 1470 3182; x_wconf 85' lang='lat' dir='ltr'>Et</span> <span class='ocrx_word' id='word_1_836' title='bbox 1481 3149 1553 3192; x_wconf 89' lang='lat' dir='ltr'>plus</span> <span class='ocrx_word' id='word_1_837' title='bbox 1564 3148 1705 3183; x_wconf 80' lang='lat' dir='ltr'>avaritiae</span> <span class='ocrx_word' id='word_1_838' title='bbox 1724 3147 1822 3192; x_wconf 74' lang='lat' dir='ltr'>quam</span> <span class='ocrx_word' id='word_1_839' title='bbox 1845 3147 1980 3191; x_wconf 72' lang='lat' dir='ltr'>Iustitiae</span> <span class='ocrx_word' id='word_1_840' title='bbox 2009 3146 2073 3179; x_wconf 88' lang='lat' dir='ltr'>stu-</span> 
     </span>
     <span class='ocr_line' id='line_1_121' title="bbox 1121 3195 2073 3243; baseline -0.009 -7"><span class='ocrx_word' id='word_1_841' title='bbox 1121 3201 1205 3236; x_wconf 85' lang='lat' dir='ltr'>diosi</span> <span class='ocrx_word' id='word_1_842' title='bbox 1218 3225 1228 3241; x_wconf 88' lang='lat'>,</span> <span class='ocrx_word' id='word_1_843' title='bbox 1255 3201 1289 3234; x_wconf 85' lang='lat'>&amp;</span> <span class='ocrx_word' id='word_1_844' title='bbox 1300 3199 1358 3233; x_wconf 89' lang='lat' dir='ltr'>nifi</span> <span class='ocrx_word' id='word_1_845' title='bbox 1370 3198 1597 3243; x_wconf 81' lang='lat' dir='ltr'>delegarentur</span> <span class='ocrx_word' id='word_1_846' title='bbox 1608 3199 1626 3232; x_wconf 78' lang='lat' dir='ltr'>a</span> <span class='ocrx_word' id='word_1_847' title='bbox 1646 3198 1797 3233; x_wconf 86' lang='lat' dir='ltr'>Domino</span> <span class='ocrx_word' id='word_1_848' title='bbox 1823 3198 1912 3241; x_wconf 79' lang='lat' dir='ltr'>Papa</span> <span class='ocrx_word' id='word_1_849' title='bbox 1925 3221 1935 3236; x_wconf 91' lang='lat'>,</span> <span class='ocrx_word' id='word_1_850' title='bbox 1962 3195 2073 3238; x_wconf 76' lang='lat' dir='ltr'>potius</span> 
     </span>
     <span class='ocr_line' id='line_1_122' title="bbox 1125 3248 2073 3295; baseline -0.009 -9"><span class='ocrx_word' id='word_1_851' title='bbox 1125 3251 1345 3295; x_wconf 88' lang='lat' dir='ltr'>relegatione,</span> <span class='ocrx_word' id='word_1_852' title='bbox 1379 3250 1478 3293; x_wconf 75' lang='lat' dir='ltr'>quam</span> <span class='ocrx_word' id='word_1_853' title='bbox 1500 3248 1686 3293; x_wconf 87' lang='lat' dir='ltr'>Legatione</span> <span class='ocrx_word' id='word_1_854' title='bbox 1709 3249 1804 3293; x_wconf 89' lang='lat' dir='ltr'>digni</span> <span class='ocrx_word' id='word_1_855' title='bbox 1818 3274 1825 3282; x_wconf 88' lang='lat'><strong>.</strong></span> <span class='ocrx_word' id='word_1_856' title='bbox 1865 3249 2073 3287; x_wconf 78' lang='lat' dir='ltr'>Acceperunt</span> 
     </span>
     <span class='ocr_line' id='line_1_123' title="bbox 1124 3294 2072 3344; baseline -0.009 -8"><span class='ocrx_word' id='word_1_857' title='bbox 1124 3312 1232 3336; x_wconf 88' lang='lat' dir='ltr'>autem</span> <span class='ocrx_word' id='word_1_858' title='bbox 1246 3300 1424 3344; x_wconf 84' lang='lat' dir='ltr'>plenariam</span> <span class='ocrx_word' id='word_1_859' title='bbox 1443 3297 1634 3342; x_wconf 88' lang='lat' dir='ltr'>potestatem</span> <span class='ocrx_word' id='word_1_860' title='bbox 1658 3297 1831 3333; x_wconf 82' lang='lat' dir='ltr'>decidendi</span> <span class='ocrx_word' id='word_1_861' title='bbox 1844 3294 2032 3338; x_wconf 69' lang='lat' dir='ltr'>quaestiones</span> <span class='ocrx_word' id='word_1_862' title='bbox 2059 3322 2072 3338; x_wconf 88' lang='lat'>,</span> 
     </span>
     <span class='ocr_line' id='line_1_124' title="bbox 1125 3345 2071 3395; baseline -0.01 -10"><span class='ocrx_word' id='word_1_863' title='bbox 1125 3363 1194 3395; x_wconf 88' lang='lat' dir='ltr'>quae</span> <span class='ocrx_word' id='word_1_864' title='bbox 1206 3349 1413 3384; x_wconf 83' lang='lat' dir='ltr'>vertebantur</span> <span class='ocrx_word' id='word_1_865' title='bbox 1435 3349 1519 3383; x_wconf 90' lang='lat' dir='ltr'>inter</span> <span class='ocrx_word' id='word_1_866' title='bbox 1529 3349 1656 3393; x_wconf 88' lang='lat' dir='ltr'>Regem</span> <span class='ocrx_word' id='word_1_867' title='bbox 1669 3350 1703 3382; x_wconf 89' lang='lat'>&amp;</span> <span class='ocrx_word' id='word_1_868' title='bbox 1725 3345 2042 3388; x_wconf 85' lang='lat' dir='ltr'>Archi-Episcopum</span> <span class='ocrx_word' id='word_1_869' title='bbox 2058 3372 2071 3389; x_wconf 86' lang='lat'><em>‚</em></span> 
     </span>
     <span class='ocr_line' id='line_1_125' title="bbox 1124 3394 2058 3442; baseline -0.01 -5"><span class='ocrx_word' id='word_1_870' title='bbox 1124 3404 1156 3436; x_wconf 80' lang='grc' dir='ltr'>δε</span> <span class='ocrx_word' id='word_1_871' title='bbox 1166 3400 1315 3437; x_wconf 87' lang='lat' dir='ltr'>debitum</span> <span class='ocrx_word' id='word_1_872' title='bbox 1326 3399 1371 3432; x_wconf 88' lang='lat' dir='ltr'>eis</span> <span class='ocrx_word' id='word_1_873' title='bbox 1383 3399 1480 3432; x_wconf 84' lang='lat' dir='ltr'>finem</span> <span class='ocrx_word' id='word_1_874' title='bbox 1495 3398 1706 3442; x_wconf 87' lang='lat' dir='ltr'>imponendi,</span> <span class='ocrx_word' id='word_1_875' title='bbox 1732 3405 1859 3429; x_wconf 89' lang='lat' dir='ltr'>remoto</span> <span class='ocrx_word' id='word_1_876' title='bbox 1870 3394 2058 3438; x_wconf 88' lang='lat' dir='ltr'>appellatio-</span> 
     </span>
    </p>
   </div>
   <div class='ocr_carea' id='block_1_18' title="bbox 1107 3443 2070 3494">
    <p class='ocr_par' dir='ltr' id='par_1_22' title="bbox 1107 3443 2070 3494">
     <span class='ocr_line' id='line_1_126' title="bbox 1107 3443 2070 3494; baseline -0.012 -6"><span class='ocrx_word' id='word_1_877' title='bbox 1107 3452 1176 3494; x_wconf 66' lang='lat' dir='ltr'>.nis</span> <span class='ocrx_word' id='word_1_878' title='bbox 1198 3449 1385 3487; x_wconf 81' lang='lat' dir='ltr'>obstaculo.</span> <span class='ocrx_word' id='word_1_879' title='bbox 1414 3446 1711 3491; x_wconf 79' lang='lat' dir='ltr'>Archi-Episcopus</span> <span class='ocrx_word' id='word_1_880' title='bbox 1734 3443 1812 3481; x_wconf 79' lang='lat' dir='ltr'>vero</span> <span class='ocrx_word' id='word_1_881' title='bbox 1836 3444 1937 3479; x_wconf 87' lang='lat' dir='ltr'>sciens</span> <span class='ocrx_word' id='word_1_882' title='bbox 1968 3444 2070 3488; x_wconf 78' lang='lat' dir='ltr'>Regis</span> 
     </span>
    </p>
   </div>
   <div class='ocr_carea' id='block_1_19' title="bbox 1879 3492 2023 3529">
    <p class='ocr_par' dir='ltr' id='par_1_23' title="bbox 1879 3492 2023 3529">
     <span class='ocr_line' id='line_1_127' title="bbox 1879 3492 2023 3529; baseline -0.014 0"><span class='ocrx_word' id='word_1_883' title='bbox 1879 3492 2023 3529; x_wconf 76' lang='lat' dir='ltr'>amicissi-</span> 
     </span>
    </p>
   </div>
  </div>
 </body>
</html>
