2358 3776
555 93 815 143 POST
899 90 1589 141 MARTYRIUM.

98 186 164 222 tuli
189 183 296 220 SanCli
309 180 480 217 Laurentii
501 180 534 215 in
558 181 685 216 Lucina
700 204 712 220 ,
733 177 1022 213 &Theoduinum

96 234 186 271 tituli
220 233 328 267 Sansti
344 232 463 267 Vitalis
474 231 684 275 presbyteros
692 228 885 263 Cardinales
899 241 910 262 .·
928 239 1024 271 atque

99 284 299 329 Apostolicae
321 282 400 316 sedis
432 283 572 326 Legatos
594 304 606 322 ‚
643 279 700 324 qui
724 278 837 312 eadem
862 278 1024 312 Miracula

95 334 192 369 tanto
205 333 418 377 perspicacius
439 332 645 369 didicerunt,
671 327 795 371 quanto
819 327 957 371 amplius
979 328 1023 362 lo·

97 384 247 419 covicini
262 385 414 422 fuerunt,
436 378 746 426 praecipuecertiores
755 378 858 412 effecti
873 402 884 418 ‚
908 379 943 413 ἀ
958 379 1022 421 plu-

98 434 184 468 rium
211 433 427 467 Personarum
451 429 638 466 testimonio
659 427 756 461 fidem
771 453 781 469 ,
809 428 886 461 ficut
907 427 1025 462 debui-

98 495 170 517 mus
183 509 193 524 ,
222 481 427 522 adhibentes,
449 477 633 523 praediecum
646 477 967 521 Archi-Episcopum
977 480 1024 511 so-

100 533 270 573 lemniter,
297 542 415 576 magno
437 528 559 562 ibidem
582 528 786 563 Clericorum
803 527 1025 563 &Laicorum

97 583 256 626 Collegio
278 582 427 626 praesente
446 602 457 619 ,
485 578 519 612 in
541 578 647 622 capite
670 577 785 622 jejunii
810 601 822 617 ,
847 576 1026 612 deliberato

99 632 242 667 confilio
253 633 396 666 Fratrum
409 628 590 662 nostrorum
606 627 876 662 canonizavimus
888 652 897 667 ,
910 629 1026 671 ipsum-

99 695 164 727 que
175 679 372 717 decrevimus
384 679 572 712 Sanctorum
590 678 754 722 Catalogo
767 677 1024 712 adscribendum.

104 731 355 767 Universitatem
371 730 479 770 itaque
490 729 623 763 vestram
646 739 819 762 monemus
830 752 841 768 ,
866 729 899 762 <Sc
911 728 1026 763 autho-

99 783 195 817 ritate
216 804 227 820 ,
251 790 316 823 qua
334 779 508 823 fungimur
529 803 540 819 ‚
565 777 707 829 districte
728 778 928 821 praecipimus
954 802 965 819 ,
992 789 1027 812 ut

98 830 242 867 natalem
262 828 402 872 prandisti
422 828 553 872 gloriosi
576 827 735 871 Martyris
768 827 855 861 diem
876 827 1027 871 pastionis

104 883 165 915 suae
193 879 381 913 solemniter
401 879 497 912 annis
517 877 651 923 singulis
671 876 864 918 celebretis,
889 879 924 912 δε
943 878 1028 921 apud

98 929 204 973 ipsum
231 928 352 963 votivis
374 927 577 962 orationibus
599 929 749 973 satagatis
762 928 889 961 veniam
907 940 1029 972 prome-

98 980 160 1015 reri
172 1003 184 1019 ,
209 989 244 1012 ut
256 979 312 1022 qui
326 989 383 1022 pro
396 976 528 1012 Christo
541 978 576 1011 in
589 978 654 1012 vita
667 978 821 1018 exilium,
850 977 884 1011 &
899 980 931 1012 in
947 990 1030 1013 mor-

43 1049 46 1052 ,
102 1040 137 1065 te
149 1030 276 1064 virtutis
290 1029 473 1062 constantia
493 1028 644 1071 pastionis
655 1027 854 1070 Martyrium
878 1029 1032 1072 pertulit,

95 1079 248 1127 fidelium
269 1079 504 1122 supplicatione
515 1078 658 1123 pulsatus
679 1090 740 1124 pro
759 1077 854 1113 nobis
863 1079 949 1124 apud
962 1080 1032 1115 Do-

101 1130 233 1165 minum
257 1128 454 1162 intercedat.
1011 1127 1014 1130 '

223 1229 309 1262 Idem
329 1229 367 1262 de
390 1229 488 1262 eodem
507 1251 520 1269 ,
543 1227 720 1272 adversario
744 1227 907 1272 Episcopo.

197 1325 288 1362 UlA
309 1327 379 1361 vice
395 1327 486 1362 Beati
509 1326 596 1361 Petri
620 1326 856 1371 Apostolorum
872 1327 1035 1372 Principis

224 1378 406 1420 supremum
429 1378 463 1411 in
476 1377 619 1413 Ecclesia
639 1379 729 1419 Dei,
757 1378 833 1413 licet
853 1379 1033 1420 immeriti,

250 1427 358 1461 locum
380 1427 587 1469 obtinemus,
612 1429 647 1462 ὅ(
672 1428 816 1471 injuncto
835 1429 930 1463 nobis
944 1428 1031 1473 Apo-

99 1474 236 1512 ssolatus
247 1478 360 1512 officio
370 1478 632 1522 gloriosiffirnum
649 1479 828 1522 Martyrem
840 1477 1012 1514 Thomam
1021 1504 1031 1520 ,

94 1526 268 1569 quondam
292 1528 559 1562 Cantuariensem
587 1527 947 1572 Archi-Episcopum,
975 1531 1030 1573 qui

98 1586 160 1621 pro
181 1577 302 1620 justitia
314 1578 378 1612 Dei
399 1578 432 1611 ὅ(
447 1577 591 1612 Ecclesia
618 1577 766 1612 libertate
787 1579 963 1613 decertavit
987 1580 1032 1612 us-

99 1636 166 1670 que
183 1627 224 1660 ad
238 1637 373 1661 mortem
383 1652 393 1667 ‚
420 1629 453 1661 &
468 1628 569 1660 veluti
582 1629 673 1669 supra
686 1629 813 1660 firmam
826 1638 948 1670 petram
961 1628 1032 1662 fun-

93 1676 196 1709 datus
214 1675 231 1708 a
245 1676 348 1709 verbis
366 1675 541 1718 impiorum
556 1687 624 1709 non
647 1676 783 1716 timuit,
809 1677 903 1710 tanto
915 1676 1031 1711 studio-

100 1724 163 1757 ssus
175 1724 208 1756 in
221 1725 312 1758 terris
331 1724 475 1757 venerari
489 1724 665 1763 debemus,
690 1724 814 1767 quanto
825 1725 942 1758 certius
970 1736 1032 1758 me·

99 1772 392 1815 sitisexigentibus
400 1782 475 1804 eum
487 1771 615 1804 constat
629 1772 712 1803 inter
721 1772 943 1805 exultantium
957 1774 1031 1806 San-

90 1822 223 1856 {torum
236 1819 369 1854 Choros
387 1819 673 1854 aeternafelicitate
697 1820 813 1853 laetari.
841 1820 990 1855 Audistis
1000 1822 1032 1855 si-

97 1869 234 1911 quidem
245 1895 256 1911 ,
280 1870 313 1904 &
326 1870 467 1904 maxima
479 1880 549 1912 pars
568 1869 671 1903 vOrbis
686 1869 807 1904 Divina
827 1872 930 1915 gratia
945 1883 1031 1907 reve·

95 1919 376 1963 laute-cognoscit
400 1943 411 1959 ‚
439 1919 577 1963 qualiter
602 1921 813 1962 omnipotens
840 1921 1031 1962 Dominus,

92 1970 157 2015 qni
175 1968 333 2004 mirabilis
352 1969 386 2003 &
409 1969 570 2014 gloriosus
589 1969 633 2003 est
654 1969 688 2003 in
703 1971 827 2004 Sanctis
844 1971 927 2012 suis,
955 1983 1030 2006 eum

97 2019 247 2064 potentia
261 2020 388 2054 virtutis
410 2018 498 2054 suaea
517 2018 571 2053 die
594 2044 604 2060 ‚
632 2031 696 2063 qua
718 2030 774 2063 per
797 2020 950 2063 Martyrii
967 2022 1031 2064 pal-

93 2079 189 2103 mam
212 2069 327 2104 Coelos
341 2094 353 2110 ,
378 2069 690 2104 sicutindubitanter
703 2069 866 2103 credimus
880 2094 890 2110 ,
917 2070 1032 2104 Victor

86 2119 271 2159 -introivit‚
296 2118 471 2164 magnifice
494 2119 529 2154 in
551 2120 642 2154 terris
665 2119 866 2164 glorificavit
887 2145 898 2160 ,
923 2120 955 2153 &
977 2121 1033 2154 sub

101 2169 240 2204 nomine
269 2169 363 2213 ipsius
386 2170 488 2205 multa
509 2168 658 2213 quotidie
685 2168 922 2203 Miraculorum
944 2170 1033 2214 signa

94 2229 170 2253 mon
192 2219 288 2254 cessat
306 2221 429 2263 operari
452 2245 459 2252 .
490 2219 597 2255 Unde
622 2229 681 2252 nos
700 2219 878 2253 deliberato
897 2220 1032 2254 confilio

104 2279 181 2302 cum
193 2269 356 2302 Fratribus
369 2269 484 2302 nostris
498 2293 508 2308 ,
533 2269 604 2311 post
619 2269 754 2303 multam
767 2269 1033 2304 sollicitationem

103 2316 458 2361 Archi-Episcoporum
479 2319 783 2361 &Episcoporum,
809 2319 842 2352 ἀ
865 2321 1032 2362 praesertim

104 2367 566 2402 commonitionedileelorum
580 2367 722 2402 filiorum
746 2367 927 2403 nostrorum
940 2395 949 2410 ,
977 2370 1035 2403 Al-

103 2416 184 2451 berti
205 2415 294 2449 tituli
319 2416 426 2450 Sancti
451 2416 621 2457 Laurentii
644 2417 678 2451 in
703 2418 850 2459 Lucina,
876 2419 1034 2454 &Theo-

100 2465 196 2500 duini
218 2466 308 2500 tituli
329 2466 437 2500 Sancti
467 2466 609 2509 Vitalis3
635 2467 902 2511 presbyterorum
924 2468 1038 2505 Cardi-

101 2517 227 2550 nalium
248 2540 258 2555 ,
289 2515 486 2560 Apostolicae
508 2518 590 2551 sedis
610 2517 832 2562 Legatorum,
861 2521 915 2563 qui
935 2521 1035 2553 exin-

102 2564 144 2600 de
160 2565 315 2599 virtutum
337 2566 425 2612 signa
449 2566 574 2609 plenius
599 2567 892 2612 investigaverant,
918 2569 952 2603 &
969 2570 1033 2603 visu

101 2615 258 2650 &auditu
283 2623 528 2659 cognoverant,
555 2617 661 2660 ipsum
684 2619 975 2660 canonizavimus,
1001 2621 1034 2654 &

102 2665 137 2699 in
160 2666 312 2710 catalogo
324 2666 513 2700 Sanstorum
527 2678 804 2702 connumerantes
819 2668 905 2702 diem
922 2669 1043 2712 passi0-'

102 2716 156 2749 nis
175 2716 236 2749 suae
256 2716 406 2758 proximo
427 2716 495 2759 post
522 2716 638 2750 festum
661 2718 851 2751 Sanctorum
877 2719 1035 2753 Innocen-

101 2765 187 2799 tium
207 2765 246 2799 ad
258 2764 417 2800 honorem
441 2767 504 2800 Dei
519 2767 654 2810 singulis
677 2767 772 2800 annis
787 2767 973 2801 solemniter
986 2779 1033 2802 ce-

104 2814 315 2855 lebrandam,
339 2816 470 2850 &inter
489 2818 677 2851 Sanctorum
703 2816 891 2859 Martyr'um
916 2818 1034 2852 festivi·

103 2874 186 2899 tates
197 2865 495 2900 connumerandam
507 2867 568 2900 elie
581 2866 813 2901 constituimus
828 2880 838 2900 .·
850 2868 883 2901 &
896 2879 966 2902 earn
980 2879 1034 2911 per

106 2914 268 2957 praedictos
293 2915 482 2949 Cardinales
495 2940 505 2956 ,
529 2927 590 2950 nec
603 2914 669 2951 no'n
695 2916 728 2950 δε
743 2928 797 2960 per
821 2916 948 2951 Archi·
961 2919 1033 2961 Epi-

108 2966 220 3006 scopos
245 2965 489 3008 &Episcopcs,
515 2977 582 3000 tam
610 2966 779 3011 inAnglia
790 2978 886 3010 quam
912 2967 944 3000 in
957 2968 1032 3003 Gal-

106 3013 152 3046 lia
165 3037 175 3052 ‚
204 3024 262 3047 nec
272 3025 338 3049 non
361 3016 441 3050 &in
455 3016 524 3050 aliis
537 3016 741 3061 Regionibus
752 3017 948 3052 constitutos
962 3028 1032 3061 prae-

107 3063 248 3106 cipimus
261 3063 460 3100 devotissime
472 3066 638 3100 celebrari.
662 3067 752 3114 Qia
777 3067 856 3111 ergo
875 3069 970 3111 quaea
984 3068 1022 3101 Sa

103 3123 163 3147 cro
189 3111 302 3146 saneta
327 3113 475 3148 Romana
502 3116 642 3150 Ecclesia
666 3141 677 3157 ,
703 3129 772 3160 quae
792 3117 861 3161 ipso
882 3119 1031 3152 Domino

100 3172 205 3205 :caput
228 3162 273 3195 est
296 3162 498 3207 &imagissra
519 3168 668 3200 omnium
684 3167 895 3201 Ecclefiarum
918 3167 1032 3202 consti-

100 3221 197 3251 -auta‚
223 3223 287 3245 tam
310 3214 413 3247 sansta
437 3217 563 3250 constat
585 3216 620 3251 &
646 3217 778 3259 provida
800 3216 1031 3252 deliberatione

98 3261 317 3301 ‹ordinaturm
342 3262 383 3295 ab
407 3264 556 3298 universis
578 3265 697 3300 Christi
710 3267 862 3301 fidelibus
883 3280 957 3301 cum
971 3279 1029 3301 ma·

99 3323 172 3355 gna
184 3309 227 3343 est
243 3313 447 3346 veneratione
461 3312 712 3355 observandum,
738 3317 944 3351 Fraternirati
970 3328 1030 3350 tuae

98 3372 159 3405 {per
172 3359 360 3403 Apostolica
381 3363 502 3406 Scripta
525 3364 714 3399 mandamus
733 3390 744 3406 ,
771 3378 931 3411 quatenus
954 3368 1029 3401 sole-

99 3411 277 3447 mnitatem
294 3413 512 3452 praenominati
527 3413 681 3457 Martyris
691 3418 947 3452 annuatimcum
967 3428 1029 3452 rna·
1049 3429 1051 3431 ·

198 3459 310 3501 cbrzst.
326 3465 403 3504 Lupi
422 3466 520 3504 Opera
538 3466 617 3497 Tom.
642 3466 682 3497 X.

1878 105 1939 139 61

1080 189 1147 224 gna
1157 173 1365 211 veneratione
1379 174 1517 209 celebres
1530 199 1541 215 ,
1559 174 1623 209 &a
1632 176 1843 213 Parochianis
1856 178 1921 213 tuis
1931 190 2006 224 prae-

1083 226 1183 271 cipias
1199 224 1391 270 generaliter
1407 224 1589 264 observari,
1624 236 1680 258 eos
1699 227 1838 263 studiose
1860 241 2007 264 commo.

1085 287 1164 312 nens
1174 301 1184 318 ,
1209 284 1246 311 ut
1256 274 1296 309 ad
1310 275 1403 318 ipsius
1414 274 1657 309 venerationem
1669 274 1716 308 vita
1728 278 1884 313 ferventer
1896 279 2009 315 inten-

1081 326 1185 367 dant,
1211 323 1300 369 quod
1322 324 1442 359 meritis
1453 324 1548 368 ipsius
1570 324 1857 360 intervenientibus
1870 329 2010 364 Redem-

1069 375 1187 428 {ptoris
1197 377 1242 410 sui
1254 375 1393 420 gratiam
1414 374 1473 409 fibi
1491 375 1618 409 valeant
1638 372 1863 408 indeficienter
1875 389 2011 423 compa-

1070 431 1169 461 'rare.
1201 425 1254 459 Aa
1267 427 1331 460 hate
1345 424 1547 469 praesentium
1567 424 1627 459 tibi
1649 423 1848 459 authoritate
1870 425 2012 472 injungi.

1087 487 1179 517 mus,
1206 486 1242 510 ut
1254 475 1420 510 Fratribus
1442 476 1506 510 tuis
1516 473 1861 518 Comprovincialibus
1884 475 2012 517 Episco-

1087 528 1135 571 pis
1146 538 1186 561 ex
1200 537 1289 569 parte
1305 526 1413 560 nostra
1424 524 1586 569 significes
1605 535 1637 559 te
1651 523 1735 558 istud
1745 524 1762 558 a
1779 523 1872 558 nobis
1885 524 2017 558 manda-

1088 588 1158 612 tum
1182 576 1372 619 suscepiffe,
1397 575 1430 609 &
1451 585 1508 609 eos
1529 574 1568 608 ad
1591 574 1818 609 celebrandam
1840 573 1929 608 illius
1943 586 2015 617 prae-

1089 627 1162 661 tiosi
1174 626 1331 669 Martyris
1343 625 1549 659 festivitatem
1564 625 1678 658 invites
1692 624 1847 659 attentius
1871 625 1902 658 δε
1915 624 2022 658 horte·

1090 677 1131 712 ris
1143 678 1187 711 ita
1198 676 1287 719 quod
1300 675 1356 718 ipsi
1367 676 1407 709 ad
1417 674 1481 709 hoc
1496 685 1550 717 per
1561 675 1703 708 studium
1715 675 1750 709 ἀ
1762 674 2020 708 sollicitudinem

1089 737 1179 761 tuam
1201 724 1427 759 vehementius
1448 722 1663 759 accendantur
1688 748 1700 765 ,
1724 725 1758 758 δε
1781 734 1853 758 eam
1870 724 2023 759 facianta

1063 803 1065 805 >
1091 778 1155 814 suis
1179 774 1388 810 Parochianis
1409 775 1581 809 annuatim
1603 785 1679 810 cum
1700 785 1820 818 magna
1846 773 2023 808 devotione

1089 826 1270 862 observari.
1298 825 1360 859 Per
1379 825 1469 870 cujus
1479 826 1591 862 merita
1613 836 1675 861 nos
1693 823 1742 860 illi
1764 824 1867 861 societ
1888 824 2024 863 coelestis

1090 877 1193 927 gratia
1206 901 1213 909 .
1242 875 1350 912 Amen
1362 901 1369 908 .

1239 975 1476 1012 INCIPIT
1525 976 1882 1014 PROLOGUS.

1120 1082 1157 1112 In
1177 1077 1267 1112 Ac‘lus
1296 1078 1478 1113 &Exilium
1505 1079 1594 1111 Beati
1620 1077 1738 1113 Tbomae
1757 1074 2005 1120 Archi-Episcop3

1410 1151 1413 1154 ‹
1457 1129 1492 1162 (ν
1519 1131 1658 1169 Martyris
1674 1153 1681 1161 .

1101 1228 1375 1313 HONOR
1401 1229 1436 1262 &
1461 1228 1565 1272 gloria
1588 1221 1685 1262 Beati
1709 1226 1866 1270 Martyris
1887 1223 2034 1258 Thomae

1232 1290 1287 1321 per
1309 1279 1340 1311 se
1352 1278 1585 1311 satiselueescit
1608 1276 1730 1320 ubique
1740 1286 1914 1314 terrarum,
1939 1273 2031 1316 cujus

1091 1329 1251 1373 ⁴splendor
1266 1327 1391 1362 Orbem
1404 1327 1593 1361 illuminans
1611 1337 1751 1371 quatuor
1763 1325 1886 1359 Mundi
1906 1323 2039 1357 climata

1101 1380 1136 1413 in
1149 1378 1246 1422 ipsius
1258 1379 1379 1412 excitat
1401 1378 1627 1411 devotionem.
1660 1375 1823 1420 Adipfius
1844 1374 2038 1408 memoriam

1101 1429 1247 1473 undique
1258 1427 1460 1462 concurritur
1472 1452 1479 1459 .
1506 1429 1608 1463 Sexus
1620 1451 1631 1467 ‚
1658 1438 1752 1467 aetas,
1767 1425 1917 1460 conditio
1928 1423 2038 1458 omnis

1103 1480 1133 1513 se
1146 1477 1283 1513 devovet
1297 1477 1338 1512 ad
1349 1477 1416 1520 ejus
1433 1477 1626 1522 obsequium
1638 1501 1645 1509 .
1671 1477 1771 1510 Fama
1795 1475 1940 1518 pervolat
1960 1475 1993 1506 in
2006 1472 2040 1519 id

1105 1530 1208 1572 ipsum
1230 1553 1240 1568 ‚
1267 1527 1401 1562 attrahit
1421 1527 1568 1561 barbaras
1590 1527 1687 1560 etiarn
1710 1525 1895 1565 Nationes3
1923 1522 2041 1566 quibus

1104 1577 1263 1611 sitibunde
1273 1575 1487 1620 quaerentibus
1496 1576 1568 1610 Viri
1582 1576 1680 1609 vitam
1695 1576 1727 1608 ἀ
1738 1571 2019 1608 conversationem
2028 1595 2039 1612 ‚

1104 1626 1258 1669 Martyrii
1270 1627 1397 1668 insuper
1413 1626 1541 1659 causam
1558 1626 1593 1659 ἀ
1604 1625 1827 1664 occasionem,
1855 1622 2040 1657 satisfacere

1105 1677 1235 1719 possunt
1247 1687 1315 1718 quae
1327 1675 1446 1715 scripsit
1460 1675 1550 1715 super
1564 1672 1628 1705 hoc
1640 1673 1704 1705 Vir
1713 1673 1783 1705 vitae
1797 1672 1992 1706 venerabilis
2006 1672 2042 1705 δε

1105 1725 1234 1757 eximia:
1245 1723 1393 1760 virtutis,
1417 1720 1513 1763 ipsius
1524 1720 1681 1763 Martyris
1699 1721 1846 1755 Clericus
1858 1745 1868 1760 ,
1897 1721 1930 1754 ὅ(
1947 1721 2041 1754 exilii

1105 1782 1237 1811 comes,
1265 1770 1486 1804 tribulationis
1497 1781 1630 1813 quoque
1651 1781 1707 1813 per
1725 1771 1840 1805 omnia
1862 1771 2019 1815 par-ticeps
2032 1794 2043 1809 ,

1106 1820 1215 1864 postea
1238 1820 1315 1856 vero
1327 1820 1534 1854 Carnoten-sis
1554 1821 1754 1864 Episcopus,
1781 1821 1922 1863 Ioannes
1941 1821 2044 1855 Sares-

1106 1870 1275 1912 heriensis,
1303 1871 1359 1913 qui
1381 1868 1505 1904 Christi
1525 1869 1697 1905 Athletam
1720 1871 1753 1903 dc
1776 1871 1873 1913 ipsius
1899 1882 2043 1916 agonem

1105 1921 1244 1955 breviter
1265 1921 1469 1956 &succincte
1480 1921 1647 1964 depinxit.
1676 1919 1802 1954 Verum
1824 1921 1899 1962 quia
1921 1921 1954 1954 id
1968 1932 2043 1964 ope·

1107 1971 1149 2005 ris
1159 1982 1226 2006 rem
1238 1971 1336 2015 ipsam
1348 1971 1533 2015 pertingens
1545 1972 1588 2003 rei
1600 1971 1739 2004 formam
1752 1981 1818 2004 non
1830 1969 1972 2012 explicat
1983 1980 2042 2012 per

1104 2032 1240 2055 omnem
1262 2020 1398 2056 modum
1422 2044 1432 2060 ,
1470 2020 1591 2063 placuit
1615 2020 1648 2054 &
1670 2020 1817 2063 oportuit
1836 2018 1889 2052 illi
1909 2019 2041 2062 Scripto

1106 2071 1268 2114 Epistolas
1286 2070 1454 2103 succedere
1466 2094 1476 2109 ,
1503 2069 1537 2103 in
1556 2069 1674 2113 quibus
1694 2069 1883 2103 continetur
1899 2069 1990 2103 series
2007 2070 2042 2103 δε

1104 2121 1186 2154 ordo
1198 2121 1419 2154 universorum
1431 2143 1443 2159 ,
1470 2130 1505 2153 ut
1521 2121 1577 2163 qui
1597 2118 1754 2166 desiderat
1767 2121 1782 2160 ‚'
1803 2118 1890 2153 &ad
1914 2119 1947 2153 id
1961 2119 2044 2154 suffi-

1103 2171 1149 2204 cit
1172 2195 1182 2210 ,
1209 2180 1316 2204 totum
1339 2168 1454 2203 habeat
1471 2194 1481 2209 ‚
1508 2170 1529 2202 si
1546 2170 1618 2213 quis
1645 2168 1746 2204 vitam
1773 2169 1832 2203 viri
1855 2194 1865 2209 ,
1892 2169 2040 2204 modu-m

1102 2219 1220 2259 exilii,
1246 2220 1346 2253 causae
1370 2219 1566 2262 processum,
1593 2219 1691 2263 usque
1710 2220 1804 2262 ipfius
1821 2220 1866 2254 rei
1887 2220 2030 2263 requirit

1101 2271 1227 2304 exitum
1243 2294 1249 2301 .
1278 2268 1431 2312 Epistolae
1444 2268 1520 2303 vero
1532 2270 1624 2303 vario
1646 2270 1679 2304 &
1691 2268 1817 2304 diverso
1836 2280 1889 2314 per
1901 2269 2042 2304 schedu-

1102 2320 1148 2354 las
1158 2319 1297 2354 collestae
1319 2329 1436 2362 corpus
1454 2319 1646 2364 rediguntur
1667 2321 1699 2353 in
1725 2331 1851 2360 unum,
1877 2320 1958 2355 fient
1980 2332 2041 2364 pro

1101 2370 1204 2404 modo
1217 2371 1273 2403 suo
1286 2369 1355 2403 fieri
1371 2370 1478 2412 potuit
1490 2369 1622 2414 singulae
1634 2369 1746 2404 locum
1759 2371 1852 2404 suum
1864 2370 2040 2405 retinentes

1101 2421 1135 2454 ὃς
1147 2419 1298 2453 ordinem
1309 2443 1316 2451 .
1347 2420 1379 2453 Si
1393 2430 1500 2453 tamen
1512 2419 1675 2464 generales
1686 2444 1697 2460 ,
1724 2431 1794 2463 quae
1807 2419 1915 2453 minus
1932 2421 2039 2463 ipsum

1098 2469 1285 2513 exprimunt
1299 2470 1471 2514 negotium
1483 2493 1494 2508 ‚
1519 2470 1663 2513 quaedam
1686 2469 1855 2502 videantur
1873 2469 1968 2504 aliter
1981 2481 2036 2513 po-

1096 2520 1181 2560 sitae,
1209 2519 1316 2562 quoad
1339 2521 1508 2554 reiseriem
1530 2531 1599 2553 vnon
1622 2518 1769 2552 multum
1786 2519 1923 2553 attinet.
1952 2518 2036 2554 Sane

1099 2570 1206 2614 siquis
1221 2570 1392 2614 exquisitas
1415 2569 1609 2604 &discussas
1632 2567 1757 2611 plenius
1770 2568 1862 2612 ⁴ipsas
1875 2568 2036 2612 Epistolas

1099 2620 1305 2665 diligentiori
1330 2631 1428 2654 manu
1465 2618 1605 2661 potuerit
1630 2619 1801 2652 reformare
1833 2620 1866 2652 in
1896 2619 2037 2659 melitis,

1101 2682 1167 2704 non
1191 2671 1250 2703 erit
1263 2669 1318 2711 qui
1341 2669 1504 2701 invideat.
1533 2668 1701 2702 Distinstae
1722 2669 1795 2701 sunt
1807 2669 1882 2702 vero
1904 2681 1957 2712 per
1970 2682 2036 2713 par-

1100 2730 1146 2754 tes
1170 2719 1346 2753 secundum
1373 2717 1567 2762 progressum
1595 2718 1738 2762 negotii.
1766 2718 1915 2765 Qarum
1933 2721 2033 2761 prima

1101 2781 1169 2813 pars
1180 2769 1327 2803 continet
1339 2767 1472 2801 exilium
1499 2767 1647 2816 usquead
1664 2767 1843 2802 adventurn
1856 2766 2031 2804 Wilhelmi

1099 2818 1280 2856 &ottonis
1291 2817 1535 2852 Cardinalium.
1565 2817 1656 2864 Quid
1670 2818 1824 2862 ‚quando
1839 2843 1849 2858 ,
1875 2819 1954 2859 ubi,
1979 2820 2030 2854 vei

1100 2880 1153 2912 per
1165 2880 1247 2913 quos
1268 2869 1372 2901 astum
1391 2868 1513 2908 fuer-it,
1538 2878 1593 2911 per
1619 2868 1700 2911 ipsas
1726 2868 1876 2911 epistolas
1904 2869 2032 2912 planius

1100 2919 1299 2954 innotescet.
1328 2917 1474 2951 Secunda
1495 2929 1566 2961 pars
1587 2917 1628 2952 ab
1654 2918 1717 2951 illis
1731 2918 1961 2953 Cardinalibus
1987 2922 2034 2954 us-

1080 2968 1160 3013 ·que
1180 2967 1218 3004 ad
1244 2967 1437 3001 Gratianum
1456 2968 1488 3001 δε
1514 2967 1692 3003 vivianum
1711 2993 1717 3000 .
1748 2969 1777 3002 A
1800 2969 1917 3012 quibus
1938 2971 2030 3004 tertia

1076 3017 1078 3019 ’
1099 3030 1167 3061 pars
1190 3019 1288 3061 usque
1311 3017 1351 3052 ad
1364 3017 1532 3052 Simonem
1556 3018 1700 3051 Priorem
1723 3017 1763 3051 de
1775 3018 1871 3053 Valle
1884 3020 1971 3061 Dei,
1997 3020 2031 3054 dc

1096 3067 1299 3103 Bernardum
1312 3068 1351 3102 de
1371 3067 1507 3102 Corilo.
1537 3067 1591 3101 Ab
1618 3068 1682 3103 illis
1702 3068 1799 3102 etiam
1825 3080 1936 3112 quarta
1961 3082 2030 3113 pars

1098 3118 1194 3162 usque
1212 3118 1251 3152 ad
1265 3118 1452 3154 <Rotrocum
1466 3116 1768 3161 Rothomagensem
1782 3119 2030 3162 Archi-Episco-

1097 3179 1172 3211 pum
1185 3192 1195 3208 ,
1222 3169 1254 3203 &
1266 3167 1465 3203 Bernardum
1479 3167 1712 3211 Nivernensem
1727 3167 1939 3212 Episcopum:
1964 3170 2030 3202 De-

1096 3218 1185 3253 mum
1206 3219 1305 3253 etiam
1327 3217 1545 3251 Wilhelmum
1569 3218 1790 3252 Senonensem
1819 3243 1828 3258 ,
1857 3229 1944 3251 nunc
1964 3217 2028 3250 Re-

1096 3269 1234 3304 mensem
1258 3267 1574 3310 Archi-Episcopum
1599 3293 1605 3299 .
1632 3268 1759 3314 Qinta
1783 3268 1931 3300 continet
1951 3277 2029 3301 con-

1094 3317 1239 3353 cordiam
1252 3318 1284 3351 &
1296 3317 1471 3359 passionem
1484 3317 1577 3359 ipsius
1594 3317 1751 3359 Martyris
1762 3340 1770 3354 ‚
1796 3317 1828 3349 ἃ
1844 3316 2027 3351 Canoniza-

1066 3377 1070 3389 1'
1094 3367 1239 3408 tionem,
1269 3366 1301 3400 ὅ(
1318 3366 1464 3399 Ecclefiae
1476 3366 1599 3399 Christi
1625 3365 1948 3410 reconciliationem.

1143 3417 1193 3452 IN
1219 3415 1337 3463 quibus
1359 3416 1487 3452 sedulus
1511 3417 1626 3499 Lestcg
1646 3416 1677 3448 &
1702 3414 1838 3449 devotus
1865 3414 1939 3499 Viri
1959 3415 2023 3450 Dei

1914 3476 1978 3500 rna-
