2358 3776
512 139 553 183 S.
601 133 891 182 THOMAE
937 128 1341 182 CANTUAR.
1399 131 1536 179 LIB.
1574 137 1644 181 11.

291 270 698 308 EPISTOLA
773 265 882 301 xvu.

143 378 176 420 J
178 380 268 408 oanni
281 359 465 413 Pldlnvienfi
474 369 616 414 Episcopo
619 372 651 414 J
654 378 760 400 oannes
774 367 793 399 5
796 363 994 405 aresberlenfis
1008 390 1015 396 .

201 522 487 558 IBERALITAS
512 520 621 554 vestim
643 515 820 551 sedulitatis
839 515 874 548 in
897 522 965 547 non
988 523 1054 547 tam

225 575 363 614 crebris,
384 572 479 617 quam
490 568 681 606 continuis,
706 566 741 599 ἀ
760 564 952 609 perennibus
963 564 1056 598 bene·

114 624 196 659 ficiis
209 633 406 668 promeretur
415 645 426 661 ,
452 631 488 654 ut
501 631 568 653 non
581 618 622 652 ad
635 618 814 658 frequentes
827 638 838 654 ,
864 615 915 647 sed
939 623 1056 658 peren-

113 685 168 708 nes
193 675 285 709 vobis
310 674 486 718 gratiarum
507 680 617 704 tenear
637 668 775 701 actiones
796 690 803 696 .
830 663 968 698 Teneor
988 664 1057 706 qui·

110 725 186 758 dem
201 749 211 764 ,
236 723 433 765 teneborque
446 718 619 764 perpetuo,
645 717 679 750 &
701 714 768 761 quo
777 713 849 758 plus
860 715 987 763 sincera
1005 715 1056 748 af-

110 775 284 812 fefflonis,
307 772 392 816 quod
405 770 508 805 solum
522 770 645 812 possum
663 766 703 799 ad
730 765 882 809 praesens‚
907 762 1056 807 repende-

112 835 174 863 ro,
198 823 238 856 eo
258 822 396 866 amplius
409 819 569 855 &areius
579 828 631 865 me
652 828 720 851 non
742 815 859 849 dubito
881 814 1022 859 obligari
1048 837 1055 844 .

116 873 205 906 Nam
227 872 261 905 in
283 870 447 906 charitatis
467 863 669 903 contraditum
690 863 914 900 indubitanter
924 864 1016 898 venit
1043 887 1055 905 ,

116 922 152 960 ἀ
169 921 347 964 specialiter
356 919 505 957 obtinet,
531 927 567 952 ut
592 916 704 951 habita
727 914 878 950 reddatur
898 916 1021 958 semper
1045 939 1057 955 ‚

114 972 150 1006 ἃ
162 981 197 1004 ιιι
208 995 219 1011 ,
246 969 307 1004 nifi
325 970 447 1006 reddita
457 991 468 1008 ,
481 968 666 1002 nullatenus
678 965 837 1000 habeatur
847 990 854 997 .
874 964 936 999 Sed
951 974 1056 1008 quan·-

112 1029 187 1055 tum
199 1020 244 1054 est
258 1019 341 1060 hoc,
365 1018 454 1065 quod
467 1029 517 1052 me
527 1026 635 1052 totum
646 1042 657 1059 ,
674 1016 708 1050 id
720 1016 765 1050 est
778 1040 789 1057 ,
806 1015 974 1048 hominem
989 1026 1057 1057 par-

116 1082 194 1106 vum
207 1071 342 1105 nomine
352 1094 364 1111 ‚
389 1068 544 1103 facultate
552 1067 712 1101 minorem
725 1091 736 1107 ,
754 1065 928 1099 minimum
942 1066 1057 1098 merito

117 1120 214 1155 vobis
224 1120 331 1155 deberi
345 1121 498 1163 profiteor
525 1118 537 1151 ἒ
563 1117 653 1151 Nam
665 1125 774 1151 toturn
792 1115 875 1149 istud
896 1127 954 1158 pro
966 1115 1057 1148 meri-

115 1181 155 1205 to
167 1181 279 1214 parum
291 1169 335 1203 est
344 1194 351 1201 .
381 1168 443 1203 Sed
455 1168 532 1202 dum
545 1178 673 1201 mecum
685 1167 718 1200 in
734 1166 860 1199 ratione
879 1166 945 1198 dati
959 1164 1058 1197 bene-

117 1220 189 1254 ficii
213 1245 225 1260 ,
254 1218 464 1252 humanitatis
483 1216 634 1251 exhibita:
654 1241 665 1256 ,
702 1215 836 1259 profusae
856 1213 1059 1247 liberalitatis

118 1269 322 1303 contraxistis
332 1267 497 1301 affeflione
514 1265 681 1311 Religiosa
692 1286 703 1302 ‚
726 1262 896 1307 obligastis
921 1261 1013 1295 vobis
1025 1262 1059 1295 ὃς

118 1317 213 1351 illum
223 1328 352 1357 totum,
378 1315 627 1360 quimensuram
640 1313 761 1347 bonam
785 1314 818 1346 ὅ(
841 1311 1060 1355 coagitatam,

118 1367 151 1402 &
177 1366 454 1411 supereffluentem
477 1363 624 1397 mercede
644 1362 796 1406 centupla
816 1359 964 1395 refundet
975 1362 1009 1394 in
1023 1360 1058 1394 si·

116 1427 198 1451 num
222 1417 378 1451 vestrum.
405 1415 558 1454 Totum,
598 1413 732 1454 inquam
757 1435 769 1452 ‚
806 1412 841 1445 δι
863 1410 1060 1445 fiducialiter

117 1466 257 1501 dixerim
270 1476 400 1505 totum,
426 1465 481 1508 qui
501 1463 583 1497 nulli
604 1463 691 1496 cedit
713 1462 746 1495 in
770 1471 892 1505 partem
906 1485 917 1501 ,
942 1460 1060 1495 licet&

115 1516 250 1562 lingulis
260 1516 366 1549 cletus
379 1515 554 1559 gratiarum
568 1514 642 1547 usus
653 1512 796 1546 conferat
818 1512 968 1554 speciales
978 1533 988 1549 ,
1013 1510 1060 1544 sui

119 1576 229 1602 tamen
257 1577 390 1599 munere
417 1564 547 1608 integro
565 1588 574 1603 ,
601 1574 669 1599 non
692 1562 802 1596 deciso
830 1573 890 1595 nec
911 1561 1062 1595 distracto

119 1616 339 1660 particulatim
352 1639 363 1655 ‚
389 1617 464 1658 quia
475 1614 578 1647 cuivis
589 1623 678 1647 totus
689 1611 776 1645 adest
789 1635 799 1652 ,
826 1621 882 1644 aut
901 1619 990 1644 totus
1000 1609 1063 1643 ela»

119 1667 224 1701 bitur.
253 1666 323 1698 Hic
333 1664 419 1698 certe
434 1665 463 1696 sc
476 1674 534 1706 pro
547 1672 599 1695 me
620 1671 727 1696 toturn
748 1661 844 1695 debet
857 1684 868 1701 ,
893 1661 928 1694 δι
952 1658 1064 1703 procul

117 1716 222 1750 dubio
232 1723 340 1748 totum
351 1714 461 1747 reddet
472 1737 483 1753 ‚
510 1712 667 1756 quoniam
678 1710 782 1745 fidelis
792 1711 836 1744 est
849 1710 882 1743 in
896 1710 1064 1753 promisso,

117 1768 155 1801 dc
170 1763 483 1799 munificentissimus
496 1763 527 1794 in
551 1760 759 1794 retribuendo
772 1783 779 1791 .
805 1760 913 1792 Securi
933 1759 1007 1791 estis
1030 1759 1064 1791 δι

119 1814 298 1858 sequimini
309 1811 407 1847 fidem
418 1811 485 1854 ejus
495 1833 507 1849 ,
532 1818 567 1842 ut
579 1810 610 1840 se
621 1808 661 1841 de
679 1806 837 1841 mandato
857 1803 892 1840 ἅ
909 1807 1065 1848 promisso

117 1863 224 1899 teneri
234 1859 438 1897 meminerit.
465 1856 644 1891 pracsertim
668 1867 745 1891 cum
767 1855 993 1898 operatoribus
1003 1855 1062 1890 mi-

122 1912 302 1948 sericordiae
332 1910 496 1955 publicum
531 1905 704 1951 Evangelii
727 1905 851 1941 dederit
874 1906 1065 1940 munimen-

118 1975 192 2001 tum
203 1987 215 2003 ,
239 1962 328 2007 quod
338 1961 531 1995 confirmare
542 1958 695 2003 dignatus
715 1956 760 1991 est
785 1955 964 1991 charaf-iere
980 1956 1065 1991 Cru-

110 2014 166 2059 ⁸icis
185 2014 269 2053 suae,
293 2012 328 2046 δι
351 2010 504 2055 insignire
525 2008 684 2053 sanguine
706 2007 857 2050 proprio.
885 2006 966 2039 Haec
986 2017 1066 2049 ergo

119 2067 180 2099 erit
192 2060 407 2097 miserationis
431 2059 538 2094 vestrae
560 2056 731 2092 retributio
751 2056 905 2100 copiosa,
930 2054 995 2089 haec
1009 2052 1067 2088 bu·

119 2113 291 2148 manitatis
303 2109 456 2145 exhibita:
468 2108 593 2143 Divina
605 2119 726 2143 merces
736 2132 746 2148 ,
770 2106 804 2139 δι
818 2104 976 2149 impendii
988 2114 1067 2138 tem-

117 2163 240 2208 poralis
262 2171 415 2197 arternum
435 2158 687 2203 compendium.
716 2157 760 2190 Et
783 2155 941 2199 quidem,
967 2165 1002 2189 ut
1022 2154 1068 2196 ju·

119 2214 206 2247 {ium
218 2212 263 2248 est
277 2236 288 2253 ‚
313 2211 425 2256 magni
446 2210 534 2244 facio
557 2219 689 2242 terrenae
710 2206 873 2241 facultatis
895 2203 1030 2239 subsidia
1056 2228 1068 2245 ,

119 2263 175 2297 sed
186 2262 286 2305 pluris
296 2262 369 2294 sunt
378 2260 491 2294 solatia
503 2259 576 2292 resti
601 2256 750 2297 consilii,
776 2266 846 2300 quae
869 2255 887 2289 a
909 2255 1000 2290 vobis
1022 2254 1067 2288 in-

122 2314 303 2347 desinenter
313 2309 454 2353 recipio:
479 2307 515 2342 &
526 2307 727 2343 adminicula
740 2316 819 2341 verae
835 2305 929 2346 vitae,
955 2304 1067 2339 moni-

121 2372 233 2398 menta
242 2358 425 2394 dixerim&
437 2357 648 2392 instrumenta
662 2355 823 2399 sapientia
841 2378 850 2386 .
872 2354 978 2389 Causa
989 2364 1067 2399 ergo

120 2412 307 2455 frequenter
317 2407 476 2443 scribendi
490 2407 582 2441 vobis
592 2406 710 2450 duplex
722 2404 804 2439 mihi
824 2404 870 2438 est
883 2426 890 2435 ·
918 2404 1030 2438 Primo
1058 2428 1069 2444 ‚

121 2473 159 2496 ut
169 2459 282 2494 statum
296 2458 434 2492 vestrum
454 2479 464 2495 ‚
491 2467 589 2501 quem
611 2455 783 2499 periclitari
805 2454 929 2494 timeo,
952 2454 1069 2498 explo-

121 2521 196 2546 rans
205 2509 397 2544 satisfaciam
409 2505 622 2549 sollicitudini
637 2531 643 2537 .
673 2504 818 2543 Deinde,
831 2515 868 2539 ιιι
882 2504 981 2538 vestra
999 2515 1071 2548 pru·

122 2561 234 2595 dentia
258 2557 394 2592 instruar
413 2581 424 2597 ,
460 2556 599 2600 qualiter
620 2556 662 2592 ad
683 2555 788 2590 varios
806 2547 943 2590 sottunae
962 2563 1070 2588 motus

120 2613 271 2654 op'orteat
284 2618 336 2645 me
359 2607 557 2651 premuniti.
583 2604 728 2640 Proinde
750 2605 875 2648 placeat
896 2604 1004 2638 vestrae
1026 2603 1070 2637 di·

122 2658 272 2706 gnationi
288 2656 456 2692 rescribere
467 2675 478 2696 ,-
505 2655 664 2699 quatenus
688 2655 897 2698 processeritis
914 2665 990 2689 cum
1002 2654 1071 2689 Do·

126 2711 222 2745 mino
236 2707 376 2754 Regein
388 2706 487 2741 verbo
501 2706 586 2749 pacis
597 2729 608 2745 ,
633 2704 711 2747 quid
732 2706 840 2739 assum
865 2705 902 2738 sit
923 2703 957 2736 in
970 2703 1070 2738 Curia

125 2759 318 2795 pictaviensi
330 2780 341 2797 ,
366 2756 422 2791 ubi
433 2756 587 2792 credibile
599 2755 643 2788 est
656 2754 767 2797 vulpes
777 2755 888 2787 foveas
903 2753 1071 2794 inveniffe,

123 2812 160 2845 ἀ
175 2809 321 2843 volucres
339 2806 415 2842 coeli
439 2806 535 2840 nidos
548 2829 559 2846 ,
584 2807 617 2839 δι
637 2804 775 2848 parvulo
794 2803 886 2846 cujus
898 2803 1011 2837 natalis
1021 2814 1071 2837 ce·

126 2860 287 2899 lebratur,
314 2857 394 2901 pene
431 2854 679 2891 reclinatorium
701 2853 835 2887 defuisse
854 2878 862 2886 .
888 2852 1072 2896 Conjicitur

125 2909 217 2943 enim
229 2906 397 2952 Radulpbi
409 2907 450 2941 de
461 2905 536 2948 Faja
554 2905 699 2948 spiritum
713 2902 758 2938 ibi
785 2903 985 2948 praepotuisse
997 2927 1009 2943 ,
1034 2913 1071 2936 ut

126 2957 356 3001 &propbetae‚
377 2958 411 2991 ὅ(
433 2965 585 3000 precones
608 2953 723 2988 Palatii
747 2953 892 2987 inebriati
915 2953 974 2987 sint
985 2953 1070 2987 dolis

129 3008 351 3042 &temeritate
362 3007 467 3040 illius.
498 3005 628 3049 Utique
654 3014 743 3037 vetus
763 3003 968 3047 proverbium
989 3004 1034 3038 est
1061 3027 1071 3043 ,

129 3058 161 3091 &
172 3055 260 3100 quod
274 3055 482 3098 Vespasianus
494 3053 660 3099 Augustus
671 3054 704 3087 in
719 3055 750 3087 se
771 3053 893 3088 distum
914 3054 1072 3097 patienter

130 3106 276 3141 audivit!
303 3104 430 3146 Vulpem
443 3105 634 3148 paffeprllem
654 3113 791 3144 mutare,
820 3109 1032 3140 non-animum
1063 3127 1070 3134 .

129 3156 285 3191 Tradunt
299 3155 398 3188 etiam
408 3177 421 3194 ,
446 3156 500 3197 qui
512 3155 553 3189 de
562 3155 754 3189 animalium
765 3153 915 3197 scripsere
928 3154 1049 3188 naturis
1064 3166 1070 3185 :

130 3207 208 3248 quia
231 3205 294 3239 hoc
302 3214 403 3248 genus
416 3203 563 3238 animalis
572 3204 665 3237 nullo
673 3206 817 3247 unquinn
831 3215 976 3247 tempore
987 3215 1073 3237 man·

130 3254 262 3288 suescit.
292 3255 334 3287 Et
347 3253 509 3289 offellus:
535 3255 599 3296 ‚Qui
608 3262 708 3287 coarat
730 3256 840 3297 vulpi,
863 3253 954 3296 sulcos
968 3258 1071 3287 varia-

131 3317 164 3338 re
177 3303 321 3346 necessust
335 3328 344 3336 .
369 3303 431 3338 Sed
443 3302 580 3338 confido
594 3304 699 3346 ,quod
712 3314 787 3344 vos,
810 3299 864 3338 etsi
881 3315 945 3338 non
961 3305 1073 3337 incon-

128 3355 257 3393 cussos,
283 3352 392 3386 illaesos
403 3364 511 3387 tamen
538 3354 640 3396 gratia
662 3354 894 3395 conservante,
921 3354 996 3398 quia
1013 3354 1074 3385 fru-

132 3403 192 3438 stra
214 3404 329 3446 jacitur
349 3412 415 3436 rete
437 3413 513 3436 ante
535 3402 651 3437 oculos
674 3413 886 3444 pennatorum
911 3428 919 3437 .
958 3403 1075 3437 Precor

130 3452 228 3490 eriam
240 3477 250 3493 ,
276 3462 313 3485 ut
327 3452 484 3495 perpensis
496 3450 566 3492 his,
590 3462 658 3494 quae
670 3451 797 3488 Nuncii
819 3453 959 3489 Domini
974 3451 1077 3496 Regis

227 3498 337 3543 chr-ist.
353 3505 435 3548 Lupa
447 3505 546 3546 opera
555 3503 635 3536 rom.
647 3503 689 3534 x.

1868 142 1886 186 ι’
1898 134 1926 187 8
1938 141 1965 199 5

1113 213 1300 258 Anglorum
1312 211 1466 249 dicuntur
1482 215 1500 248 a
1522 215 1603 251 Sede
1625 215 1811 261 Apostolica
1833 223 2012 268 impetrasse
2037 249 2052 266 ,

1113 264 1219 299 sciatis
1231 262 1367 306 qualiter
1378 265 1565 300 Dominum
1577 266 1842 308 Cantuariensem
1854 276 1887 309 ὅ(
1895 285 1948 309 me
1958 298 1969 314 ‚
1979 285 2049 309 tam

1113 324 1188 359 erga
1195 312 1461 349 cantuariensem
1477 316 1574 357 quam
1586 315 1714 360 Regem
1723 342 1734 359 ,
1760 321 1821 354 five
1832 324 1971 368 Legatos
1984 336 2051 359 ver-

1114 363 1174 398 sari
1186 374 1334 406 oporteat
1345 386 1356 403 ‚
1383 377 1458 399 nam
1472 366 1494 399 si
1508 366 1691 401 rumoribus
1700 369 1788 401 credi
1799 380 1925 412 oportet
1936 399 1946 414 ‚
1972 385 2052 417 quo-

1115 414 1204 448 niam
1218 412 1328 448 Roma
1339 416 1420 458 pati.
1450 415 1549 459 Spero
1560 414 1668 451 tam'en
1678 417 1767 460 quod
1791 418 1953 454 Dominus
1965 423 2054 466 Papa

1114 462 1237 506 aliquid
1251 464 1571 500 solatiireservaverit
1582 466 1805 510 partinossrae,
1830 467 1935 501 immo
1955 471 2015 504 suae
2042 497 2056 513 ,

1114 515 1148 548 ὅ(
1160 513 1308 547 Ecclesiae
1320 515 1383 548 Dei
1396 540 1403 546 .
1432 514 1594 559 Alioquin
1605 538 1616 555 ‚
1627 527 1662 550 ut
1672 517 1751 559 quid
1762 527 1879 552 terram
1892 522 2055 561 occupat?

1115 563 1178 599 Sed
1186 563 1263 598 absit
1273 587 1286 604 ,
1313 575 1348 599 ιιι
1358 563 1399 599 de
1409 575 1449 599 eo
1459 575 1526 600 tam
1537 565 1662 600 sinistra
1671 567 1839 603 credamus
1858 580 1866 600 :
1895 570 2058 611 quoniam

1115 615 1256 658 perversa
1268 612 1413 655 jactitant
1424 616 1597 652 adversarii
1606 616 1708 651 nostri
1727 642 1735 650 .
1761 618 1826 652 Sed.
1842 618 1866 650 fi
1888 618 2007 662 Legati
2021 618 2059 651 in

1114 673 1206 697 tanta
1217 664 1353 698 veniunt
1366 665 1522 708 potestate
1534 689 1547 706 ,
1572 676 1607 700 ut
1617 665 1658 700 ab
1667 668 1714 701 eis
1731 667 1887 710 appellari
1908 679 1977 701 non
1991 667 2062 711 pos-

1115 714 1171 752 sit.
1188 713 1267 757 quid
1281 714 1471 749 consulitis?
1498 716 1586 751 Nam
1597 715 1759 760 Papienfis
1772 717 1925 751 haaenus
1937 717 1970 750 in
1985 727 2063 751 cau-

1116 765 1147 797 sa
1158 751 1217 796 isia
1230 763 1332 808 Regis
1344 775 1444 807 opes,
1469 778 1539 800 nou
1553 767 1704 801 timorem
1725 767 1810 807 Dei,
1833 766 1888 801 vel
1914 766 2062 801 Ecclesiae

1116 812 1318 848 honestatem
1327 812 1443 849 habuit
1453 827 1529 851 ante
1538 817 1743 861 conspeQum
1755 818 1847 850 suum
1855 842 1865 848 .
1891 815 2061 861 Siquidem

1117 863 1172 898 ubi
1182 873 1273 897 amor
1285 862 1356 906 ejus
1366 888 1377 906 ,
1395 865 1555 900 &oculus
1567 891 1575 899 .
1602 867 1696 901 Alter
1711 866 1789 900 vero
1814 867 1862 900 vir
1875 867 1970 900 bonae
1993 867 2066 910 opi·

1120 914 1227 948 nionis
1236 913 1282 947 est
1294 937 1306 953 ,
1332 913 1504 950 Romanus
1513 926 1621 951 tamen
1632 941 1643 958 ,
1666 917 1701 951 δε
1720 915 1908 952 Cardinalis
1921 942 1929 949 .
1958 915 2063 963 Qidgl

1118 965 1140 998 si
1164 974 1280 998 eorum
1301 975 1436 998 examen
1463 966 1753 1008 declinaverimus,
1785 967 1963 1002 verendum
1984 965 2031 1001 est
2052 990 2066 1007 ,

1119 1026 1159 1049 ne
1169 1015 1254 1058 apud
1267 1014 1393 1058 Regem
1404 1015 1437 1049 ὅ(
1459 1015 1633 1051 Ecclesiam
1656 1017 1864 1051 Gallicanam
1886 1017 1988 1051 causae
1999 1028 2065 1050 no·-

1119 1065 1182 1098 strae
1205 1063 1338 1099 laedatur
1356 1066 1491 1108 opinio.
1520 1067 1554 1101 Si
1578 1067 1808 1111 susceperimus
1820 1092 1830 1107 ‚
1867 1067 1945 1102 licet
1962 1067 2069 1110 suspe-

1118 1116 1185 1150 ἐὶοε
1197 1140 1208 1156 ,
1234 1114 1418 1152 timendum
1441 1127 1482 1149 ne
1502 1117 1686 1152 subvertant
1707 1117 1863 1160 justitiam
1886 1117 2029 1150 nostram
2054 1139 2065 1147 .

1120 1164 1361 1209 Dispensabunt
1379 1166 1423 1199 de
1445 1166 1542 1200 nobis
1555 1192 1565 1207 ‚
1592 1178 1627 1201 ut
1648 1168 1885 1203 detrimentum
1915 1165 2065 1200 Ecclesiae

1118 1216 1328 1257 compensent
1341 1215 1456 1250 loculis
1469 1218 1535 1249 suis
1548 1241 1555 1250 .
1579 1216 1667 1251 Nam
1680 1227 1921 1260 quamcumque
1934 1215 2070 1248 videan-

1118 1273 1171 1296 tur
1183 1264 1288 1296 fecisse
1301 1274 1412 1305 pacem
1426 1288 1436 1303 ‚
1445 1266 1552 1297 titulis
1563 1269 1597 1298 ὅ(
1607 1265 1783 1307 triumphis
1795 1266 1860 1298 suis
1872 1264 2069 1299 adscribent.

1120 1311 1302 1346 Deberetur
1315 1312 1412 1344 nobis
1431 1312 1465 1345 in
1488 1313 1599 1356 primis
1621 1313 1783 1347 restitutio
1802 1313 2006 1354 ablatorum,
2033 1314 2069 1346 δε

1121 1362 1254 1396 Sedium
1267 1385 1283 1401 ,
1302 1362 1339 1395 ἃ
1350 1362 1542 1397 reformatio
1553 1363 1731 1398 securitatis
1744 1387 1756 1403 ‚
1781 1363 1836 1397 sed
1849 1363 1985 1398 fortassis
1997 1374 2075 1406 prae⁶

1123 1414 1246 1456 cipient
1258 1422 1319 1445 nos
1330 1413 1428 1455 usque
1440 1411 1481 1446 ad
1493 1410 1691 1447 decisionem
1701 1414 1806 1447 totius
1825 1412 1890 1449 litis
1913 1412 1988 1446 solis
1998 1424 2073 1446 cau-

1126 1461 1271 1496 tionibus
1281 1463 1343 1496 esse
1351 1471 1528 1495 contentos
1545 1486 1553 1493 .
1582 1463 1694 1508 Qam
1718 1461 1944 1496 conditionem
1973 1472 2073 1496 nemo

1126 1512 1165 1546 ad
1191 1511 1387 1554 litigandum
1400 1535 1411 1551 ,
1446 1512 1503 1544 nisi
1524 1511 1675 1550 insanus,
1714 1511 1883 1545 admittet.
1918 1510 1996 1544 Hoc
2010 1523 2075 1545 -au·

1129 1572 1192 1595 tem
1213 1571 1249 1594 ut
1271 1561 1434 1595 memoriae
1456 1558 1583 1595 fidelius
1605 1559 1743 1601 haereat,
1771 1561 1806 1594 in
1824 1561 1890 1596 fine
1903 1560 2014 1597 censui
2027 1571 2076 1596 re-

1130 1610 1306 1655 petendum
1320 1634 1328 1643 .

1302 1707 1712 1744 EPISTOLA
1781 1709 1910 1745 XVllI.

1131 1807 1256 1842 Thomas
1269 1805 1495 1850 cantuartenfis
1510 1807 1777 1853 Archi-Epiftopus
1785 1815 1892 1844 ottoni
1900 1810 2075 1846 cardinali.

1226 1905 1391 1943 UDITO
1417 1906 1559 1943 adventu
1578 1909 1816 1954 magnitudinis
1837 1910 1941 1945 vestrae
1969 1935 1980 1951 ‚
2006 1922 2082 1953 pro«.

1249 1957 1440 2001 scriptorum
1464 1958 1587 1992 Christi
1610 1959 1858 1994 coexolantium
1871 1960 1967 1995 nobis
1986 1959 2078 1994 exhi-

1132 2009 1248 2043 laratus
1260 2007 1304 2040 est
1319 2016 1422 2042 coetus
1438 2032 1448 2046 ‚
1475 2008 1508 2041 ὅ(
1520 2009 1604 2052 quasi
1614 2009 1656 2043 ad
1674 2010 1938 2045 consolationem
1965 2010 2080 2044 Eccle-

1131 2058 1179 2091 siae
1218 2058 1253 2091 &
1296 2055 1386 2090 Cleri
1421 2057 1647 2093 liberationem
1685 2059 1729 2093 de
1764 2061 1853 2094 coelo
1892 2060 2004 2094 missus
2040 2059 2079 2092 fic

1133 2107 1282 2151 Angelus
1296 2130 1308 2146 ,
1332 2107 1515 2147 exultavit,
1540 2109 1572 2142 &
1587 2109 1705 2153 gratias
1723 2111 1793 2155 egit
1806 2110 1915 2144 omnis
1939 2109 2080 2145 Ecclesia

1131 2159 1324 2192 Sanstorum
1336 2180 1343 2187 .
1373 2157 1415 2191 Bt
1426 2157 1501 2192 licet
1514 2158 1624 2192 multis
1643 2159 1799 2202 suspectus
1823 2161 1861 2194 sit
1876 2160 2017 2204 Collega
2030 2170 2082 2194 ve·

1131 2206 1191 2240 ster
1211 2231 1223 2248 ,
1249 2205 1433 2240 dicentibus
1456 2209 1543 2251 quod
1567 2219 1718 2253 acceptor
1737 2210 1784 2244 est
1812 2211 2024 2254 personarum
2047 2210 2082 2244 δε

1131 2267 1303 2290 munerum
1330 2278 1341 2294 ‚
1377 2256 1517 2290 Domini
1541 2259 1642 2302 Regis
1665 2260 1801 2295 intimus
1824 2260 1933 2296 fautor
1954 2284 1965 2301 ,
1991 2270 2028 2294 ut
2050 2259 2083 2294 ei

1131 2307 1210 2340 velit
1225 2306 1258 2339 in
1271 2303 1426 2339 omnibus
1437 2308 1656 2349 patrocinari,
1681 2309 1716 2343 δι
1731 2321 1813 2351 nos,
1839 2309 1944 2344 immo
1969 2310 2084 2344 Eccle-

1133 2357 1208 2390 siam
1223 2356 1288 2389 Dei
1300 2354 1481 2390 confodere
1493 2381 1504 2397 ‚
1529 2356 1722 2402 &jugulare
1732 2359 1843 2403 spoliis
1852 2360 1968 2394 nostris
1983 2373 1990 2392 :
2013 2359 2087 2394 No-

1133 2405 1231 2440 minis
1255 2415 1364 2439 tamen
1391 2404 1485 2440 vestri
1507 2428 1518 2445 ‚
1555 2408 1716 2442 virtutum
1748 2410 1863 2443 remiis
1889 2411 2031 2443 dixerim
2068 2430 2081 2447 a

1130 2455 1276 2491 clarescit
1288 2454 1426 2499 opinio,
1439 2466 1475 2490 ut·
1496 2455 1668 2500 Angelum
1681 2457 1821 2491 Domini
1832 2468 1908 2491 cum
1921 2457 2042 2500 Moyse
2067 2481 2080 2498 ,

1133 2504 1246 2547 idest,
1271 2504 1429 2549 Spiritum
1449 2507 1603 2541 sanetum
1627 2505 1661 2538 in
1685 2506 1777 2550 Lege
1803 2507 1948 2550 previum
1963 2505 2081 2542 habea·

1133 2557 1195 2599 tis,
1221 2555 1278 2601 qui
1298 2555 1460 2591 custodiat
1481 2565 1541 2589 vos
1562 2556 1712 2598 semper,
1737 2557 1772 2590 &
1789 2558 1900 2591 Deum
1914 2567 2079 2592 recentem

1134 2606 1250 2642 habere
1262 2616 1330 2640 non
1343 2605 1499 2648 patiatur,
1525 2612 1563 2638 ut
1575 2604 1675 2639 verbo
1692 2605 1758 2640 Dei
1780 2616 1837 2643 aut
1858 2617 1996 2647 munus,
2022 2617 2078 2643 aut

1134 2657 1299 2702 personam
1320 2653 1504 2701 preferatiS,
1530 2663 1587 2687 aut
1611 2654 1756 2689 causam.
1785 2660 1858 2689 Non
1880 2655 1940 2696 est,
1968 2657 2077 2700 inquit

1135 2706 1289 2751 propheta
1302 2729 1312 2745 ,
1339 2707 1419 2739 Deus
1432 2709 1465 2738 in
1476 2702 1628 2746 conspeHu
1639 2707 1727 2744 eius,
1753 2711 1925 2749 inquinatae
1929 2705 2002 2749 sunt
2015 2712 2085 2742 viae.

1133 2759 1196 2799 ejus
1209 2762 1239 2789 in
1251 2759 1479 2796 omnitempore.
1508 2752 1728 2789 Unde&vos
1741 2766 1795 2799 per
1807 2756 1874 2796 vias
1900 2756 2040 2791 mundas
2067 2780 2080 2797 ‚

1135 2807 1168 2841 ἀ
1188 2807 1254 2841 vias
1275 2806 1385 2849 planas
1402 2803 1524 2839 iturum
1545 2804 1610 2839 esse
1630 2803 1769 2839 Ecclesia
1796 2805 1982 2851 Anglicana
2006 2817 2078 2840 non

1120 2858 1123 2860 ⁷
1135 2857 1273 2900 ambigit
1286 2869 1297 2887 .·
1324 2854 1412 2900 Qia
1424 2864 1480 2899 per
1491 2853 1560 2889 vias
1569 2856 1668 2891 restas
1679 2855 1740 2890 iter
1752 2855 1940 2890 habiturum
1953 2855 2080 2891 indubi-

1139 2916 1246 2952 tanter
1259 2905 1398 2939 confidit
1411 2928 1419 2937 .
1445 2904 1518 2939 Nec
1529 2913 1677 2946 veretur,
1703 2916 1745 2940 ne
1767 2906 1800 2940 in
1813 2906 2079 2949 prostitutionem

1134 2956 1262 2998 justitiae
1274 2954 1441 2997 accipiatis
1453 2954 1684 2999 supellestilem
1697 2956 1840 2991 nostram
1853 2981 1864 2997 ,
1889 2957 1946 3000 qui
1967 2956 2057 2990 scitis
2069 2981 2080 2997 ,

1135 3006 1224 3050 quod
1253 3004 1424 3049 pecuniam
1457 3004 1500 3038 sic
1523 3004 1715 3049 adquisitam
1749 3018 1817 3040 non
1849 3007 1925 3040 licet
1948 3006 2077 3040 mittere

1135 3057 1169 3089 in
1180 3054 1391 3095 Corbonam,
1418 3054 1495 3098 quia
1511 3055 1649 3098 pretium
1670 3056 1839 3100 sanguinis
1850 3056 1912 3090 est.
1943 3055 2077 3102 Utique

1135 3117 1192 3140 non
1207 3104 1296 3138 habet
1306 3114 1427 3138 eventus
1435 3103 1565 3148 sordida
1576 3105 1685 3146 praeda
1697 3104 1785 3139 bonos
1810 3132 1817 3139 .
1845 3105 2007 3141 insultant
2019 3115 2077 3139 no-

1135 3156 1184 3189 bis
1196 3153 1447 3199 quamplurimi,
1473 3155 1505 3187 &
1520 3154 1676 3198 praecipue
1690 3155 1789 3190 nostri
1809 3180 1821 3197 ,
1848 3155 1950 3190 immo
1970 3154 2078 3188 adver·

1136 3206 1232 3247 sarii,
1257 3204 1403 3243 dicentes
1414 3203 1621 3241 restecontra
1648 3215 1708 3238 nos
1729 3206 1859 3242 missum
1884 3205 1946 3239 effe
1965 3202 2079 3236 Cardi-

1136 3256 1243 3291 nalem
1264 3254 1372 3290 Sanni
1394 3254 1482 3288 Petri
1508 3253 1547 3286 ad
1574 3255 1729 3295 vincula,
1750 3267 1787 3289 ut
1814 3253 1992 3289 ministerio
2009 3251 2079 3294 ejus

1136 3305 1249 3340 Petrus
1259 3304 1370 3340 denuo
1394 3303 1577 3338 vinculetur
1592 3328 1602 3344 ,
1630 3315 1707 3339 cum
1729 3315 1837 3339 tamen
1858 3314 1922 3347 ego
1946 3302 2076 3336 interim

1137 3356 1266 3391 credam
1277 3379 1288 3396 ‚
1314 3353 1404 3397 quod
1418 3353 1620 3393 familiaritas
1635 3379 1646 3394 ‚
1656 3365 1753 3396 quam
1763 3363 1838 3386 cum
1852 3352 2003 3386 Domino
2015 3350 2080 3385 Re-

1139 3407 1222 3450 gein
1237 3403 1343 3439 nostra
1354 3400 1554 3446 depressione
1564 3403 1752 3440 contraxit,
1778 3400 1819 3434 ad
1844 3400 1992 3436 Ecclefiae
2014 3410 2083 3444 pro-

1141 3455 1230 3490 ficiet
1251 3452 1497 3493 liberationem,
1525 3454 1558 3486 ἀ
1582 3453 1714 3486 salutem
1737 3451 1841 3497 Regis
1855 3475 1866 3493 ,
1892 3452 1926 3487 δι
1945 3449 2083 3495 gloriam

1641 3499 1686 3546 Q
1728 3510 1748 3548 3
1952 3499 2037 3534 Dei.
