2358 3776
197 638 206 653 ,
277 605 417 653 plinam.
447 601 502 637 Ut
519 612 621 646 ergo,
647 600 831 636 Beatiffime
854 597 951 636 Pater
974 619 986 636 ,
1021 596 1220 641 Apostolicae

361 115 458 189 ⁸48

330 202 545 247 Radulphum
559 197 656 237 etiam
666 194 707 234 de
717 196 824 239 Broc,
843 195 877 237 δε
890 196 1074 242 Hugonem
1088 196 1130 232 de
1141 197 1219 232 San-

982 107 1026 162 E
1055 107 1091 161 Ρ
1124 102 1368 159 12..S‘'T.O
1401 108 1439 158 L
1474 110 1535 157 AE

1280 195 1372 236 mulo
1382 193 1586 235 conscientiae
1598 218 1608 236 ‚
1633 192 1826 230 incessanter
1850 180 2022 240 pungentis
2033 200 2065 235 ἃ
2084 198 2216 241 urentis,

279 256 331 293 ao
353 256 472 292 Claro,
498 249 714 299 &Thomam
734 237 840 286 filium
865 247 1044 286 Bernardi‚
1057 250 1125 292 'qui
1150 248 1220 291 pos·
1280 257 1396 284 omnes
1415 247 1576 291 suspectos
1594 244 1692 279 habet
1712 245 1745 281 ἀ
1766 247 1880 280 omnia
1893 269 1901 278 .
1927 247 2002 290 Jure
2020 253 2154 295 quidem
2176 254 2216 291 δι’

280 306 429 343 seffiones
438 303 475 338 &
486 300 572 339 bona
586 299 733 340 Ecclefiae
742 297 984 336 Cantuariensis
996 296 1112 346 absque
1124 298 1221 334 licen.

281 358 326 394 tia
339 355 373 391 dc
385 353 543 390 consensu
554 350 665 387 nostro
675 351 922 392 usurpaverunt.

328 405 476 447 Omnes,
500 401 658 445 inquam,
684 400 760 434 istos
778 394 999 433 anathematis
1024 396 1160 433 vinculo
1174 397 1221 431 in-

280 454 496 496 nodavimus.
525 451 649 489 Verum
670 449 705 487 in
725 447 903 487 Personam
936 446 1041 492 Regis
1070 446 1220 485 nondum

281 493 476 546 fomentum
493 500 665 540 dedimus,
692 499 797 537 daturi
822 496 975 537 forsitan,
1003 497 1062 534 nist
1087 498 1217 544 κῆρυξ.

278 556 347 598 rit,
384 554 419 591 δε
438 564 480 586 ex
501 551 553 585 his
571 562 641 594 quat
661 549 821 588 fecimus,
857 545 1111 591 apprehenderit·
1131 548 1220 586 disci·

287 653 382 691 Sedis
403 651 582 690 authoritas
604 675 614 691 ,
646 651 682 686 ἀ
702 649 845 688 ‚Ecclefia
867 647 934 686 Dei
955 646 1088 686 libertas
1107 670 1122 690 ,
1154 659 1222 693 quae

277 704 315 742 in
337 702 482 748 partibus
504 702 620 737 nostris
641 710 709 737 tota
726 699 791 737 fere
809 699 905 742 periit
924 721 936 738 ,
971 708 1150 741 utcumque
1172 710 1220 733 va·

281 755 346 790 leat
366 753 532 792 restaurari
551 777 562 793 ,
590 753 714 787 necesse
732 749 777 789 est
799 749 834 783 &
852 747 960 786 modis
987 748 1144 786 omnibus
1168 760 1223 783 ex-

277 804 390 851 pedit,
415 814 452 838 ut
475 801 564 846 quod
584 803 602 839 a
627 800 722 840 nobis
743 798 872 847 gestum
893 797 964 843 est,
989 809 1098 838 ratum
1118 800 1221 837 omni·

279 853 389 899 modis
414 851 580 893 habeatis,

271 984 273 986 .
378 948 790 993 EPISTOLA
886 948 1124 989 CXXXIX.

277 1057 315 1090 In
324 1056 450 1092 eundem
460 1052 746 1095 modumconraerde
773 1053 948 1096 Mogunnno
962 1049 1223 1096 dubl-Epifi'opo,

316 1105 364 1143 ,o
382 1104 493 1141 Sabino
514 1101 678 1146 Episcopo,
704 1102 742 1135 (τ
762 1104 892 1138 Domina
908 1101 1077 1145 maruntha
1091 1126 1103 1142 ,
1129 1102 1165 1137 6·

312 1180 317 1186 ,
380 1160 509 1192 Ησηνὶσο
526 1152 639 1201 Plsano
659 1164 672 1193 ,⁴
698 1152 918 1191 Cardinaltbus
951 1176 966 1196 ,
1001 1151 1093 1201 usque
1113 1164 1127 1189 .-

600 1202 675 1241 Nisi
701 1203 885 1251 resipuerit-⁷

376 1302 478 1340 NDE
503 1301 717 1339 dilectionem
742 1301 879 1337 vestram
901 1300 1078 1339 instantius
1114 1309 1225 1346 precor

322 1376 325 1378 —
400 1355 434 1392 ὃς
459 1364 582 1390 moneo
607 1376 625 1394 „
645 1362 684 1388 ut
704 1351 892 1387 constanter
912 1352 946 1386 in
967 1349 1028 1387 hac
1056 1360 1146 1395 parte
1168 1361 1225 1387 vos

277 1403 450 1445 habeatis,
477 1403 666 1441 Dominum
688 1401 812 1445 Papam
824 1399 994 1439 studiosius
1013 1411 1226 1438 commonen-

277 1463 328 1490 tes
350 1476 361 1494 ,
385 1464 421 1489 ut
442 1453 533 1499 quod
555 1451 575 1490 a
589 1451 693 1487 >nobis
715 1451 834 1488 factum
854 1451 901 1487 est
916 1475 928 1492 ,
955 1460 1063 1487 ratum
1088 1449 1203 1486 habeat
1217 1475 1228 1494 ,

277 1503 430 1546 alioquin
453 1502 486 1539 ὃς
505 1500 688 1537 authoritas
718 1501 912 1547 Apostolica
942 1501 1108 1537 minuetur
1143 1501 1227 1536 ultra

279 1550 419 1590 modum,
440 1552 475 1587 in
497 1550 641 1598 partibus
673 1549 740 1585 illis
757 1573 771 1591 ,
807 1550 842 1585 dt
875 1550 1009 1587 libertas
1043 1549 1192 1586 Ecclefiae
1217 1573 1228 1591 ,

280 1615 354 1648 quae
376 1603 442 1648 jam
463 1613 505 1639 ex
530 1601 672 1637 maxima
691 1609 782 1643 parte
801 1599 941 1643 deperiit
954 1623 966 1642 ,
993 1606 1062 1634 tota
1085 1599 1154 1636 fine
1172 1599 1229 1633 du-

278 1653 339 1689 bio
362 1651 478 1699 peribit
501 1676 508 1687 .
548 1651 635 1686 Ecce
667 1651 759 1685 enim
785 1651 934 1685 crescunt
966 1647 1103 1686 haeredes
1133 1649 1230 1694 ipsius

279 1704 386 1748 Regis
406 1722 418 1745 ,
456 1700 514 1745 qui
548 1709 686 1746 paternae
716 1699 920 1734 crudelitatis
949 1698 1130 1735 imitatores
1163 1699 1229 1734 exi·

280 1754 368 1790 stent
389 1775 401 1794 ,
427 1750 486 1786 nisi
509 1747 686 1795 perniciosa
704 1747 874 1792 genimina
892 1758 967 1783 cum
991 1748 1156 1783 immenso
1179 1749 1229 1782 vi*

280 1813 362 1849 gore
381 1800 558 1838 severitatis
580 1797 810 1834 Ecclesiasticae
830 1796 954 1834 fuerim
986 1796 1141 1835 radicitus
1166 1807 1230 1831 am·

277 1861 418 1899 <putata-
446 1850 653 1895 Egoautem
673 1847 782 1883 multo
801 1847 908 1892 magis
933 1845 1051 1884 vellem
1081 1857 1151 1883 non
1186 1846 1232 1883 so·

281 1902 354 1940 lum
375 1902 476 1944 usque
499 1899 540 1934 ad
574 1896 765 1943 sanguinem
790 1921 802 1939 ,
838 1896 896 1933 sed
924 1898 1025 1942 usque
1055 1896 1098 1933 ad
1131 1895 1232 1941 ipsam

280 1960 423 1989 mortem
445 1949 588 1986 resistere
602 1971 614 1988 ,
639 1945 736 1989 quam
759 1946 794 1980 in
819 1946 965 1983 Ecclesia
988 1946 1055 1983 Dei
1080 1955 1149 1983 tam
1172 1946 1234 1983 fla-·

281 2002 407 2050 gitiosa
431 1998 557 2046 piacula
578 1997 703 2035 diutius
723 1996 884 2040 impunita
906 1996 1106 2044 relinquere.
1141 1997 1232 2032 ‘Scia’

282 2054 329 2089 tis
348 2062 458 2087 autem
482 2049 673 2086 Dominum
690 2045 998 2092 Rothomagenscm
1018 2047 1052 2084 ὃς
1075 2045 1233 2090 quosdam

283 2103 370 2139 alios
387 2099 475 2145 Regi
499 2100 535 2133 in
553 2099 670 2133 faciem
688 2097 805 2134 dixisse
817 2121 829 2138 ,
855 2097 987 2133 nullum
1008 2107 1051 2133 ex
1070 2097 1118 2132 eis
1151 2106 1233 2132 con-

283 2156 335 2189 tra‘
355 2149 548 2188 mandatum
568 2148 713 2184 Domini
747 2147 842 2192 Papa.
874 2146 1196 2184 communicaturum
1224 2170 1236 2188 ,

285 2204 367 2249 quin
391 2200 500 2247 potius
519 2200 738 2240 sententiam,
763 2198 787 2232 si
812 2199 847 2232 in
869 2209 946 2232 eum
965 2197 1126 2234 &terram
1139 2196 1235 2239 ipsius

285 2254 354 2295 lata
371 2252 492 2293 fuerit,
517 2249 558 2288 ad
589 2248 763 2293 jussionem
794 2247 944 2284 Domini
970 2246 1067 2289 Papae
1101 2246 1237 2281 firmiter

286 2300 524 2338 observabunt.
550 2300 678 2335 Scimus
699 2296 858 2333 autem&
876 2298 1004 2332 certum
1033 2294 1195 2331 habemus
1224 2319 1237 2335 ‚

293 2353 386 2398 quod
406 2350 584 2388 obstinatio
604 2348 707 2392 Regis
725 2345 877 2383 citiffime
908 2347 1137 2392 frangeretur,
1164 2346 1188 2380 si
1203 2346 1236 2379 in

288 2413 409 2439 terram
437 2401 505 2446 eJus
538 2383 910 2436 cismarinanmssstrieta
937 2396 1104 2448 sententia>
1141 2405 1239 2441 pone·

288 2463 398 2492 ntur.
797 2450 799 2453 “

379 2545 873 2587 ·ΕΡ18ΤΟ;ΕΛ’-
934 2545 1085 2584 CXL«.

324 2672 326 2674 -
346 2670 348 2672 -
395 2650 615 2687 Bartholomaeo
634 2645 801 2690 Exonlenfi
824 2644 975 2692 Epas'copae,
999 2649 1154 2695 Joaenn‘es

645 2696 878 2741 Saresberienfis
887 2721 896 2730 .
1094 2715 1096 2717 -

383 2803 500 2838 ICET
525 2807 569 2837 ext
595 2811 686 2836 more
709 2796 921 2834 scribentium
953 2796 995 2833 ad
1023 2797 1149 2833 amieos
1166 2796 1244 2832 salu-

409 2855 451 2888 tis
471 2863 584 2888 votum
608 2852 729 2896 pagina
750 2858 818 2882 non
841 2848 1018 2891 praetendat
1044 2873 1056 2889 ‚
1091 2846 1177 2882 nihil
1203 2857 1249 2881 ta-

304 2903 597 2940 men-affectuosius
619 2901 664 2935 est
687 2900 723 2934 in
745 2898 831 2932 votis
853 2898 888 2932 &
911 2899 1119 2934 orationibus
1140 2898 1223 2932 meis
1240 2922 1250 2937 ‚

305 2954 403 2999 quam
423 2964 458 2988 ut
481 2954 541 2987 vias
562 2951 669 2988 vestrae
689 2949 810 2995 jugiter
836 2949 1062 2992 prosperentur
1083 2949 1119 2983 in
1135 2947 1251 2982 Domi·

306 3017 354 3039 no
368 3029 375 3037 .
404 3002 643 3039 Salutationem
666 2999 790 3035 etenim
812 2998 967 3033 Domino
990 2999 1023 3033 &
1049 2999 1139 3033 Patri
1163 2998 1251 3033 debi-

306 3064 377 3090 tam
397 3052 603 3096 nequaquam
624 3049 787 3095 suspendit
808 3048 952 3082 dese-stus
979 3058 1035 3083 aut
1061 3048 1254 3084 imminutio

309 3104 497 3143 charitatis,
520 3101 572 3136 sed
591 3101 738 3135 consulta
761 3097 957 3142 dispensatio
979 3120 991 3138 ,
1017 3099 1049 3132 δε
1071 3099 1253 3133 officiorum

310 3155 517 3190 &omnium
544 3162 614 3195 quae
637 3150 719 3185 reae
729 3158 909 3194 geruntur,
935 3148 1021 3181 ratio
1044 3149 1253 3184 moderatrix.

310 3202 576 3248 Dispensationis
609 3201 687 3235 vero
720 3200 815 3234 causa
848 3198 886 3232 in·
919 3197 1094 3242 propatulo
1113 3198 1159 3231 est
1183 3221 1195 3236 ‚
1220 3208 1255 3232 ut

312 3266 384 3289 eam
409 3264 476 3290 non
496 3254 670 3296 oporteat,
696 3260 753 3284 aut
772 3247 881 3294 potins
899 3247 1055 3291 expediat
1080 3247 1212 3291 allegari
1249 3272 1255 3278 .

314 3302 406 3338 Nam
423 3302 549 3338 insidiis
567 3301 721 3336 dicuntur
742 3299 855 3333 omnia
882 3298 978 3341 plena
1001 3298 1064 3331 esse
1077 3322 1088 3338 ‚
1114 3304 1150 3331 ut
1165 3296 1257 3331 bonis

317 3352 459 3387 invicem
480 3351 693 3396 colloquendi
713 3359 770 3384 aut
792 3347 951 3382 scribendi
979 3357 1087 3381 tutum
1106 3359 1172 3381 non
1188 3348 1257 3391 pos-

319 3401 359 3435 fit
380 3401 442 3434 esse
465 3404 717 3437 commercium.
744 3399 869 3434 Nescio
900 3397 987 3441 quid*
1001 3398 1160 3432 frivolum
1181 3409 1257 3432 con-

324 3460 374 3486 tra
395 3451 619 3487 innocentiam
639 3450 776 3489 molitur
797 3448 976 3492 iniquitas,
999 3448 1034 3484 &
1055 3457 1193 3495 urgente
1211 3446 1263 3484 sti*

642 3528 662 3542 D

1281 296 1415 335 merito:
1442 298 1519 340 quia
1542 307 1605 340 pax
1627 294 1735 339 impiis
1756 296 1820 332 effe
1841 306 1910 329 non
1936 295 2032 334 debet
2051 323 2060 333 .
2089 303 2213 339 Hostes

1281 347 1353 384 suos
1371 347 1493 392 justitia
1515 346 1731 391 impugnante
1751 346 1785 380 ἀ
1806 345 1998 389 praevalente
2017 371 2029 388 ,
2073 353 2215 393 profesta,

1281 397 1369 439 quod
1391 397 1489 435 timet
1508 396 1626 440 impius
1646 396 1755 431 veniet
1778 396 1955 441 supereum
1968 416 1981 436 ‚-
2002 396 2163 443 justusqtie
2173 403 2227 438 de‘

1282 447 1430 492 angustia
1452 445 1663 487 liberabitur,
1691 446 1850 493 quoniam
1859 458 1897 483 os
1916 446 2058 484 Domini
2070 447 2218 487 locutum

1281 496 1350 532 est,
1377 496 1434 533 Ad
1464 506 1674 532 momentum·
1704 496 1844 533 turbinis
1862 496 2012 534 adversus
2044 497 2223 536 Ecclesiam

1283 546 1408 583 malitia
1426 545 1643 585 debacchatur
1656 571 1667 588 ,
1691 547 1727 583 δε
1749 545 1901 583 adversus
1913 547 2102 584 Dominum
2113 548 2227 586 vidend

1283 607 1336 633 tur
1359 597 1527 642 pravalere
1550 598 1643 642 impii
1667 610 1679 634 .-
1705 596 1824 641 quibus
1845 597 1881 633 in
1915 598 2003 634 brevi
2034 598 2183 635 Christus
2208 612 2222 642 3

1283 657 1379 691 quem
1399 649 1634 693 persequuntur
1653 671 1665 688 ,
1701 648 1745 682 fic
1765 648 1973 692 respondebit
1993 649 2035 685 ad
2069 650 2184 685 merita
2209 668 2228 693 ,-

1283 707 1320 732 ut
1342 698 1581 742 praeponderare
1603 697 1750 734 videatur
1769 697 1850 735 libra
1871 699 2036 736 vindistae.
2075 699 2119 735 Et
2139 704 2224 745 quos

1284 756 1434 793 potenter
1452 747 1566 791 puniet
1585 772 1597 788 ,
1622 760 1692 784 non
1717 759 1784 785 tam
1805 749 1998 786 examinare
2012 750 2104 786 lance
2126 751 2224 792 aequi·

1284 799 1361 833 tatis
1374 821 1385 838 ‚
1409 798 1507 843 quam
1529 798 1617 835 mole
1638 799 1877 847 magnitudinis
1895 811 2108 846 praegravare.
2137 801 2222 836 Non

1284 846 1414 892 quidem
1437 848 1527 893 quod
1546 849 1698 895 injuriam
1710 849 1854 891 inferat,
1877 851 1930 885 sed
1948 852 2025 893 quia
2049 851 2114 886 fine
2133 862 2224 886 men-

1286 900 1355 934 sura
1376 899 1410 934 &
1430 897 1531 935 modo
1552 899 1760 944 peccantibus
1780 900 2237 940 immensam&immodera-¹

1286 957 1354 986 tam
1376 949 1504 994 ingeret
1526 959 1676 996 poenam.
1705 950 1780 986 Nec
1799 950 1951 998 opinetur
1969 951 2140 996 quisquam
2170 962 2226 986 me

1288 999 1321 1034 in
1345 999 1446 1044 longa
1464 1007 1611 1045 tempora
1633 997 1825 1045 prophetare
1848 1023 1860 1039 ‚
1883 999 1960 1034 licet
1982 1002 2106 1036 oraculi
2127 1001 2237 1036 Divi-⁷¹¹

1289 1050 1322 1083 ni
1345 1049 1426 1083 sicut
1446 1047 1645 1089 authoritas,
1671 1049 1713 1084 sic
1735 1047 1858 1084 &fides
1869 1059 2122 1094 perpetuentur,
2146 1051 2225 1087 cum

1287 1099 1422 1143 planum
1441 1099 1478 1133 fit
1488 1097 1554 1142 jam
1567 1099 1770 1142 aliquatenus
1781 1097 1975 1135 inchoatum
1985 1098 2237 1145 effejudieium,

1288 1150 1392 1187 immo
1403 1148 1592 1185 executioni
1615 1148 1761 1184 mandari
1773 1148 1966 1185 sententiam
1978 1173 1986 1184 .

1338 1197 1463 1236 Nonne
1483 1197 1719 1233 Theutonicus
1742 1197 1925 1242 Tyrannus
1948 1198 2095 1234 nominis
2114 1199 2160 1234 sui
2182 1199 2235 1234 fas

1288 1261 1341 1284 ma
1354 1258 1457 1292 nuper
1471 1247 1584 1283 orbem
1608 1249 1805 1292 perculerat,
1832 1249 1866 1283 ἀ
1889 1248 1954 1283 fere
1968 1249 2138 1294 subegerat
2158 1250 2240 1286 Re-·

1288 1310 1352 1345 gna
1375 1299 1510 1334 vicina:
1549 1299 1648 1334 etiam
1678 1297 1855 1341 Imperium
1887 1299 2084 1334 Graecorum·
2109 1309 2230 1334 terrore

1288 1349 1515 1389 concusserat,
1539 1358 1577 1383 ut
1598 1348 1705 1394 magis
1723 1347 1926 1384 dedit-ionem
1944 1374 1954 1390 ‚
1983 1350 2082 1393 quam
2103 1350 2230 1384 confoe-

1288 1399 1492 1435 derationem
1505 1421 1515 1439 ,
1542 1396 1764 1443 legationibus
1780 1397 1899 1441 missis,
1927 1399 2089 1436 videretur
2099 1399 2226 1435 offerre?

1289 1449 1351 1485 Sed
1372 1459 1449 1486 ecce
1461 1473 1473 1490 ,
1510 1448 1588 1484 Deo
1608 1446 1768 1488 authore,
1793 1447 1926 1486 timetur
1945 1449 2078 1490 minus,
2115 1449 2150 1486 δε
2170 1449 2230 1494 qui

1290 1497 1367 1534 ante
1389 1508 1459 1533 tam
1482 1496 1609 1532 vicinos
1628 1496 1725 1542 quam
1748 1499 1979 1536 remotissimos
1989 1499 2060 1535 solo
2073 1505 2156 1534 nutu
2165 1508 2230 1534 ter·

1290 1549 1399 1589 rebat,
1425 1547 1596 1592 Principes
1616 1550 1690 1583 suos
1711 1547 1753 1584 ab
1775 1548 1900 1594 injuriIs
1923 1548 2075 1586 cohibere
2093 1560 2164 1584 non
2176 1555 2244 1594 po·-⁴

1293 1598 1373 1633 test.
1398 1597 1469 1644 Qi
1493 1597 1564 1632 solo
1587 1597 1688 1632 verbo
1707 1607 1819 1640 pacem
1840 1599 1995 1642 gentibus
2006 1600 2047 1635 ad
2059 1596 2243 1636 arbitrium

1293 1645 1504 1684 indicebat&
1527 1645 1611 1682 bella
1624 1670 1636 1686 ,
1662 1656 1752 1682 nunc
1770 1645 1788 1679 a
1812 1648 1877 1683 suis
1895 1648 1931 1683 δε
1951 1649 2034 1682 inter
2054 1649 2138 1682 suos
2151 1648 2235 1694 peti-

1293 1699 1335 1733 tis
1356 1698 1388 1735 &
1409 1695 1552 1740 acceptis
1571 1696 1684 1734 treviis
1709 1696 1891 1743 gratulatur
1906 1721 1914 1730 .
1948 1697 2039 1733 Nam
2058 1697 2138 1734 sicut
2160 1695 2245 1741 rpus-³>

1293 1757 1360 1780 met
1382 1746 1619 1789 conqueritur,
1644 1758 1686 1780 ex
1708 1756 1776 1788 quo
1794 1746 1958 1781 Latonam
1978 1747 2090 1788 venit,
2115 1758 2152 1782 ut
2171 1746 2247 1784 Re·-

1292 1805 1367 1840 gem
1396 1795 1598 1831 Francorum
1620 1794 1654 1830 &
1672 1793 1883 1830 Gallicanam
1908 1795 2084 1831 Ecclesiam
2106 1796 2237 1843 separa-'-

1290 1855 1341 1890 ret
1363 1844 1382 1879 a
1406 1843 1474 1880 fide
1489 1865 1507 1886 ,-
1538 1844 1572 1879 ἀ
1593 1844 1629 1878 in
1657 1844 1748 1879 suam
1767 1842 1910 1879 haeresim
1933 1854 2127 1888 perverteret
2151 1866 2163 1887 ‚
2197 1845 2250 1882 ut⁵

1294 1895 1467 1932 adorarent
1487 1893 1613 1930 idolum
1635 1894 1728 1930 suum
1741 1919 1753 1936 ,
1780 1895 1937 1930 successus
1949 1895 2016 1939 ejus
2028 1895 2136 1939 relapsi
2147 1895 2242 1932 sunt't·

1294 1945 1409 1988 &quie
1430 1954 1506 1979 eum
1526 1944 1708 1985 extulerat,
1735 1944 2019 1989 indepressionem
2030 1946 2126 1990 ipsius
2136 1946 2239 1991 coepit

1295 1995 1425 2029 fortuna
1437 1994 1610 2029 fluctuare.
1637 1994 1716 2040 Spes
1736 2004 1845 2031 autem
1868 1995 2018 2031 fidelium
2036 1995 2082 2031 est
2095 2020 2106 2037 ‚
2142 1996 2236 2039 quod

1296 2043 1337 2078 ad
1356 2043 1518 2079 honorem
1540 2043 1652 2079 Deiin
1676 2043 1764 2081 brevi
1777 2045 1917 2090 amplius
1934 2045 2154 2090 deprimetur,
2179 2045 2239 2081 do·

1298 2104 1358 2129 nec
1376 2103 1453 2128 eum
1475 2091 1618 2129 omnino
1639 2093 1820 2136 Christus,
1848 2106 1942 2139 cujus
1960 2095 2113 2143 sponsam
2136 2096 2239 2144 persea

1297 2144 1433 2189 quitur,
1461 2154 1608 2180 conterat
1619 2144 1821 2190 subpedibus
1839 2145 1907 2189 eju·
1919 2171 1927 2181 .

1349 2193 1474 2229 Nonne
1494 2218 1505 2234 ‚
1546 2195 1581 2230 δὲ
1603 2195 1687 2238 apud
1708 2206 1765 2229 vos
1782 2195 1849 2238 jam
1878 2195 2040 2241 judicium
2070 2204 2241 2235 exercetur

1299 2242 1448 2278 adversus
1469 2245 1641 2280 Tortores*
1666 2245 1849 2282 Ecclefiae'?
1885 2246 2065 2282 Intuemini
2098 2249 2253 2294 quantus·

1299 2302 1364 2327 erat
1390 2293 1464 2327 Rex
1486 2293 1641 2342 Angliae,
1668 2307 1743 2330 cum
1758 2295 1912 2340 parvulus
1933 2296 2098 2332 videretur
2116 2297 2152 2332 in
2163 2295 2252 2332 ocii-⁴

1301 2343 1340 2377 lis
1359 2342 1444 2383 suis,
1471 2343 1567 2377 &ad
1585 2345 1761 2380 Ecclesiam
1781 2345 1854 2379 Dei'
1870 2346 1921 2379 vel
1945 2347 2085 2390 speciem
2106 2345 2182 2383 fidei
2205 2344 2256 2384 &¹

1301 2392 1485 2428 reverentiae
1507 2393 1745 2436 praetendebat,
1771 2395 1807 2430 δε
1829 2393 1925 2437 plane
1946 2395 2100 2430 videbitis
2119 2397 2244 2431 eumin

1303 2442 1397 2477 nullo
1419 2442 1607 2478 frustratum·
1637 2451 1760 2478 conatu
1784 2469 1791 2476 .
1829 2443 1956 2489 Sagitta
1973 2443 2041 2487 ejus
2068 2445 2243 2481 retrorsum

1304 2504 1375 2529 non‘
1395 2491 1497 2536 abjit,
1525 2493 1662 2538 clypeus
1681 2497 1752 2527 non'
1781 2492 1960 2528 declinavit
1990 2492 2025 2528 in
2047 2493 2137 2529 bello
2153 2517 2166 2535 ,
2206 2495 2250 2531 δε·

1305 2542 1394 2578 hasta
1417 2541 1486 2586 ejus
1510 2553 1579 2577 non
1599 2542 1645 2578 est
1667 2544 1778 2578 aversa·
1794 2568 1802 2580 ,
1838 2543 1940 2586 Super
1959 2541 2098 2586 praedam
2112 2547 2247 2579 accum—

1305 2593 1401 2629 bebat
1420 2602 1460 2627 ut*
1479 2594 1531 2627 leo
1555 2611 1568 2633 ,>
1604 2602 1639 2628 ut
1662 2592 1772 2627 nullus
1805 2594 1887 2628 e‘um'
1912 2591 2055 2628 excitare
2082 2595 2247 2637 praesume-

1306 2653 1354 2678 ret
1372 2644 1389 2677 :¹
1410 2642 1463 2677 vel
1486 2643 1555 2677 visu
1578 2641 1716 2677 terrebat
1735 2641 1844 2678 hostes
1865 2668 1873 2676 .
1909 2642 2025 2677 Vicini
2042 2643 2075 2678 se
2106 2643 2257 2679 incliti&

1268 2711 1270 2728 1
1307 2694 1387 2729 bant
1408 2693 1593 2736 obsequiis.
1622 2692 1757 2728 Remoti
1779 2691 1947 2737 Principes
1969 2691 2132 2730 amicitias
2149 2694 2256 2740 expo-¹

1270 2781 1271 2784 ,
1309 2744 1439 2779 rebant.
1467 2743 1680 2778 Colebatura
1704 2742 1768 2778 suis
1786 2767 1797 2784 ‚
1833 2742 2054 2778 honorabatur
2073 2743 2116 2779 ab
2142 2748 2252 2780 exteri

1311 2795 1362 2829 nis
1373 2811 1388 2835 ,·
1412 2791 1641 2837 praedicabatur
1659 2792 1676 2827 a
1695 2793 1840 2828 cunctis.
1870 2793 1902 2829 A
1925 2791 2256 2839 bonisdiligebatur,'

1311 2845 1364 2880 sed
1385 2843 1528 2878 maxime
1547 2843 1567 2878 a
1588 2842 1689 2878 Clero
1709 2867 1720 2884 ,
1755 2844 1813 2887 qui
1837 2853 1914 2877 eum
1937 2842 2066 2878 colebat
2086 2841 2188 2887 supra'
2201 2845 2250 2878 vi-

1312 2906 1384 2934 res,
1409 2905 1468 2938 pro
1495 2894 1618 2928 viribus
1642 2893 1874 2934 venerabatur,
1899 2893 1934 2928 &
1963 2893 2112 2927 unanimi
2132 2904 2250 2937 propo·

1312 2946 1374 2979 fito
1404 2943 1565 2988 diligebat
1595 2943 1687 2987 super
1714 2951 1865 2977 amorem
1896 2942 2071 2978 mulierum
2099 2969 2107 2975 .
2153 2941 2255 2994 Quid*

1314 2993 1440 3029 multa?
1466 2993 1591 3029 Rerum
1609 2991 1836 3035 expetibilium
1857 2993 2009 3028 omnium
2033 2992 2254 3036 abundantia,·

1316 3041 1403 3090 quod
1424 3042 1464 3078 ad
1487 3042 1665 3077 humanum
1687 3041 1846 3085 judicium
1869 3067 1881 3084 ,
1907 3043 2097 3086 fruebatur,
2120 3042 2249 3079 sublato

1317 3096 1436 3130 timore
1455 3093 1490 3128 ὅ(
1513 3092 1754 3133 sollicitudine,
1780 3092 1837 3127 nisi
1860 3103 1961 3136 quam
1990 3095 2060 3130 riou
2082 3090 2254 3138 necessitas*

1316 3153 1371 3180 aut
1392 3144 1477 3178 ratio
1501 3167 1512 3183 ,
1550 3143 1601 3178 sed
1625 3142 1779 3178 voluntas
1794 3145 1851 3179 au‘t
1870 3144 2019 3188 impetus
2043 3140 2213 3188 ingerebat
2242 3165 2252 3175 .

1318 3194 1378 3230 Sed
1402 3205 1469 3237 quo
1491 3193 1558 3228 fine
1584 3192 1648 3228 haec
1674 3194 1827 3228 universa·
1850 3194 1916 3229 Dei
1941 3193 2029 3228 dona
2053 3191 2253 3234 concluflt‘,

1318 3246 1343 3279 si*
1365 3248 1471 3279 tamen
1508 3243 1574 3277 sine
1609 3244 1861 3287 poenitentia&
1897 3242 2111 3278 satisfactione
2137 3242 2250 3277 ‘subfi-

1320 3296 1374 3329 stit
1398 3295 1433 3329 in
1460 3292 1582 3328 finibus
1606 3293 1675 3328 istis
1702 3318 1713 3334 ,
1739 3304 1776 3328 ut
1802 3294 2000 3339 singularum
2028 3293 2257 3332 Ecclesiarum,

1319 3355 1396 3389 quas
1420 3342 1495 3378 ante
1522 3355 1579 3388 per
1605 3344 1825 3389 ignorantiam
1844 3368 1856 3385 ,
1889 3349 1947 3378 a'ut
1982 3343 2038 3378 sui*
2066 3343 2146 3387 juris
2181 3351 2257 3385 prz-

1320 3405 1410 3431 textu
1439 3393 1555 3428 laeserat
1578 3415 1590 3432 ‚
1615 3394 1746 3439 injurias
1774 3403 1958 3434 taceamus,
1984 3390 2174 3428 Tholositm
2193 3389 2260 3424 bel-

1321 3447 1356 3483 lo
1393 3444 1596 3491 aggressurus
1615 3468 1630 3488 ‚
1664 3443 1821 3485 omnibus
1851 3453 1968 3482 contra
1997 3443 2170 3490 antiquum
2192 3449 2262 3475 mo-

2140 3499 2208 3527 m
