2358 3776
429 103 520 167 348

358 191 565 236 (cepissemus
583 187 731 223 officium
750 185 769 222 2⁵
786 185 898 232 procul
918 185 1022 221 dubio
1046 194 1152 219 morte
1178 193 1296 218 aeterna

358 250 418 278 aut
429 238 574 285 plurimis
585 239 716 283 plenum
733 237 895 282 angustiis
904 249 919 279 ς
939 236 993 269 sed
1020 245 1056 268 ut
1068 236 1102 268 in
1115 233 1227 268 diebus
1237 244 1294 268 no-

359 290 476 328 stris&
490 288 600 324 vestris
618 289 798 333 frequenter
818 285 1054 329 emergentium
1078 283 1295 318 schismatico-

365 350 439 377 rum
449 337 635 384 praecidatur
643 338 767 374 oecafio
777 360 789 376 ,
814 337 847 369 &
860 333 1054 377 Anglicanae
1067 333 1213 369 Ecclesia
1229 344 1294 377 per-

358 398 457 436 petua
469 389 574 426 vestro
585 386 746 424 beneficio
758 396 819 427 pax
831 382 983 417 reddatur
995 407 1003 415 .
1030 383 1111 417 Hac
1135 384 1224 418 vobis
1249 382 1293 416 di·

357 442 467 476 cimus
476 450 585 475 coram
598 439 656 472 illo
665 460 676 476 ,
701 435 756 478 qui
769 433 935 476 utriusque
947 433 1093 468 nostrum
1113 433 1216 478 Judex
1226 433 1271 468 est
1284 457 1294 474 ‚

359 491 396 525 &
408 490 461 525 cui
471 498 619 525 tenemur
628 486 668 519 de
679 482 834 518 omnibus
846 483 977 517 reddere
989 483 1163 517 rationem·
1173 484 1232 518 llle
1243 495 1294 517 vo·

360 540 412 576 bis
423 539 578 581 inspiret,
603 536 637 569 δε
657 534 775 568 doceat
795 533 875 577 quid
897 532 1057 576 potiffime
1069 534 1173 568 facere
1183 534 1292 570 debea-

356 591 416 625 tis.
450 585 753 630 Audistisagonem
766 584 913 618 nostrum
924 607 936 625 ,
962 583 1016 617 sed
1029 608 1039 623 ,
1065 591 1102 616 ut
1116 582 1294 618 nostratum

353 636 538 674 Proverbio
553 635 619 670 dici
631 634 712 670 solet
726 658 737 676 ,
759 633 838 677 solm
859 634 932 674 ille,
958 638 1008 667 cui
1028 639 1180 666 vicinatur
1192 640 1270 679 ignis
1285 658 1294 673 ‚

350 686 449 732 sentit
457 687 595 720 ardorem
609 711 616 718 .
643 684 816 720 Credimus
830 694 891 717 nos
911 682 946 717 in
966 682 1124 727 Angliam
1140 683 1294 726 profestu-

356 749 412 773 ros
428 762 439 778 ,
466 736 507 772 ad
525 747 636 781 pacem
647 760 659 777 ,
681 747 721 769 an
733 736 773 770 ad
789 743 918 778 poenam
929 758 939 774 ‚
955 733 1052 767 nobis
1063 734 1224 768 incertum
1238 734 1295 775 est,

351 787 411 822 sed
422 786 593 822 Divinitus
605 786 791 822 ordinatum
803 807 813 823 ,
826 795 895 827 quae
910 785 974 818 sors
986 795 1046 818 nos
1057 794 1231 827 exceptura
1245 784 1294 816 sit.

354 837 502 881 Ideoque
519 836 712 871 Paternitati
736 835 841 870 vestrae
860 834 1132 868 commendamus
1170 833 1295 867 animas

356 887 505 928 nostras,
531 888 651 933 gratias
670 895 803 931 agentes
827 883 918 917 vobis
939 885 974 919 δε
1001 882 1201 927 Apostolicae
1220 884 1295 917 Sedi

355 939 452 982 super
472 938 625 972 omnibus
646 933 948 975 consolationibus,
974 945 1053 977 quas
1078 932 1173 967 nobis
1189 934 1223 966 ἀ
1236 945 1295 967 no-

353 989 426 1024 stris
436 987 470 1022 in
494 998 589 1022 tanto
615 986 805 1022 necessitatis
825 984 962 1019 articulo
974 982 1170 1018 ministravit
1181 1006 1190 1016 .
1217 982 1294 1017 Ρη·

351 1038 436 1072 terea
447 1036 853 1076 noveritisindubitanter‚
881 1032 971 1078 quod
994 1034 1078 1068 Ven.
1092 1034 1203 1068 Frater
1225 1033 1292 1069 No*

350 1087 414 1124 ster
427 1085 673 1130 Bartholomeus
686 1084 879 1120 Exonienfis
897 1084 1077 1128 Episcopus
1089 1082 1109 1116 ὲ
1120 1083 1215 1127 culpa
1230 1095 1292 1126 pre·

352 1137 486 1181 sumpta:
497 1136 732 1172 coronationis
754 1136 910 1170 immunis
920 1135 965 1168 est
978 1159 989 1176 ,
1014 1136 1048 1169 ὅ(
1061 1134 1118 1168 sub
1140 1132 1202 1169 hac
1215 1142 1294 1167 tem·

354 1188 476 1231 pestate
488 1187 530 1221 ab
540 1186 727 1223 adversariis
738 1186 886 1222 Ecclesxae
899 1195 1028 1231 propter
1039 1182 1199 1230 justitiam
1211 1184 1291 1219 mul·

357 1247 389 1274 ta
401 1237 551 1273 sustinuit
566 1263 574 1271 .

521 1312 931 1372 evisa-ona
1031 1332 1118 1369 L111.

450 1408 595 1472 Thomae
621 1432 847 1469 Cantuarieosi
886 1429 1189 1476 Archi-Episcopo

709 1481 837 1517 Nuncii
863 1480 933 1516 sui.

1043 92 1593 149 EPISTOLAE

1355 183 1444 220 niam
1467 185 1525 219 nifi
1549 181 1704 221 adhibitis
1727 186 1865 229 praefatis·
1884 184 2291 230 meinthinflanmmen·

1357 243 1425 270 tum
1435 247 1512 270 cum
1524 234 1672 270 manerio
1694 237 1976 282 Archi-Episcopi
2005 245 2153 279 venemu-
2173 245 2290 280 sciri&

1357 285 1476 328 inquiri
1499 286 1618 328 peterit
1643 309 1654 326 ,
1691 287 1778 320 diem
1802 291 1966 330 praesentis
1988 290 2140 329 Mandata·
2160 295 2290 337 plenia:

1355 336 1534 379 exequendi
1559 335 1653 378 ponit
1679 336 1711 368 ὃ(
1738 337 1875 382 affignat
1903 339 1998 373 vobis
2031 339 2195 382 Dominus
2215 346 2287 379 Rex

1356 385 1441 419 diem
1454 386 1542 430 Jovis
1554 385 1724 419 crastinam
1745 386 1972 422 BeatiCalixti
2003 389 2115 433 Papae.
2143 392 2286 438 Quam

1357 443 1462 469 autem
1482 436 1677 470 dilationem
1701 436 1793 470 istam
1808 438 1975 472 audientes
1985 441 2025 473 de
2041 452 2116 483 pace
2132 441 2222 477 firma
2233 455 2283 487 po

1359 484 1444 520 nitus
1455 484 1653 529 desperantes
1667 510 1677 525 ‚
1703 488 1821 520 malam
1834 489 1921 530 pacis
1932 491 1994 523 effe
2014 490 2285 533 significationem

1357 532 1541 588 constanter
1553 537 1691 570 afferunt
1710 549 1719 579 ;
1748 537 1896 586 Qidam
1908 541 1984 572 vero
2008 541 2147 573 reditum
2161 541 2288 576 termini

1357 583 1451 625 hujus
1463 582 1577 634 habere
1589 586 1726 619 nolunt:
1758 588 1847 630 quod
1875 590 1983 630 potius
2006 590 2201 624 credendum
2217 593 2261 624 est
2274 606 2287 624 ι

1356 633 1438 668 Sunt
1464 635 1573 680 ltaque
1596 647 1710 670 omnes
1733 637 1852 678 vestri,
1876 649 1959 680 quos
1983 641 2015 673 in
2031 641 2290 684 Angliainveni·

1358 694 1427 717 mus
1445 707 1456 724 ,
1481 685 1526 719 ita
1534 685 1575 720 de
1588 697 1666 730 pace
1679 687 1835 730 desperati
1850 688 1958 731 ‚quod
1971 701 2074 734 neque
2085 692 2201 724 litteris
2219 691 2289 725 Do»

1358 734 1440 767 mini
1452 734 1554 780 Regis
1564 760 1576 777 ,
1600 746 1680 780 quas
1694 748 1781 770 exrra
1797 738 1940 782 sigillum
1953 739 2128 782 pendentes
2141 740 2290 774 ostendi·-

1357 794 1448 823 mus,
1477 795 1581 829 neque
1593 785 1708 827 nobis,
1735 789 1789 831 qui
1804 789 1871 829 paci
1885 790 1974 823 facta:
1999 790 2229 832 interfuimus,
2245 791 2288 825 ‘ec

1357 844 1436 867 voce
1458 837 1529 868 viva
1547 835 1729 878 juramento
1739 838 1955 878 affirmamus,
1981 841 2107 874 credere
2131 841 2250 874 nolunt
2272 857 2291 880 ι,

1360 896 1416 918 nec
1429 887 1580 927 ponunt.
1607 887 1754 932 Qidam
1773 887 1853 921 vero
1879 890 2021 923 nostium
2038 915 2048 930 ‚
2074 890 2149 924 cum
2173 890 2292 924 Domi-

1357 945 1416 968 nus
1427 934 1501 968 Rex
1514 936 1554 968 de
1565 935 1742 969 Londonia
1758 936 1865 970 versus
1879 937 2118 980 Winthlesores
2141 942 2200 974 iter
2210 940 2291 974 sace-

1357 994 1424 1022 ret,
1449 985 1484 1018 in
1506 984 1559 1018 via
1581 985 1766 1019 accessimus
1792 986 1833 1018 ad
1857 997 1954 1026 eum,
1979 989 2012 1022 ὅ(
2034 1001 2075 1022 ex
2090 1001 2177 1034 parte
2190 989 2290 1030 vestra

1355 1044 1431 1067 cum
1443 1034 1536 1068 omni
1548 1034 1732 1068 humilitate
1745 1035 1777 1068 ἀ
1789 1030 1963 1079 diligentia
1977 1038 2185 1073 salutavimus
2199 1051 2212 1082 ,·
2225 1038 2290 1083 ipse

1357 1083 1432 1117 vero
1446 1082 1587 1128 benigne
1602 1083 1697 1119 nobis
1709 1085 1874 1127 respondit
1887 1109 1898 1125 ,
1924 1087 1958 1120 ὅ(
1971 1087 2078 1120 multo
2091 1088 2219 1123 vultum
2229 1089 2293 1122 212-

1356 1136 1490 1168 ctiorem
1505 1135 1602 1168 nobis
1613 1134 1756 1169 ostendit
1771 1135 1805 1167 in
1829 1134 1896 1174 via,
1922 1137 2019 1180 quam
2031 1135 2289 1179 coramjussitiis

1358 1185 1420 1218 suis
1432 1184 1517 1227 prius
1532 1184 1714 1219 ostenderat
1726 1209 1734 1217 .
1762 1184 1952 1219 Consulunt
1966 1198 2073 1220 autem
2085 1198 2142 1221 vos
2174 1188 2294 1222 secreti>

1357 1246 1409 1276 per
1422 1244 1481 1268 nos
1497 1234 1610 1269 Amici
1623 1234 1725 1269 nostri
1743 1235 1865 1276 multi,
1892 1235 1980 1280 quod
2000 1237 2088 1271 circa
2104 1236 2294 1272 Dominum

1358 1284 1482 1327 Regem
1495 1294 1620 1318 moram
1635 1285 1762 1319 faciatis
1773 1309 1784 1324 ‚
1811 1285 1833 1317 s1
1848 1296 1914 1329 quo
1929 1285 2030 1321 modo
2054 1288 2124 1321 fieri
2149 1287 2252 1330 potest
2272 1311 2290 1328 ‚

1354 1334 1459 1367 donec
1484 1332 1608 1375 plenius
1630 1335 1767 1377 gratiam
1791 1332 1860 1375 ejus
1882 1336 1915 1368 ὅ(
1941 1336 2062 1370 bonam
2088 1337 2293 1373 voluntatem

1355 1382 1488 1425 adipisci
1502 1383 1709 1416 mereamini.
1736 1381 1816 1416 Fere
1837 1393 1947 1418 tamen
1968 1397 2110 1427 omnes„
2130 1388 2293 1430 cunqui-

1356 1433 1413 1465 bus
1425 1432 1528 1464 locuti
1543 1433 1669 1470 sumus,
1697 1431 1742 1463 ita
1761 1433 1931 1472 personam
1949 1435 2084 1470 vestram
2110 1437 2294 1481 diligatam,

1354 1482 1387 1515 ὅτ.
1408 1481 1590 1520 access‘um,
1615 1480 1649 1514 ἀ
1673 1481 1871 1522 praeseotiam
1899 1481 2037 1516 vestram
2062 1484 2107 1516 ita
2133 1486 2297 1528 concupi-

1290 1548 1292 1550 ·
1354 1530 1580 1564 scentianimo
1591 1527 1795 1570 desiderant,
1820 1527 1907 1573 quod
1921 1541 1979 1566 vos
1998 1532 2056 1567 vix
2083 1533 2292 1574 crederetis.‘,

451 1587 576 1623 Domino
596 1581 650 1628 suo
674 1580 848 1679 bemffimo
867 1579 996 1624 salutem
1008 1601 1022 1623 ,
1045 1580 1079 1615 θ
1100 1579 1192 1625 fidele

739 1638 885 1667 ervmum
897 1655 906 1665 .
1198 1660 1200 1663 .

468 1781 730 1820 ANDATUM
757 1780 897 1816 vestrum
916 1804 927 1821 ,
956 1780 1046 1824 juxta
1071 1780 1160 1823 quod
1186 1779 1288 1824 potui·

491 1846 589 1874 mus,
613 1831 864 1876 adimplevimus
883 1852 894 1869 ‚
921 1830 1044 1864 litteras
1069 1829 1185 1867 vestras
1208 1829 1290 1863 Wil-

321 1914 323 1917 .
348 1887 464 1923 helmo
473 1884 512 1918 de
526 1884 750 1922 Emesfordia,
776 1878 1006 1914 &wilhelmo
1029 1879 1101 1914 filio
1114 1879 1241 1923 nigello
1256 1878 1291 1913 li-

348 1937 555 1975 beravimus,
580 1934 615 1968 ἀ
633 1943 689 1968 eos
711 1939 1031 1976 quacumquepoena
1045 1929 1143 1972 usque
1155 1929 1288 1963 Londo-

349 1988 441 2024 niam
455 1985 661 2023 attraximus,
685 1981 776 2016 simul
787 1991 861 2014 cum
873 1979 1035 2016 Turstino
1055 1978 1089 2013 ὅς
1111 1977 1256 2013 Osberto
1282 1999 1290 2011 .

350 2037 398 2073 Et
409 2048 485 2073 cum
497 2038 621 2071 litteras
632 2031 773 2068 Domini
797 2030 923 2075 Regis,
950 2038 1029 2074 quas
1049 2028 1134 2070 apud
1157 2037 1214 2062 vos
1238 2026 1290 2060 ha·

350 2088 486 2123 buimus
505 2085 628 2130 juniori
651 2083 739 2128 Regi
767 2081 901 2126 Anglias
922 2078 1092 2114 ostendere
1105 2078 1205 2121 parati
1218 2077 1291 2111 esse-

348 2149 424 2175 mus
441 2161 451 2177 ,
482 2136 591 2171 nullus
614 2133 749 2168 istorum
770 2142 881 2167 coram
909 2128 1002 2175 Rege
1023 2138 1172 2171 apparere
1196 2127 1291 2164 ausus

350 2188 416 2223 est.
446 2185 631 2222 Consilium
643 2186 732 2220 enim
746 2184 763 2217 a
785 2180 976 2226 quibusdam
999 2186 1208 2222 acceperant,
1234 2176 1290 2221 qui

351 2250 432 2279 eos,
460 2249 502 2272 ne
523 2237 644 2271 starent
665 2233 836 2269 nobiscum
862 2231 897 2264 in
911 2229 1070 2275 negotio,
1099 2226 1228 2270 penitus
1239 2228 1289 2260 de-

350 2288 553 2322 clinaverant
575 2310 583 2319 .
620 2285 694 2320 Nos
717 2284 792 2318 vero
813 2278 929 2323 quibus
950 2276 1159 2313 incumbebat
1191 2286 1289 2319 nego-

350 2338 438 2371 tium
460 2360 472 2376 ,
506 2343 640 2376 accepto
673 2331 848 2366 nobiscum
872 2327 944 2360 solo
980 2323 1128 2362 Roberto
1155 2325 1289 2360 Sacrista

352 2384 581 2421 Cantuarienfi
591 2381 741 2416 audaster
752 2404 764 2420 ‚
775 2379 807 2412 δι
820 2388 896 2411 curn
910 2375 1003 2409 omni
1015 2373 1200 2418 diligentia,
1212 2386 1290 2408 con·

351 2436 446 2471 sultis
467 2444 578 2468 tamen
599 2427 784 2463 Wilhelmo
810 2427 883 2461 filio
907 2423 1038 2465 ΛΙᾶΕῙὶ,
1065 2426 1099 2461 ὅ(
1113 2423 1291 2468 Radulpho

352 2485 426 2521 filio
436 2481 615 2528 Stephani,
641 2477 829 2514 accessimus
841 2476 881 2510 ad
893 2475 1018 2519 Regem
1031 2475 1066 2508 in
1085 2474 1222 2508 Camera
1236 2475 1291 2508 sua

352 2536 441 2580 apud
453 2529 788 2572 vvestmonasterium
802 2551 813 2567 ‚
837 2524 892 2560 die
906 2525 990 2558 lunae
1007 2525 1153 2567 proxima
1167 2524 1236 2567 post
1251 2525 1292 2559 fe·

355 2586 442 2621 stum
465 2583 558 2619 Beati
581 2578 760 2614 Michaelis
772 2601 783 2618 ,
809 2574 1017 2610 residentibus
1029 2585 1104 2609 cum
1117 2575 1186 2618 ipso
1198 2575 1291 2619 Rege

356 2635 493 2669 Comite
515 2629 701 2670 Reinaldo,
731 2625 1004 2664 Archi-Diacono
1024 2621 1250 2659 Cantuarienfi
1279 2649 1290 2665 ,

357 2674 638 2719 Archi-Diacono
659 2677 846 2712 Pissavienfi
859 2700 870 2716 ,
897 2671 1081 2709 Wilhelmo
1104 2675 1144 2709 de
1156 2675 1292 2719 S-Joan·

359 2747 422 2775 ne,
448 2733 484 2768 ἀ
503 2730 615 2765 multis
634 2728 733 2764 aliis-
760 2727 882 2761 Comes
902 2735 1009 2759 autem
1021 2724 1224 2770 chinaldus
1239 2737 1290 2759 au-

358 2784 427 2819 dita
438 2793 535 2827 pace3
561 2778 746 2815 fimiliter&
758 2777 862 2820 plures
877 2776 956 2816 alii,
982 2774 1033 2809 sed
1049 2786 1117 2808 non
1138 2785 1254 2809 omnes
1282 2799 1291 2815 ,

359 2836 437 2870 Deo
450 2832 528 2868 inde
539 2840 650 2868 coram
661 2828 757 2873 Rege
767 2827 888 2872 gratias
912 2824 1031 2871 devote¹
1047 2823 1257 2860 reddiderunt
1284 2850 1290 2857 .

360 2883 512 2919 perlectis
523 2878 598 2917 vero
609 2878 723 2915 litteris
735 2901 746 2917 ‚
774 2876 870 2911 nobis
887 2876 1007 2910 amotis
1029 2876 1202 2909 confilium
1216 2875 1292 2908 inde

361 2934 437 2970 Rex
450 2935 480 2968 se
491 2940 660 2976 capturum
671 2927 853 2973 respondit.
881 2927 983 2960 Tunc
1006 2937 1122 2960 vocato
1146 2924 1292 2960 Walthe·

362 2996 402 3019 ro
414 2984 456 3019 de
465 2981 574 3019 Insula
583 3003 595 3021 ,
619 2980 652 3015 &
663 2989 739 3014 cum
751 2976 868 3012 eodem
881 2974 994 3009 habito
1017 2976 1156 3009 consilio
1166 3000 1177 3017 ,
1203 2986 1291 3010 revo-

363 3035 432 3069 cati
449 3035 580 3073 sumus,
605 3031 639 3065 ἃ
660 3025 867 3073 praesentibus
889 3026 984 3058 nobis
1005 3025 1292 3060 Archi-Diaconus

364 3084 469 3118 vester
489 3080 730 3117 Cantuarienlis
751 3078 785 3112 in
810 3075 878 3111 haec
901 3074 996 3110 verba
1008 3076 1196 3119 respondit.-
1223 3076 1293 3110 Do-

365 3135 474 3168 minus
493 3131 567 3165 Rex
590 3128 788 3166 Mandatum
809 3126 843 3161 ὃ(
868 3124 1067 3168 Praeceptum
1094 3126 1291 3161 Dominisui

365 3183 470 3218 Patris
481 3178 603 3224 accepit
616 3179 738 3213 &inde
760 3175 933 3212 confilium
948 3173 1063 3211 habuit
1076 3199 1083 3206 .
1112 3176 1291 3218 Respondit

367 3233 468 3279 igitur
478 3232 536 3266 fic:
564 3227 783 3270 Randulphus
795 3225 834 3260 de
858 3225 964 3265 Broc,
989 3224 1023 3258 &
1047 3224 1190 3257 Ministri
1215 3225 1298 3268 ejus:

364 3285 439 3318 dem
453 3278 643 3324 Randulphi
657 3277 801 3312 similiter
820 3287 894 3311 cum
908 3275 979 3309 aliis
993 3272 1151 3307 Ministtis
1163 3284 1260 3309 terras
1285 3301 1293 3315 ‚

367 3333 401 3365 ὅ(
419 3328 625 3377 posseffiones
655 3325 1008 3368 Archi-Episcopatus,
1034 3324 1067 3358 ὅ(
1089 3333 1159 3364 res,
1187 3324 1293 3358 Eccle-

370 3383 428 3414 sias
440 3407 449 3420 ,
475 3385 507 3417 &
519 3381 641 3416 reditus
654 3378 856 3412 Clericorum
876 3373 1143 3416 Archi-Episcopi
1169 3373 1296 3408 diversis

370 3431 405 3466 in
419 3431 499 3465 locis
511 3432 677 3474 Praecepto
689 3425 792 3473 Regis
802 3424 906 3460 Patris
921 3423 1107 3460 habueruut
1121 3445 1131 3455 .
1161 3423 1204 3457 Et
1219 3436 1296 3469 quo·

1354 1580 1407 1614 sed
1420 1580 1520 1615 timor
1537 1580 1622 1623 ipsos
1632 1578 1829 1613 dissimulare
1842 1580 1946 1624 cogit,
1959 1583 2043 1626 quasi
2058 1594 2125 1616 non
2138 1583 2288 1629 diligant.

1355 1631 1500 1664 Domine
1521 1630 1727 1669 audivimus,
1755 1630 1789 1663 &
1809 1630 1826 1662 a
1849 1630 1993 1674 quodam
2017 1632 2287 1677 familiariquon·

1352 1680 1427 1714 dam
1440 1680 1545 1715 vestro
1558 1692 1616 1724 pro
1627 1689 1716 1714 certo
1728 1678 1903 1714 didicimus
1912 1705 1922 1721 ‚
1954 1682 2070 1716 scimus
2081 1681 2180 1716 etiam
2191 1707 2202 1723 ‚
2213 1683 2291 1727 quia

1353 1741 1464 1764 verum
1473 1730 1541 1766 est.-
1568 1730 1736 1765 Dominus
1751 1728 1825 1763 Rex
1849 1729 1983 1775 Angliae
2009 1743 2064 1775 per
2078 1730 2290 1767 Waltherum

1351 1781 1390 1814 de
1402 1781 1508 1814 Insula
1519 1804 1530 1820 ,
1556 1780 1590 1814 δι
1603 1791 1658 1822 per
1670 1779 1786 1813 Brevia
1799 1779 1854 1814 sua
1867 1791 1920 1822 pet
1942 1783 2086 1815 eundem
2101 1782 2134 1816 in
2146 1780 2292 1825 partibus

1351 1830 1417 1863 illis
1428 1829 1602 1863 transmissa
1615 1828 1804 1864 submonuit
1819 1828 2001 1872 Rogerium
2029 1831 2270 1866 Eboracensem
2281 1854 2294 1871 ,

1350 1879 1471 1913 dietum
1483 1877 1820 1920 Archi-Episcopum,
1850 1877 2038 1914 Gilbertum
2073 1880 2292 1916 Londonien-

1352 1930 1439 1968 sem,
1466 1928 1652 1971 jocelinum
1676 1926 1945 1964 saresberiensem
1974 1929 2177 1974 Episcopos,
2201 1931 2291 1966 &de

1350 1976 1505 2011 omnibus
1517 1975 1666 2011 Ecclefiis
1677 2001 1688 2016 ,
1715 1986 1786 2019 quae
1797 1977 1958 2012 vacantia
1971 1979 2097 2025 Anglia
2112 2005 2125 2023 ,
2148 1991 2291 2025 quatuor

1353 2028 1402 2063 vel
1424 2027 1478 2062 sex
1506 2027 1679 2070 personas,
1706 2025 1871 2066 Clericus,
1899 2038 1935 2061 ut
1961 2027 2140 2073 Episcopos
2159 2031 2296 2064 suasio--

1352 2076 1496 2112 cundum
1515 2076 1583 2120 ejus
1595 2077 1826 2117 voluntatem,
1851 2077 1884 2112 δε
1908 2078 2130 2120 praedictorum
2154 2079 2287 2123 Episco-

1354 2138 1466 2170 porum
1477 2127 1611 2163 confilia
1621 2126 1745 2170 eligant
1758 2148 1768 2164 ‚
1787 2128 1821 2161 δε
1833 2125 1962 2160 eosdem
1976 2126 2156 2163 secundum
2173 2129 2291 2164 volun·

1352 2188 1451 2211 ratem
1475 2179 1563 2213 suam
1575 2200 1593 2221 ‚1
1614 2176 1648 2211 &
1674 2176 1809 2209 istorum
1833 2176 2006 2210 confilium
2028 2178 2127 2212 eleeto
2152 2178 2289 2214 Summo

1355 2228 1508 2263 Pontifici
1521 2226 1560 2261 ad
1572 2226 1808 2261 detrimentum
1835 2225 1981 2260 Ecclesiae
2006 2226 2251 2264 Cantuarienfis
2277 2253 2289 2270 ,

1351 2280 1382 2311 ὃς
1398 2278 1490 2312 vestri
1504 2275 1729 2312 confusionem
1747 2299 1758 2315 ,
1781 2276 1870 2318 quod
1896 2275 1991 2310 Deus
2013 2287 2156 2318 avertat,
2184 2279 2290 2316 conse-

1352 2328 1488 2361 ,ri-andos
1509 2327 1671 2362 destinent
1692 2350 1699 2357 .
1736 2324 1817 2358 Inde
1842 2325 1996 2369 siquidem
2022 2327 2065 2364 est
2089 2353 2099 2369 ,
2125 2328 2218 2371 quod
2236 2328 2291 2363 ad-

1355 2388 1486 2410 ventum
1499 2377 1638 2411 vestrum
1660 2375 1696 2408 in
1719 2375 1882 2419 Angliam
1897 2376 2026 2411 tantum
2049 2378 2182 2421 cupiat:
2208 2378 2290 2414 &in

1351 2425 1543 2460 confusione
1555 2426 1695 2468 personas
1707 2423 1817 2460 vcstrae
1832 2426 1875 2458 ira
1892 2424 2074 2467 frequenter
2094 2426 2290 2470 &improbe

1353 2475 1519 2519 persistat.
1559 2473 1723 2509 Videmus
1760 2483 1868 2506 autem
1899 2471 1993 2515 hujus
2030 2475 2289 2511 machinationis
2354 2510 2358 2519 J

1353 2525 1534 2560 Diabolicae
1555 2525 1653 2557 nimis
1679 2533 1787 2563 certa,
1813 2522 1847 2556 &
1867 2523 2024 2558 omnibus
2051 2523 2287 2568 Regionemil.

1355 2576 1417 2609 lam
1444 2573 1705 2609 inhabitantibus
1728 2571 1896 2606 credibilia
1917 2572 2042 2607 indicia
2063 2598 2075 2606 .,
2111 2575 2289 2619 Episcopus

1353 2626 1441 2660 enim
1453 2625 1509 2661 ille
1519 2624 1622 2658 dictus
1634 2621 1875 2657 Londonienfis
1891 2622 1902 2661 ,
1927 2622 1979 2656 sed
1996 2634 2064 2659 non
2083 2634 2175 2659 verus
2189 2624 2289 2668 ,Epis-

1353 2686 1471 2719 copus,
1497 2674 1620 2717 jamdiu
1645 2672 1680 2706 in
1698 2670 1838 2715 partibus
1864 2671 2141 2707 Reverlacensibus
2159 2685 2289 2710 moram
2344 2700 2350 2703 -

1354 2726 1429 2759 fecit
1443 2749 1453 2764 ‚
1480 2725 1512 2759 &
1523 2724 1608 2767 quasi
1624 2722 1762 2755 Beatum
1778 2722 1938 2764 Joannem
1949 2721 2069 2762 ibidem
2079 2722 2285 2765 adoraturus,

1354 2777 1464 2810 falsam
1486 2773 1780 2819 peregrinationem
1805 2772 1989 2811 fimulavit,
2014 2782 2050 2806 ut
2074 2772 2152 2807 inde
2174 2773 2288 2809 similis

1353 2824 1503 2860 Domino
1515 2825 1589 2864 suo,
1615 2821 1800 2858 &Pastoris
1813 2821 1859 2855 sui
1881 2820 2033 2864 operibus
2055 2818 2223 2864 detrahat,
2251 2824 2288 2858 ὃς

1355 2877 1458 2920 ipsum
1473 2884 1540 2909 non
1552 2874 1664 2912 aliter,
1691 2872 1789 2915 quam
1804 2870 1949 2905 cruentis
1958 2870 2108 2906 manibus
2139 2873 2288 2918 jugulare

1355 2925 1559 2961 machinetur
1575 2948 1583 2956 .
1610 2924 1662 2958 De
1682 2919 1734 2954 his
1756 2919 1932 2961 omnibus,
1959 2919 2106 2958 Domine
2131 2918 2285 2959 veneran-

1354 2976 1417 3016 de,
1445 2975 1536 3009 vobis
1549 2972 1714 3016 providere
1724 2969 1897 3014 diligenter
1920 2971 2091 3012 studeatis,
2118 2973 2152 3007 δε
2174 2973 2285 3008 secun-

1355 3025 1434 3061 dum
1445 3025 1636 3066 consilium,
1662 3018 1750 3064 quod
1772 3019 1789 3053 a
1817 3019 1891 3066 Deo
1911 3020 2047 3064 desuper
2064 3022 2178 3056 datum
2190 3022 2282 3060 vohis

1358 3076 1453 3110 fuerit
1465 3099 1477 3116 ‚
1503 3085 1578 3109 cura
1591 3071 1763 3116 pervigili,
1788 3070 1900 3103 animo
1911 3069 2051 3106 discreto
2065 3095 2077 3112 ,
2103 3071 2283 3110 infestatio-
2352 3091 2357 3095 ·

1358 3136 1414 3160 nes
1437 3124 1531 3159 vobis
1553 3120 1772 3157 insidiantium
1795 3118 1860 3153 Dei
1873 3120 2021 3162 auxilio,
2046 3122 2101 3165 qui
2116 3133 2182 3160 non
2194 3120 2282 3156 dere-

1359 3176 1478 3220 linquit
1491 3169 1689 3218 sperantesin
1703 3168 1755 3209 se,
1782 3169 2048 3204 valideexcutere
2062 3171 2195 3214 poffitis.
2229 3172 2284 3209 De

1358 3236 1470 3260 caetero
1482 3223 1645 3262 Domine,
1671 3219 1876 3262 quamcitius
1896 3220 2006 3254 litterae
2027 3221 2167 3255 Domini
2182 3222 2282 3266 Regis

1351 3276 1430 3310 .visae
1461 3275 1494 3310 &
1513 3273 1628 3308 auditae
1649 3271 1801 3310 fuerunt,
1827 3270 2010 3304 audivimus
2031 3270 2135 3316 dicere
2156 3293 2167 3310 ‚
2193 3270 2280 3313 quod

1360 3326 1432 3360 Rex
1445 3319 1758 3380 &iArchbDiaconi
1784 3320 1891 3353 statim
1915 3320 2087 3354 Nuncium
2109 3321 2280 3365 quemdam

1360 3375 1398 3410 ad
1411 3375 1537 3418 Regem
1549 3371 1583 3406 in
1594 3370 1835 3406 Normanniam
1848 3369 2089 3406 transmiserunt
2100 3395 2111 3411 ‚
2137 3369 2188 3405 sed
2201 3367 2281 3413 quid

1355 3423 1603 3466 mandaverint,
1629 3419 1758 3469 penitus
1783 3421 1969 3465 ignoramus
1991 3445 2001 3454 .
2031 3420 2157 3457 Idcirco
2186 3419 2283 3453 Lato·

2162 3479 2231 3503 rein
