2358 3776
576 86 615 132 S.
663 82 951 131 THOMAE
1002 73 1408 128 CANTUAR.
1457 78 1590 127 LIB.
1633 86 1692 130 V.

148 181 190 219 eg·
202 172 356 215 Barbarie
379 172 647 217 compellerentur
668 168 809 213 hospites
830 166 1031 212 &peregrini
1045 166 1085 200 ad

148 223 332 264 hujusmodi
344 222 542 265 juramenta.
575 220 757 255 Etfortasse
770 219 922 253 satellites
943 218 1010 249 vim
1036 228 1087 259 pa·

147 275 263 308 raflent
275 297 285 313 ,
312 273 371 307 nist
384 284 439 308 eos
449 271 692 315 compescuisset
711 269 868 304 tumultus
896 265 1064 309 Popularis
1076 290 1086 306 ,

149 333 294 357 verentes
308 323 418 358 Plebis
429 325 582 366 impetum
596 345 606 360 ,
629 332 700 365 quar
710 321 752 354 sic
762 318 802 353 de
813 327 940 362 recepto
956 315 1086 350 Pastore

147 374 256 417 gavisa
279 373 325 407 est
340 397 351 413 ,
376 374 445 408 acsi
467 374 508 407 de
531 372 628 406 Coelo
650 373 734 405 inter
757 369 909 404 homines
929 366 1087 400 Christus

147 423 212 465 ipse
223 422 427 458 descenderet
442 448 449 456 .
479 422 564 456 Cum
577 420 654 455 vero
668 422 697 454 se
707 420 759 454 die
770 418 916 462 sequenti
944 417 1087 450 Cantua-

147 473 369 516 riaereperisset
385 497 396 513 ,
423 471 631 507 veneruntad
644 481 716 505 eum
729 471 857 503 alterius
875 465 1083 508 Archi-Epis-

148 524 269 565 copi&
299 523 532 566 Episcoporum
556 521 775 564 suspensorum
799 517 922 551 Nuncii
946 541 957 558 ‚
981 517 1020 550 ad
1036 517 1085 549 Se-

151 573 228 609 dem
257 572 480 616 Apostolicam
511 571 708 615 appellantes
730 593 742 610 ,
782 567 858 602 licet
891 568 936 601 eis
958 565 1084 600 indubi-

149 632 256 658 tanter
276 622 436 656 constaret
456 647 467 664 ,
493 622 580 666 quod
605 621 747 654 summus
768 618 922 652 Pontifex
951 627 1084 651 omnem

147 673 331 717 appellandi
369 674 555 716 praecluserit
593 671 778 705 facultatem
798 693 805 700 .
833 667 1005 702 Venerunt
1043 678 1083 700 ex

148 723 215 757 alio
227 723 323 757 latere
336 723 474 757 Domini
489 722 590 766 Regis
604 718 756 753 officiales
767 743 777 759 ,
792 719 848 752 suo
864 728 1015 763 rogantes
1030 728 1084 750 no-

148 774 239 807 mine
251 797 260 812 ,
274 774 306 805 &
319 772 447 814 publica
455 771 686 806 denunciantes
697 768 907 808 authoritate,
919 779 954 802 ut
967 767 1084 802 Archi-

148 821 330 864 Episcopus
341 822 437 857 latam
453 823 486 855 in
511 818 822 862 Archi-Episcopum
847 818 1083 853 Eboracensem

147 871 273 905 &alios
289 872 464 915 Episcopos
486 868 684 905 Sententiam
707 869 880 910 relaxaret,
910 869 968 902 nisi
983 869 1085 913 Regis

148 919 183 954 &
195 921 302 964 Regni
315 921 408 955 vellet
419 920 545 954 decerni
561 919 710 962 publicus
730 917 829 952 hostis
845 943 855 960 ,
880 919 982 962 utqui
997 929 1084 953 novo

147 970 236 1014 Regi
247 970 413 1004 Coronam
425 970 620 1003 moliebatur
630 970 752 1003 auferre
769 993 776 1001 .
798 968 853 1003 Ad
864 969 953 1012 quod
969 967 1083 1003 Archi-

149 1019 332 1063 Episcopus
343 1019 505 1063 respondit
525 1022 555 1054 se
568 1018 661 1053 nullo
683 1019 785 1053 modo
807 1020 998 1064 impugnare
1022 1019 1084 1053 Re·

147 1070 239 1115 giam
249 1068 444 1113 dignitatem
454 1094 463 1110 ,
489 1070 541 1104 sed
554 1067 662 1113 potius
675 1070 755 1103 vires
767 1093 778 1110 ,
805 1080 880 1112 opes
900 1070 933 1103 &
946 1069 1085 1114 gloriam

147 1129 208 1163 pro
220 1118 341 1154 viribus
354 1120 388 1153 in
409 1119 541 1155 Christo
560 1129 846 1164 augmentaturum
861 1144 872 1160 ,
899 1118 962 1153 hoc
977 1128 1085 1152 tamen

149 1169 242 1203 nulla
265 1171 392 1204 ratione
413 1171 573 1213 impetrari
596 1171 682 1213 posse
704 1194 714 1210 ,
741 1171 819 1210 quin
841 1168 990 1204 adversus
1014 1179 1085 1211 prae-

147 1219 330 1262 sumptores
348 1219 523 1263 Episcopos
548 1219 694 1254 Ecclefiae
716 1220 776 1253 suz
796 1218 953 1260 justitiam
979 1219 1084 1262 prose-

148 1277 278 1313 quatur.
311 1268 378 1302 lllis
389 1280 496 1303 autem
510 1268 704 1302 instantibus
715 1268 819 1302 acrius
832 1269 951 1310 adjecit
963 1292 973 1308 ‚
996 1266 1083 1310 quod

147 1329 209 1363 pro
221 1317 348 1352 honore
360 1319 497 1352 Domini
510 1318 628 1360 Regis,
640 1315 717 1348 licet
728 1316 759 1348 ei
772 1317 984 1358 periculosum
996 1317 1086 1354 esset,

147 1367 184 1401 &
195 1367 276 1400 vires
288 1366 354 1410 ejus
367 1367 535 1399 excederet
546 1390 556 1405 ,
582 1365 657 1408 quia
675 1364 777 1407 Iudex
790 1364 924 1400 inferior
938 1366 1086 1409 Superio-

144 1414 189 1450 ris
203 1427 270 1450 non
286 1415 387 1459 potest
400 1416 539 1449 relaxare
550 1415 740 1448 sententiam
753 1437 763 1453 ‚
789 1424 914 1456 paratus
926 1426 991 1449 erat
1004 1416 1086 1449 duos

148 1465 331 1508 Episcopus
342 1463 522 1504 absolvere,
550 1474 678 1507 recepto
691 1461 731 1496 ab
741 1463 787 1496 eis
799 1463 885 1506 prius
911 1465 1085 1499 secundnm

146 1523 274 1549 morem
287 1514 624 1557 Ecclefiaejuramento
644 1537 654 1554 ,
682 1511 769 1556 quod
793 1513 932 1548 Domini
956 1514 1049 1558 Papae
1076 1538 1087 1554 ,

146 1563 206 1607 qui
227 1574 283 1598 eos
305 1565 473 1604 vinxerat,
511 1562 680 1598 Mandatis
702 1564 892 1597 obedirent.
920 1564 1087 1598 Officiales

146 1621 255 1650 nutem
274 1625 341 1648 non
354 1614 563 1657 permiserunt
578 1622 613 1647 ut
627 1615 716 1648 fieret
730 1637 741 1654 ,
765 1613 911 1649 dicentes
925 1614 1086 1657 hujusmo-

147 1663 411 1706 dijuramentum
435 1663 476 1698 ab
499 1664 667 1706 Episcopis
692 1674 759 1697 non
781 1664 898 1699 debere
919 1665 1050 1708 praestari
1077 1686 1088 1703 ,

147 1713 224 1757 quia
237 1713 347 1758 Regni
361 1714 626 1748 Consuetudines
640 1714 853 1758 impugnabat
867 1740 875 1747 .
901 1714 1088 1758 Replicavit

147 1761 190 1801 ad
201 1762 267 1797 haec
281 1762 601 1806 Archi-Episcopus,
628 1763 716 1804 quod
740 1775 812 1797 cum
829 1765 1014 1798 Dominum
1029 1763 1087 1798 Pa-

146 1822 224 1857 pam
234 1813 340 1845 modis
350 1811 503 1845 omnibus
517 1812 610 1844 antea
630 1811 872 1852 sollicitassent,
899 1823 936 1845 ut
958 1825 1015 1846 eos
1036 1812 1088 1847 ab-

147 1862 315 1896 solvereta
328 1861 463 1896 vinculo
476 1860 714 1900 anathematis,
743 1872 809 1904 quo
830 1862 927 1896 solius
947 1862 1088 1896 Cantua·

148 1911 261 1949 tiensis
286 1911 434 1948 Ecclesiae
453 1910 651 1946 authoritate
671 1911 796 1944 fuerant
819 1912 993 1951 innodati,
1018 1924 1085 1946 non

147 1961 207 1996 nisi
235 1961 370 2005 praestito
392 1960 575 2003 juramento
596 1960 678 1993 solvi
701 1970 876 2002 potuerunt
898 1985 906 1993 .
937 1961 1037 2008 Qod
1065 1960 1087 1994 si

148 2011 360 2045 necessarium
371 2012 434 2045 fuit
444 2011 483 2044 ad
498 2011 594 2045 unius
606 2009 758 2053 Episcopi
782 2011 973 2044 sententiam
984 2010 1088 2045 dissol-

150 2060 292 2095 vendam
304 2084 315 2100 ,
342 2072 410 2103 quae
421 2060 521 2105 longe
534 2059 665 2094 inferior
676 2060 720 2093 est
732 2060 839 2094 edicto
863 2061 988 2094 Summi
1003 2062 1089 2095 Pon-

149 2110 269 2151 tificis,
295 2110 498 2145 luceclarius
509 2110 575 2150 est,
602 2108 691 2153 quod
711 2110 867 2145 sententia
896 2110 1087 2155 Apostolica

150 2159 216 2195 fine
226 2170 289 2200 eo,
315 2161 483 2202 praesertim
506 2161 523 2193 a
539 2159 647 2202 judice
671 2158 835 2200 inferiori,
865 2161 943 2194 solvi
960 2172 1024 2194 non
1037 2160 1086 2195 de·

150 2208 227 2248 bet.
256 2208 311 2243 Ad
322 2207 551 2251 hujusmodi&
565 2210 682 2243 similes
702 2209 915 2254 allegationes
940 2210 1086 2254 Episcopi

151 2258 240 2292 moti
251 2259 326 2292 sunt
339 2282 350 2298 ‚
377 2260 410 2293 &
422 2260 501 2294 sicut
512 2270 570 2301 pro
581 2269 669 2293 certo
683 2258 819 2294 relatum
831 2261 874 2295 est
884 2285 894 2300 ,
920 2260 960 2295 ad
975 2260 1087 2294 Archi-

151 2309 308 2351 Episcopi
318 2307 539 2343 Clementiam
549 2309 769 2353 confugissent
781 2334 791 2349 ,
815 2310 870 2343 nisi
881 2322 935 2344 eos
947 2311 1023 2352 saepe
1035 2321 1091 2343 no-

151 2360 297 2392 minatus
310 2358 518 2393 Eboracenfis
540 2359 711 2393 seduxisset
725 2384 736 2400 ,
762 2360 944 2394 dissuadens
969 2359 1110 2409 nequid,

151 2407 247 2453 Rege
258 2408 399 2442 facerent
416 2408 626 2448 inconsulto,
654 2419 749 2452 quem
773 2407 951 2444 Patronum
974 2409 1090 2443 habue-

150 2457 269 2492 rantin
290 2457 444 2492 omnibus
465 2457 616 2501 operibus
633 2458 717 2491 suis.
747 2457 936 2503 lllisitaque
954 2470 1029 2492 cum
1045 2461 1090 2491 in-

149 2506 346 2551 dignatione
375 2508 621 2550 properantibus
638 2506 679 2542 ad
707 2509 890 2541 Dominum
923 2509 1049 2553 Regem
1080 2533 1089 2547 ,

151 2556 262 2591 noster
286 2553 581 2599 Archi-Episcopus
601 2557 641 2590 ad
663 2569 784 2591 novum
805 2558 930 2604 Regem
943 2559 1001 2592 iter
1017 2558 1090 2592 arri·

151 2605 243 2650 puit.
270 2604 359 2639 Cum
376 2604 451 2639 vero
470 2604 661 2639 Londonias
681 2608 888 2648 pervenirier,
915 2609 1087 2642 denuncia-

154 2657 202 2689 vit
213 2655 244 2689 ei
256 2653 330 2689 Rex
340 2655 470 2697 junior,
497 2666 537 2688 ne
549 2652 813 2699 progrederetur,
840 2668 900 2690 nec
928 2656 1088 2691 Civitates

152 2703 221 2747 ejus
231 2714 286 2739 aut
298 2704 437 2740 Castella
452 2705 606 2745 intraret,
631 2704 683 2738 sed
708 2705 861 2748 reciperet
887 2708 917 2739 se
940 2717 1013 2739 cum
1028 2707 1087 2740 suis

150 2753 239 2788 infra
249 2753 409 2788 ambitum
426 2754 568 2788 Ecclefiae
581 2755 642 2788 suae
653 2778 664 2794 ,
681 2753 715 2787 ὅ(
728 2754 789 2788 suis
800 2754 1029 2790 denunciatum
1041 2757 1085 2790 est

153 2814 196 2842 ne
209 2802 318 2849 Regni
332 2805 411 2838 fines
422 2814 559 2845 exeant,
586 2815 626 2838 ne
647 2804 801 2848 prodeant
821 2805 855 2838 in
880 2805 1048 2849 publicum
1075 2830 1084 2847 ,

153 2852 209 2890 sed
219 2854 298 2888 ficut
311 2854 341 2888 se
363 2855 447 2898 ipsos
467 2853 613 2899 diligunt
627 2877 638 2894 ,
662 2863 797 2889 caveant
822 2854 898 2889 fibi.
929 2856 1004 2902 Qa
1027 2856 1084 2890 de—

156 2903 371 2937 nunciatione
393 2903 554 2947 publicata
576 2905 608 2938 se
628 2904 662 2938 &
683 2903 755 2938 suos
776 2904 959 2939 Cantuariae
969 2907 1084 2949 recepit

155 2951 476 2997 Archi-Episcopus,
504 2953 613 2997 ibique
635 2954 768 2988 salutare
785 2954 848 2988 Dei
879 2966 955 2989 cum
978 2957 1083 2993 multo

155 3002 342 3038 discrimine
354 3002 588 3046 praestolamur.
617 3003 733 3048 Neque
758 3004 851 3038 nobis
874 3006 926 3038 via
937 3006 1082 3040 consola-

155 3052 259 3088 tionis
279 3063 333 3086 aut
355 3052 531 3087 securitatis
554 3052 618 3088 alia
640 3063 748 3097 patet,
773 3055 869 3098 quam
883 3065 918 3088 ut
929 3055 1037 3089 vestris
1052 3056 1084 3089 δε

157 3102 340 3137 sanctorum
362 3103 577 3137 Orationibus
598 3104 770 3138 evadamus
794 3104 1045 3139 insidiaseorum
1073 3129 1083 3145 ,

157 3152 217 3196 qui
230 3153 374 3186 Ecclesiae
385 3151 573 3197 sanguinem
594 3153 722 3195 sitiunt,
749 3155 782 3188 ὅ(
804 3165 969 3198 quaerunt,
999 3167 1034 3188 ut
1045 3154 1084 3188 de

159 3211 242 3235 terra
264 3201 393 3245 penitus
414 3202 607 3243 avellamur,
632 3213 687 3238 aut
705 3204 837 3238 celerius
862 3216 1026 3249 pereamus
1049 3206 1081 3238 in

156 3250 243 3294 ipsa.
269 3251 365 3286 Licet
376 3262 484 3286 autem
501 3252 676 3293 persecutio
698 3254 875 3298 gravissima
897 3255 958 3296 fit,
986 3255 1020 3288 ὃς
1042 3255 1082 3288 ad

159 3301 474 3345 Archi-Episcopum
487 3312 571 3335 rarus
580 3303 620 3336 de
632 3313 763 3339 numero
775 3304 913 3339 divitum
934 3306 968 3338 ὅ(
980 3303 1082 3338 hono·

159 3362 304 3388 ratorum
319 3352 458 3386 visitator
468 3351 621 3392 accedat,
648 3353 714 3395 ipse
733 3364 839 3389 tamen
862 3355 983 3389 cunetis
1005 3354 1044 3388 ad
1058 3357 1085 3388 se

161 3400 366 3441 venientibus
391 3401 581 3436 Pontificali
601 3403 819 3450 gravitatejus
837 3404 943 3441 reddit
961 3427 973 3447 ‚
990 3403 1084 3441 dedu·

261 3454 287 3484 C
290 3450 368 3492 brist.
381 3452 459 3495 Lupl
472 3454 569 3494 Opera
581 3448 701 3486 Tomx.

1923 105 2015 152 353

1141 166 1189 199 aa
1204 160 1333 205 prorsus
1346 163 1534 205 acceptione
1548 169 1754 207 personarum
1765 183 1803 207 ac
1814 184 1994 210 munerum.
2006 177 2081 211 Fra-

1129 221 1188 266 'bter
1203 214 1345 250 meusad
1358 215 1502 245 nostrum
1518 214 1735 253 Exoniensem
1748 246 1758 262 ,
1783 234 1880 267 quem
1904 224 1986 259 mjhj
2001 238 2084 260 non.

1143 262 1222 298 dum
1234 263 1327 295 licuit
1340 263 1462 296 visitare
1477 287 1487 303 ,
1515 266 1675 307 profectus
1697 290 1708 306 ‚
1735 269 1822 307 lateri
1839 275 1907 317 ejus
1921 275 2058 311 adhaeret
2072 296 2084 313 a

1145 315 1178 347 in
1191 314 1307 346 timore
1321 312 1426 346 multo
1438 314 1551 358 &jugi
1567 314 1786 353 sollicitudine
1799 345 1805 351 .
1835 324 1991 371 Longum
2005 325 2082 364 erit,

1143 364 1176 398 &
1200 373 1310 410 vereor
1332 374 1373 396 ne
1393 364 1525 397 taedium
1550 375 1701 409 generet,
1731 367 1751 398 fi
1778 375 1907 408 cunetas
1917 377 2064 420 angustia

1144 412 1265 448 nostras
1278 423 1385 456 repeto
1397 414 1570 456 replicare;
1602 415 1651 448 sed
1669 426 1738 458 quae
1760 416 1875 452 desunt
1896 422 2082 467 Epist012‚³

1144 463 1375 506 supplebuntur
1386 464 1496 497 officio
1509 466 1673 506 portitoris
1688 490 1696 498 .
1721 464 1768 500 Sit
1783 468 1911 513 itaque,
1933 474 1953 503 sl
1965 476 2081 514 placet,

1142 513 1354 547 miserationis
1378 514 1484 547 vestra:
1508 515 1681 549 sollicitare
1705 517 1860 552 Sanctum
1886 519 2084 558 Priorem&

1134 564 1279 598 'Amicos
1293 563 1443 607 Episcopi
1456 562 1495 596 de
1509 564 1629 598 Monte
1643 566 1707 599 Dei
1722 566 1755 599 δε
1766 567 1863 603 Valle
1875 570 1906 604 S.
1922 570 2010 605 Petri
2030 595 2041 611 ,
2053 574 2085 606 δε

1144 614 1287 648 Abbates
1303 615 1483 648 sanctorum
1498 615 1620 648 Nicasii
1632 614 1819 660 &Crispini
1831 642 1841 658 ,
1868 620 1903 653 ἀ
1922 619 2004 654 alios
2018 622 2088 655 san-

1143 665 1209 697 ctos
1221 664 1396 697 familiares
1408 664 1546 705 vestros,
1574 675 1732 708 quatenus
1748 668 1844 704 nobis
1865 669 1949 712 apud
1964 670 2086 705 Altiffi-

1143 725 1232 747 mum
1247 713 1460 757 suffragentur
1471 738 1481 753 ‚
1510 724 1546 748 ut
1557 726 1669 748 eorum
1685 717 1809 752 meritis
1821 718 1989 754 salubriter
2000 720 2085 754 libe-

1143 774 1247 796 remur
1258 789 1268 804 ,
1295 774 1350 806 qui
1365 764 1582 806 periclitamur
1594 777 1634 799 ex
1650 767 1766 800 nostris
1779 792 1786 799 .
1808 767 2019 804 Chariffimos
2031 782 2084 804 au-

1143 824 1208 846 tem
1223 814 1345 847 Fratres
1359 813 1483 848 nostros
1495 816 1527 849 &
1540 815 1706 850 Dominos
1717 842 1728 858 ‚
1741 818 1796 860 qui
1816 818 2005 855 Beatiffimo
2019 821 2085 855 Re-

1144 862 1248 908 migio
1259 864 1457 897 famulantur
1468 886 1478 902 ‚
1505 865 1559 898 vix
1574 867 1638 900 fine
1649 868 1774 910 gemitu
1791 868 1822 902 ὃ(
1838 871 1978 913 suspiriis
1989 893 2000 909 ‚
2025 879 2083 904 aut

1145 915 1276 947 madore
1295 913 1535 957 lachrymarum
1558 918 1684 958 possum
1695 918 1734 952 ad
1747 919 1893 954 animum
1910 931 2058 954 revocare
2071 944 2085 960 ‚

1146 964 1292 998 recolens
1313 975 1365 998 me
1379 965 1546 1008 quondam
1572 966 1671 1002 instar
1692 967 1830 1002 Paradifi
1842 970 1980 1005 feliciter
1994 971 2086 1004 inco-

1148 1015 1255 1053 luisse,
1283 1012 1361 1049 dum
1378 1014 1508 1048 illorum
1535 1016 1698 1060 praesentia
1722 1019 1849 1053 fruebar
1862 1047 1872 1063 ,
1898 1021 1931 1054 ὃς
1942 1019 2084 1056 charita·

1145 1065 1185 1096 tis
1207 1064 1391 1106 experiebar
1415 1065 1616 1109 imaginem,
1643 1078 1712 1112 quae
1732 1069 1766 1104 in
1778 1081 1891 1105 aeterna
1905 1071 1969 1104 vita
1985 1074 2087 1114 spera-

1146 1123 1196 1146 tur
1209 1138 1217 1146 .
1244 1114 1323 1147 lllos
1335 1138 1345 1154 ‚
1371 1117 1476 1159 quaeso
1490 1141 1499 1155 ,
1511 1116 1703 1160 diligentius
1717 1119 1891 1156 sollicitate
1902 1145 1913 1160 ,
1935 1131 1970 1155 ut
1983 1122 2087 1154 alum·

1147 1174 1262 1196 norum
1275 1165 1401 1198 suorum
1415 1165 1625 1201 meminerint
1636 1169 1669 1202 in
1682 1170 1882 1205 orationibus
1896 1170 2085 1217 suis.Qam

1145 1213 1214 1245 cito
1227 1214 1317 1248 Deus
1330 1217 1474 1256 prospera
1486 1215 1623 1250 donabit
1634 1242 1645 1257 ‚
1674 1219 1766 1255 vobis
1776 1220 1975 1255 currentium
1990 1221 2084 1255 litte-

1146 1272 1250 1295 rarum
1271 1263 1471 1304 ministerio,
1497 1266 1632 1299 Christo
1652 1270 1850 1311 propitiante
1862 1295 1873 1311 ,
1901 1269 2087 1305 communi-

1146 1321 1218 1344 care
1230 1322 1297 1344 non
1310 1311 1456 1345 differam
1470 1336 1477 1342 .
1508 1315 1622 1347 Valeat
1635 1315 1758 1358 semper
1769 1319 1802 1351 δε
1815 1321 1924 1362 vigeat
1938 1320 2087 1352 sanctitas

1147 1360 1247 1395 vestra
1262 1384 1272 1400 ,
1298 1360 1332 1395 ὅ(
1346 1362 1447 1396 totius
1460 1361 1609 1397 Ecclefiae
1623 1366 1815 1408 prosperitas
1826 1368 1860 1402 in
1874 1367 1967 1402 bonis
1980 1369 2086 1403 omni-

1148 1409 1206 1443 bus
1222 1410 1415 1451 provehatur
1426 1435 1436 1450 ,
1462 1412 1494 1445 ἀ
1507 1413 1527 1445 si
1544 1412 1649 1454 placet
1660 1439 1670 1453 ,
1684 1427 1857 1459 pauperem
1879 1418 2089 1453 Sacerdotem

1148 1459 1177 1493 S.
1190 1458 1316 1493 Cosmae
1326 1461 1595 1496 commendatum
1607 1459 1756 1500 habeatis
1766 1491 1773 1498 .

1324 1560 1355 1593 E
1375 1558 1402 1593 P
1428 1560 1443 1593 1
1468 1561 1490 1595 S
1516 1560 1553 1594 T
1578 1562 1611 1596 O
1637 1562 1667 1596 L
1694 1562 1725 1598 A
1806 1567 1918 1604 LXV.

1252 1657 1445 1695 Alexander
1480 1660 1567 1705 Papa
1595 1659 1738 1698 Thomae
1765 1667 1991 1705 cantuariensi

1448 1709 1552 1744 Archi
1565 1727 1575 1734 -
1591 1711 1774 1756 Episcopo.

1151 1806 1322 1840 Alexander
1333 1805 1519 1850 Episcopus,
1546 1811 1659 1844 Servus
1684 1815 1846 1849 servorum
1862 1823 1937 1858 Dei,
1967 1823 2092 1854 Venera-

1201 1855 1254 1888 bili
1264 1859 1373 1891 Fratri
1382 1858 1503 1892 Thomae
1514 1862 1729 1903 cantuariensi
1748 1866 1996 1913 Archi-Epifiopo
2008 1896 2018 1913 ‚
2040 1870 2093 1915 sa-

1200 1906 1294 1940 lutem
1305 1930 1315 1946 ,
1346 1910 1380 1941 Θ·
1393 1910 1582 1950 apostolicam
1595 1913 1845 1949 Rem-davonem
1855 1942 1862 1951 .

1201 2006 1338 2041 NTER
1366 2007 1566 2053 multiplices
1587 2023 1700 2054 curas,
1727 2026 1796 2060 quae
1806 2028 1863 2060 pro
1878 2018 2002 2054 malitia
2014 2025 2095 2051 tem·

1227 2059 1312 2100 poris
1326 2060 1478 2093 seanimo
1492 2061 1601 2096 nostro
1625 2064 1802 2108 ingerunt,
1828 2068 1978 2113 fatigatio
2001 2080 2061 2103 tua*
2085 2090 2097 2107 2

1219 2118 1316 2152 quam
1340 2119 1399 2151 pro
1423 2110 1543 2145 tuenda
1558 2111 1706 2149 libertate
1718 2116 1937 2153 Ecclefiastica
1959 2120 2094 2162 suscepi-

1153 2155 1191 2190 sti
1210 2182 1220 2199 ,
1248 2168 1315 2191 non
1328 2157 1494 2194 modicum
1509 2171 1568 2196 nos
1579 2164 1764 2208 perturbat,
1789 2165 1868 2201 dum
1892 2170 1924 2203 δε
1947 2169 2096 2213 tibipro·

1155 2208 1279 2248 pensius
1290 2206 1506 2244 des-ideramus
1518 2211 1643 2254 adesse,
1669 2214 1704 2249 ὅ(
1725 2226 1839 2251 votum
1867 2220 2015 2253 nostrum
2028 2231 2095 2264 per-

1154 2257 1364 2300 strepentium
1387 2256 1465 2291 hinc
1488 2260 1563 2295 inde
1585 2265 1749 2299 causarum
1772 2267 1941 2303 obstaculo
1958 2271 2095 2305 retarda-

1154 2317 1204 2340 tur
1215 2331 1222 2338 .
1255 2304 1331 2340 Ubi
1346 2305 1434 2340 enim
1447 2309 1549 2342 multa
1564 2311 1688 2347 irruunt
1700 2316 1908 2352 formidanda
1923 2342 1935 2359 ,
1965 2329 2033 2354 non
2047 2322 2095 2356 fa·

1153 2356 1214 2390 cile
1240 2354 1343 2398 potest
1366 2357 1493 2390 animus
1517 2361 1687 2403 expedire,
1714 2363 1748 2398 in
1772 2377 1869 2408 quam
1891 2365 2002 2410 potius
2022 2382 2093 2413 par-

1153 2417 1218 2440 tem
1231 2404 1517 2453 debeatinclinmje
1531 2431 1542 2446 ‚
1568 2411 1735 2449 praesertim
1761 2414 1783 2444 si
1804 2424 1871 2448 non
1894 2416 2092 2454 daturintel·

1154 2456 1237 2500 ligi,
1262 2454 1350 2488 unde
1374 2456 1445 2498 plus
1464 2466 1589 2497 captare
1610 2461 1800 2501 compendii
1824 2487 1836 2502 ,
1871 2464 1944 2506 plns
1966 2467 2088 2504 incom'·

1154 2504 1242 2539 modi
1269 2505 1375 2539 valeat
1398 2506 1431 2538 &
1451 2505 1583 2547 periculi
1605 2506 1739 2543 evitari.
1769 2511 1892 2547 Namsi
1912 2515 2089 2560 aliquoties

1154 2556 1206 2598 ipsi
1220 2555 1391 2589 Nautaeita
1404 2554 1581 2587 redduntur
1601 2557 1746 2603 ambigui
1766 2561 1951 2600 diversitate
1975 2578 2087 2604 vento-

1152 2616 1222 2639 rum
1237 2629 1248 2646 ,
1274 2614 1309 2638 ut
1322 2605 1405 2636 inter
1417 2602 1446 2637 se
1459 2604 1553 2638 nullo
1566 2616 1620 2639 mo
1646 2618 1666 2640 o
1678 2612 1877 2649 conveniant
1889 2639 1902 2654 ,
1923 2626 2031 2652 utrum
2044 2619 2088 2654 ad

1150 2654 1258 2690 locum
1281 2654 1479 2696 propofiturn
1504 2655 1617 2697 profici
1655 2658 1663 2690 i
1683 2656 1849 2704 debeant,
1873 2674 1915 2698 an
1943 2666 1984 2700 ad
2009 2666 2086 2702 Por.

1148 2715 1218 2739 tum
1230 2728 1240 2743 ,
1267 2714 1363 2746 quem
1377 2703 1588 2747 reliquerant,
1605 2717 1807 2754 'teneantur5
1826 2724 1887 2747 nec
1896 2714 2086 2752 admiratio-

1149 2767 1189 2789 ne
1200 2755 1338 2798 dignum
1354 2764 1413 2787 nec
1425 2752 1668 2797 reprehensione
1685 2760 1831 2802 videtur,
1842 2764 1863 2796 si
1877 2764 1910 2797 in
1924 2764 1988 2800 hoc
2000 2769 2081 2802 mari

1149 2804 1464 2849 magno&spatios0
1476 2805 1552 2842 ‚ubi
1564 2808 1690 2849 reptilia
1703 2809 1768 2844 fine
1791 2823 1926 2849 numero
1950 2818 2080 2852 cursum

1148 2856 1289 2887 nostrum
1304 2854 1510 2896 impediunt,
1536 2856 1570 2889 δε
1594 2856 1648 2890 ubi
1675 2869 1739 2892 non
1765 2872 1831 2895 tam
1848 2875 2021 2908 corporum
2045 2868 2080 2902 &

1148 2904 1362 2947 corporalium
1377 2905 1553 2945 mercium,
1576 2907 1672 2949 quam
1695 2911 1876 2948 animarum
1896 2915 1929 2949 δι
1953 2916 2079 2958 spirita-

1148 2955 1228 2987 lium
1250 2953 1406 2987 virtutum
1430 2955 1570 2997 pericula
1592 2958 1809 2995 formidantur
1829 2988 1840 3003 ,
1876 2964 1905 2998 ei
1937 2966 1992 3007 qui
2024 2976 2078 3000 na-

1150 3015 1218 3037 vem
1231 3004 1310 3047 regit
1326 3003 1491 3043 Ecclesia,
1502 3003 1542 3038 de
1554 3006 1642 3039 facili
1657 3018 1722 3041 non
1736 3012 1890 3052 occurrit,
1922 3013 1962 3047 ad
1976 3025 2074 3057 quam

1136 3052 1254 3097 'potius
1266 3064 1386 3096 partem
1399 3054 1552 3088 assensum
1568 3056 1723 3099 inclinet,
1750 3060 1824 3094 cum
1836 3061 1958 3097 diversa
1972 3065 2074 3098 confi-

1148 3104 1189 3136 lia
1209 3104 1250 3137 de
1271 3103 1454 3138 diversitate
1477 3104 1840 3150 veniantvoluntatum‚
1866 3113 1900 3146 ἀ
1926 3113 2017 3147 aliter
2029 3114 2074 3147 vi-

1145 3153 1337 3194 deaturilli,
1366 3154 1421 3197 qui
1435 3153 1560 3186 causam
1582 3166 1750 3197 promovet
1775 3161 1984 3204 singularem,
2011 3162 2072 3198 ali·

1145 3214 1192 3237 ter
1212 3213 1322 3238 autem
1343 3204 1371 3237 ei
1389 3228 1398 3241 ,
1424 3203 1479 3243 qui
1500 3205 1669 3245 providet,
1701 3209 1793 3243 debet
1814 3211 2023 3246 &consulere
2035 3212 2070 3246 in

1144 3265 1337 3287 commune.
1369 3251 1472 3285 Unde
1486 3252 1593 3287 Frater
1606 3253 1786 3292 chariffime
1798 3281 1809 3297 ‚
1833 3259 1853 3291 fi
1868 3271 1926 3293 nos
1948 3261 1981 3293 in
1993 3272 2069 3296 cau-

1146 3305 1173 3337 sa
1197 3314 1251 3337 tua
1274 3304 1307 3337 δε
1335 3301 1480 3335 Ecclefiae
1495 3302 1687 3348 Anglicanae
1706 3306 1858 3341 remiffius
1871 3310 1969 3353 egisse
1980 3310 2069 3345 vide·

1144 3364 1214 3387 mur
1228 3378 1238 3394 ,
1263 3364 1322 3385 nec
1342 3349 1380 3385 ad
1403 3350 1575 3394 petitiones
1597 3365 1668 3387 tuas
1679 3366 1736 3397 pro
1749 3366 1802 3390 tua
1826 3358 1992 3394 voluntate
2003 3363 2063 3394 res-

1144 3401 1316 3447 pondimus
1338 3424 1350 3442 ,
1387 3410 1456 3436 nou
1478 3413 1518 3436 ex
1538 3413 1579 3436 eo
1603 3405 1748 3444 proceffit
1783 3429 1796 3447 ,
1832 3407 1921 3452 quod
1944 3411 2070 3445 causam

1579 3449 1611 3485 G
1629 3462 1654 3497 g
1703 3464 1724 3501 3
1926 3458 2027 3503 ipsam
