2358 3776
470 0 497 11 ’τ’

231 104 271 154 S.
351 98 730 152 THOMAE
795 94 1735 151 CANTUARIENSIS.

97 181 243 230 charitati
257 188 364 224 vestrae
375 187 688 234 congratulamurin
708 184 879 226 Domino·
906 183 964 218 Sin
985 193 1042 218 au·

98 251 165 278 tem
175 264 188 282 ,
213 239 363 279 dolemus
375 240 505 281 quidem
518 264 529 280 ,
543 250 609 274 non
625 249 691 272 tam
703 248 762 280 pro
773 236 899 270 laesione
910 233 1017 267 nostra
1030 257 1041 273 ‚

97 291 191 339 quam
214 301 273 334 pro
294 289 435 326 Domini
460 290 577 332 Papae,
616 289 648 323 ὅ(
661 287 751 322 Sedis
771 284 971 328 Apostolicae
992 283 1041 316 in·

96 337 176 386 juria
189 364 200 382 ,
225 339 394 375 &vestras
420 340 522 388 Qod
536 339 576 374 ad
587 338 748 373 honorem
768 336 862 369 suum
885 334 919 368 δι
944 333 1039 367 nobis

98 390 264 425 salubriter
277 391 367 433 Qeus
388 400 510 424 avertat
535 385 807 423 incommodum.
835 384 929 419 Licet
949 384 1037 418 enim

98 441 260 485 plerisque
271 440 397 476 remissa
410 439 554 480 videatur
564 447 680 472 manus
700 436 741 479 &¹
755 435 844 470 lenta
856 433 1041 478 indignatio

97 491 217 525 summi
229 490 403 525 pontificis
411 513 423 531 ,
450 488 533 524 certe
543 498 650 522 tamen
662 486 778 525 efficax
793 484 839 519 est
853 485 892 519 -δε
912 484 1019 529 gravis
1032 509 1043 525 ‚

99 541 133 574 ἀ
152 539 363 585 exigentibus
383 538 505 579 metitis
526 536 706 572 insanabile
735 534 857 575 vulnus,
877 534 1041 570 interdurn

100 589 257 635 infligere
267 589 435 625 consuevit
448 611 456 620 .
482 588 565 625 Non
578 587 624 622 est
645 588 736 621 enim
745 583 804 620 fub
823 583 910 624 sole,
934 586 1043 629 quide

101 651 202 675 manu
216 641 285 684 ejus
294 639 387 683 poffit
396 648 504 672 eruere
516 662 524 670 .
548 635 814 673 Solusinfidelis,
827 644 884 669 aut
895 636 1041 680 quicum

102 700 208 726 errore
218 683 341 733 superat
352 687 536 729 haerericus,
562 698 618 723 aut
632 686 853 721 schismaticus
877 685 1043 729 Apostoli-

102 743 147 773 cis
158 740 312 774 obtrec‘tat
323 739 454 778 obedire
468 738 646 775 mandatis.
673 737 798 771 Scienti
820 737 927 780 legem
939 735 1042 781 loqui-

100 801 196 828 mur,
223 788 324 831 &qui
337 788 465 832 publice
474 789 571 822 docet
590 786 811 822 obedientiam
833 787 988 820 omnibus
999 786 1044 820 vi-

102 838 209 873 nimis
240 838 466 881 praeferendam
487 861 499 877 ,
534 848 570 872 ut
601 848 668 871 non
692 846 841 880 oporteat
863 837 1040 879 sapientem

103 887 256 928 moneri,
289 888 324 922 ἀ
344 888 509 932 presertim
534 887 568 921 in
591 887 771 932 Religione
793 887 974 925 nutritum,
1007 886 1041 920 &

102 936 288 982 Religionis
304 936 593 972 exercitationibus
610 939 745 977 tritum,
768 948 839 981 quae
858 935 1043 971 affectiones

102 989 282 1029 virtutum,
307 997 363 1023 aut
372 989 507 1022 virtutes
525 988 733 1023 affectionum
756 987 978 1022 obedientiam
989 998 1043 1021 co-

103 1038 261 1072 mitentur
281 1062 291 1072 .
320 1038 438 1073 Moliri
459 1038 562 1081 potest
583 1038 654 1080 quis
675 1037 819 1072 fraudem
841 1048 955 1071 contra
977 1037 1044 1071 ani·

102 1098 193 1127 mam
214 1089 330 1128 suam,
354 1087 410 1123 sed
421 1087 553 1125 verbum
575 1088 642 1123 Dei
665 1088 818 1128 veritate,
844 1098 944 1132 quam
967 1086 1043 1122 sub-

102 1137 296 1176 stantialiter
306 1135 425 1178 habet,
448 1136 629 1174 defraudari
653 1147 721 1173 non
743 1137 845 1181 potest
859 1161 870 1177 ,
895 1137 1005 1171 dicens
1031 1150 1042 1170 .-

103 1191 160 1221 -Vae
169 1188 250 1227 illis,
275 1188 495 1230 quijustlficant
510 1193 653 1230 impium,
679 1191 713 1222 ό*
731 1190 832 1221 dicunt
855 1187 961 1220 bonum
980 1198 1041 1219 ma·

104 1238 187 1276 lum,
213 1238 368 1277 &panum
380 1237 518 1271 tenebras
527 1239 633 1272 lucem.
666 1237 710 1271 Et
729 1248 819 1271 nunc
840 1235 974 1279 quidem
997 1236 1045 1269 di·

100 1287 148 1319 cit
158 1285 223 1319 illis
235 1289 311 1327 Vae;
338 1286 437 1320 sedin
449 1286 536 1320 brevi
554 1290 609 1319 Vae
629 1286 865 1320 acerbissimum
886 1286 1004 1321 inferet
1031 1298 1042 1318 .-

100 1335 259 1371 Potentes
269 1334 400 1380 quidem
412 1346 560 1379 potenter
570 1336 726 1380 puniens,
753 1337 788 1370 ὃς
807 1333 966 1379 judicium
978 1335 1042 1369 du-

100 1385 258 1421 riffimum
268 1396 419 1420 exercens
438 1385 474 1421 in
498 1397 577 1427 eos,
602 1386 660 1430 qui
683 1386 844 1428 inutiliter
868 1385 1005 1429 praesunt
1033 1408 1045 1426 ,

102 1435 258 1479 &impio
280 1436 482 1479 impietatem
501 1436 698 1470 annunciare
716 1435 911 1470 detrectant.
939 1435 1043 1471 Tunc

102 1482 159 1531 qui
173 1485 309 1528 fideliter
318 1485 520 1527 obedierint,
548 1483 785 1529 triumphantes
802 1487 942 1520 feliciter
952 1497 1045 1521 coro-

102 1534 196 1572 nabit
211 1556 226 1576 ‚
258 1536 293 1570 &
313 1536 447 1571 interim
465 1536 614 1572 adversus
633 1536 826 1580 injustitiam
847 1537 1045 1571 decertantes

98 1584 322 1629 multipliciter
331 1586 519 1621 consolatu-r
526 1610 536 1618 .

153 1635 324 1680 Rogamus
334 1635 735 1679 igitur&obsecramusin
756 1634 911 1669 Domino
934 1635 1007 1678 Jesu
1035 1658 1047 1675 ‚

106 1693 143 1718 ut
155 1685 312 1729 quoniam
325 1685 410 1718 mala
422 1684 570 1719 adversus
594 1685 770 1720 Ecclesiam
789 1684 1047 1727 multiplicantur

107 1734 143 1768 in
154 1744 253 1772 terra,
278 1734 313 1767 ὅ(
331 1735 435 1776 culpis
446 1735 560 1767 nostris
570 1733 780 1776 exigentibus
789 1734 889 1766 nimis
906 1733 1050 1765 invalue-

106 1793 208 1822 runt,
230 1783 410 1826 exsurgatis
419 1782 453 1814 in
465 1780 663 1823 adjutorium
674 1781 822 1814 Ecclesiae
834 1780 920 1817 Dei,
931 1780 964 1812 δε
981 1780 1049 1824 gla-

105 1832 200 1867 dium
217 1830 329 1871 verbi,
348 1828 403 1873 qui
416 1829 508 1864 vobis
528 1829 669 1864 creditus
685 1829 730 1864 est
760 1852 772 1869 ,
791 1830 927 1864 exeratis
941 1829 976 1863 in
987 1829 1052 1863 vir-

106 1893 177 1917 tute
189 1879 440 1924 SpiritusSaneti
451 1880 492 1914 ad
513 1879 690 1915 vindiciam
712 1880 874 1914 marorum
895 1880 930 1914 &
947 1878 1051 1917 bono-

106 1943 179 1968 rum
191 1929 365 1970 solatium,
391 1941 433 1964 ne
447 1940 520 1964 eum
532 1930 605 1965 sine
619 1931 715 1965 causa
739 1930 875 1974 portetis
898 1930 932 1963 ἀ
956 1940 1014 1964 vos
1040 1942 1048 1962 ι

108 1984 204 2030 Qios
213 1991 321 2016 autem
333 1981 494 2025 segniores
516 1980 569 2014 vel
589 1978 764 2024 tepidiores
787 1978 932 2014 videritis
953 1979 992 2013 ad
1005 1979 1051 2020 ju·

107 2033 228 2068 stiriam
246 2029 453 2071 faciendam,
488 2029 620 2075 erigatis
639 2030 672 2064 δε
695 2028 870 2069 animetis,
895 2026 1051 2071 vobisque

107 2082 231 2118 dietum
243 2080 437 2126 intelligatis
447 2081 465 2114 ὲ
477 2079 610 2114 Christo
621 2079 654 2112 in
668 2078 804 2114 articulo
817 2077 967 2122 paffionis
980 2079 1052 2118 suae,

107 2133 266 2178 qnoniam
282 2130 326 2166 ab
345 2131 457 2175 impiis
477 2130 596 2165 iterum
617 2129 838 2174 crucifigitur.
877 2132 922 2162 Et
946 2136 980 2161 tu
996 2127 1052 2160 ali-

107 2183 227 2227 quando
247 2179 404 2224 conversus
424 2180 565 2223 confi-ma
581 2180 701 2222 fratres
725 2188 810 2212 tuos.
847 2177 920 2213 Vos
941 2187 1050 2212 autem

104 2240 170 2268 'nos
191 2231 232 2266 ad
253 2231 480 2265 liberationem
502 2229 649 2264 Ecclefiae
670 2227 831 2265 habebitis
844 2227 1051 2272 adjutores&

109 2281 265 2326 praevios,
291 2280 371 2315 &in
382 2277 456 2319 his,
482 2290 553 2322 qua:
562 2279 603 2314 ad
626 2278 786 2314 honorem
808 2279 875 2314 Dei
896 2278 1053 2322 pertinere

109 2332 297 2366 noverimus
309 2353 321 2370 ,
346 2330 381 2363 in
394 2329 487 2363 nullo
497 2329 661 2364 deerimus
679 2328 791 2367 vobis,
817 2337 974 2371 quatenus
996 2338 1053 2360 no-

109 2380 161 2415 bis
170 2380 252 2414 vires
266 2379 391 2413 Divina
402 2379 586 2413 Clementia
599 2377 796 2412 ministrabit
807 2402 816 2410 .
841 2375 904 2413 sed
928 2378 960 2412 &
982 2379 1052 2412 Do·

108 2431 219 2465 minus
237 2428 324 2472 Papa
344 2427 488 2462 debitam
513 2439 608 2471 opem
633 2427 769 2463 libenter
793 2427 984 2470 impendet,
1019 2429 1052 2461 &

111 2478 277 2521 nobisjam
289 2501 299 2517 ,
325 2488 362 2512 ut
373 2478 542 2522 iniquitati
555 2478 709 2522 possimus
721 2477 884 2512 efficacius
894 2477 1028 2511 obviare
1040 2501 1051 2518 ‚

111 2531 199 2564 vices
211 2529 279 2563 suas
289 2529 451 2562 commisit
461 2528 495 2561 in
507 2527 630 2573 Regno
641 2528 769 2573 Angliae
781 2550 792 2567 ,
817 2529 895 2562 sicut
914 2539 956 2561 ex
969 2528 1052 2561 litte·

111 2580 154 2618 ris
170 2578 237 2623 ejus
248 2601 260 2618 ,
286 2589 366 2621 quas
379 2577 471 2612 vobis
489 2578 739 2612 transmittimus
750 2602 761 2617 ,
794 2577 927 2621 potestis
944 2578 1052 2611 adver-

113 2641 196 2666 tete.
225 2626 426 2662 Mandamus
446 2629 556 2670 itaque
577 2627 781 2662 Fraternitati
803 2627 930 2669 vestrae,
970 2628 1050 2661 &in

114 2681 233 2714 virtute
253 2677 469 2718 obedientiae,
496 2678 528 2711 ὃ(
552 2677 585 2710 in
611 2676 756 2720 periculo
777 2678 902 2712 ordinis
922 2678 1016 2711 vestri
1043 2702 1053 2718 ,

114 2728 308 2772 Apostolica
325 2727 525 2763 authoritate
557 2728 757 2770 praecipimus
778 2750 787 2765 ‚
813 2736 972 2771 quatenus
1002 2738 1055 2761 eas

114 2778 280 2816 Fratribus
298 2779 332 2812 &
354 2777 695 2820 Comprovincialibus
717 2776 825 2810 vestris
852 2776 1019 2820 Episcopis
1044 2801 1055 2818 ,

114 2827 363 2865 &Dunelmensi
378 2828 538 2872 Episcopo
548 2826 725 2861 ostendatis
742 2825 891 2860 adhibita
912 2827 1054 2861 celerita-

34 2861 48 2894 ἶ
115 2879 398 2923 ωδεᾱῑιῑςεηιῑι,
424 2879 456 2912 &
473 2878 599 2911 easdem
623 2876 832 2920 postmodum
853 2876 948 2911 nobis
970 2877 1055 2911 resti-

118 2927 317 2962 tuifaciatis.
343 2927 494 2962 Praedicta
508 2927 620 2961 eadem
641 2926 838 2961 authoritate
852 2950 862 2966 ,
874 2927 908 2961 &
926 2926 983 2961 sub
1008 2938 1057 2961 ea-

119 2979 194 3012 dem
214 2977 477 3011 interminatione
499 2977 670 3020 jubemus,
698 2987 734 3011 ut
753 2975 870 3011 horum
894 2977 1057 3021 portitori·

120 3029 199 3067 bus,
225 3026 537 3072 quiDominiPapae
547 3027 717 3072 negotium
729 3038 839 3072 gerere
860 3027 1056 3072 dignoscun-

119 3088 192 3117 tur,
217 3075 362 3110 debitum
381 3076 560 3112 exhibeatis
585 3078 746 3112 honorem
769 3102 780 3118 ‚
817 3077 851 3111 &
877 3089 989 3112 eorum
1014 3078 1056 3111 fic

119 3124 313 3171 provideatis
324 3123 526 3164 indemnitati
545 3151 557 3169 ,
583 3128 662 3163 sicut
685 3126 808 3164 honori
831 3129 932 3164 vestro
959 3128 1057 3163 vultis

120 3179 180 3212 esse
191 3177 269 3221 pros
265 3176 390 3220 pestum
402 3199 409 3207 .

1855 115 1973 164 »131

1262 228 1670 266 Enis‘rota
1732 234 1885 271 cxxiii.

1105 335 1227 369 Henrico
1238 334 1313 374 Regu·
1325 331 1438 375 Angliae
1450 330 1602 365 (filbertus
1626 332 1832 373 Londonzenfis
1852 334 2039 382 Epist-opas,

1174 430 1368 467 LACUIT
1393 431 1594 466 excellentiae
1617 433 1748 473 vestrae,
1774 431 1865 477 quod
1891 434 2040 475 Ecclesia:

1197 481 1396 516 Clericorum
1413 481 1709 526 Archi-Episcopi,
1732 483 1848 527 quzin
1870 484 2044 529 Episcopa-

1103 541 1138 566 tu
1149 532 1374 566 Londoniensi
1387 556 1399 572 ,
1423 532 1531 566 sivein
1543 532 1665 567 Cantia
1674 530 1855 569 consistunt
1867 559 1877 575 ,
1904 534 1962 569 sub
1987 547 2048 569 no-

1102 581 1165 615 stra
1180 583 1282 616 essent
1303 582 1451 617 custodia
1471 582 1656 617 constitutae
1669 607 1678 615 .
1703 583 1807 632 Quod
1829 584 1906 629 quia
1917 585 2047 629 pietatis

1102 633 1217 667 affeetu
1230 630 1322 666 vobis
1331 631 1554 668 intelleximus
1565 632 1755 676 inspiratum
1769 658 1779 675 ,
1807 646 1848 669 ne
1864 646 1918 679 per
1932 646 2047 671 manus

1108 682 1228 718 scilicet
1239 682 1337 717 laicas
1347 682 1605 726 dispensarentur
1614 694 1662 717 res
1676 683 1900 719 Ecclesiasticae
1918 708 1930 725 ‚
1958 685 2049 719 obla-

1105 732 1210 766 tiones
1223 731 1343 767 scilicet
1352 732 1524 774 fidelium,
1550 734 1762 777 eleemosyna
1785 745 1984 778 pauperum,
2012 736 2047 770 &

1105 782 1342 817 decimationes
1352 784 1545 826 populorum
1564 785 1658 818 aliter
1680 784 1778 827 quam
1800 785 1849 819 fas
1869 786 1915 819 est
1938 787 2049 820 tracia-

1104 843 1235 873 rentur,
1260 843 1322 867 nos
1334 844 1410 868 cum
1420 835 1667 871 multa&mera
1680 858 1692 875 ,
1718 835 1810 870 Deus
1833 835 1894 869 scit
1913 860 1924 876 ,
1947 835 2049 869 chari—

1106 892 1172 917 tate
1181 881 1321 917 libenter
1332 894 1416 918 onus
1427 883 1509 919 illud
1522 885 1716 929 suscepimus
1729 909 1740 925 ‚
1766 895 1803 919 ut
1825 886 1860 919 δε
1878 886 1964 920 vosa
1979 897 2048 929 pec-

1105 943 1180 968 cato
1193 933 1227 968 in
1242 942 1330 977 parte
1342 932 1403 969 hac
1415 936 1576 970 mundum
1590 935 1816 971 &immunem
1828 936 2026 971 servaremus
2038 958 2050 976 ‚

1105 983 1300 1019 &Clericos
1327 983 1564 1027 nihilominus,
1590 986 1612 1019 fi
1631 985 1766 1031 quando
1786 985 1896 1021 debita
1917 985 2050 1021 humili·

1107 1041 1172 1069 tate
1184 1033 1324 1069 vestram
1347 1045 1571 1079 recuperarent
1588 1036 1746 1081 gratiam,
1774 1036 1945 1072 indemnes
1966 1037 2046 1081 pari·
2064 1066 2077 1081 ι,

1107 1093 1155 1117 ter
1176 1084 1434 1120 conservaremus
1452 1110 1461 1118 .
1496 1085 1795 1131 Archi-Episcopus
1817 1098 1925 1123 autem
1946 1109 1957 1126 ‚
1990 1087 2049 1131 qui

1105 1135 1190 1177 quasi
1202 1133 1312 1169 sedens
1335 1135 1372 1169 in
1397 1136 1547 1178 insidiis,
1572 1137 1722 1172 adversus
1744 1147 1850 1171 meam
1869 1137 2051 1182 specialiter

1106 1186 1273 1226 personam
1286 1186 1470 1223 occasiones
1481 1188 1610 1229 quaerit,
1638 1187 1716 1221 inde
1737 1186 1820 1221 mibi
1842 1197 1959 1221 nocere
1974 1187 2052 1220 niti-

1103 1243 1179 1273 tur,
1205 1233 1291 1268 unde
1302 1235 1529 1278 aliisprodesse
1552 1236 1752 1281 studebamf‘
1767 1237 1836 1282 Qi
1860 1236 2052 1271 direfflslit·

1103 1284 1179 1316 teris
1190 1282 1273 1317 mihi
1286 1294 1386 1326 nuper
1396 1283 1542 1325 injunxit
1553 1285 1584 1317 in
1599 1285 1630 1318 vi
1642 1282 1835 1318 obedientiae
1846 1286 1879 1319 &
1897 1287 1932 1318 in
1951 1286 2052 1319 virtu-

1104 1343 1136 1367 te
1149 1332 1424 1376 Spiritussancti,
1445 1344 1482 1368 ut
1494 1329 1706 1381 quidquid'ex
1728 1335 1843 1368 iisdem
1865 1335 2052 1379 recepissem

1107 1382 1257 1418 Ecclesiis
1270 1407 1281 1424 ‚
1306 1384 1390 1418 infra
1401 1383 1616 1429 quadraginta
1627 1385 1698 1419 dies
1709 1385 1779 1428 post
1802 1386 1980 1419 litterarum
2006 1386 2053 1419 su·

1095 1434 1307 1476 ⁴sceptionem
1319 1434 1376 1468 sibi
1388 1432 1514 1477 suisque
1524 1435 1664 1469 Clericis
1673 1435 1842 1469 restituere
1863 1446 1930 1468 non
1953 1437 2052 1469 omit-

1108 1492 1229 1516 terem.
1260 1483 1335 1528 Ego
1347 1484 1427 1518 vero
1449 1484 1602 1518 invocata
1623 1484 1760 1527 Spiritus
1780 1486 1889 1518 saneti
1909 1486 2013 1529 gratia
2040 1509 2050 1525 ,

1096 1532 1299 1575 ‘objectoque
1309 1533 1540 1576 appellationis
1560 1533 1706 1567 remedio
1729 1534 1927 1567 Mandatum
1946 1558 1956 1574 ,
1983 1545 2050 1578 quo

1097 1573 1345 1625 'tmeaminjuste
1365 1593 1496 1627 gravare
1518 1582 1648 1617 volebat
1671 1584 1896 1618 innocentiam
1911 1608 1922 1624 ‚
1949 1586 2051 1628 usque

1100 1623 1148 1668 ,a'd
1161 1631 1518 1667 audientiam'Domini
1531 1632 1627 1675 Papae
1644 1632 1792 1675 suspendi
1806 1656 1817 1671 ,
1842 1634 2052 1676 suspensum-

1110 1692 1172 1723 que
1181 1681 1343 1715 declinavi
1355 1682 1397 1714 ad
1409 1691 1537 1722 tempus
1548 1703 1560 1718 ‚
1586 1690 1691 1713 certus
1705 1681 1838 1723 quidem
1851 1706 1862 1721 ,
1881 1683 1970 1726 quod
1985 1684 2052 1718 haec

1098 1731 1144 1761 ’ὃς
1165 1729 1315 1772 graviora
1343 1728 1394 1762 his
1416 1729 1506 1771 supra
1524 1727 1654 1762 dorsum
1677 1740 1788 1763 meum
1800 1731 1999 1766 fabricantur
2012 1734 2054 1767 ab

1109 1788 1150 1810 eo
1162 1800 1173 1816 ,
1192 1777 1226 1811 ὅ(
1238 1777 1287 1811 illi
1298 1776 1529 1812 assistentibus.
1558 1777 1652 1812 Hinc
1662 1780 1706 1813 est
1729 1803 1740 1819 ,
1781 1780 1872 1822 quod
1886 1782 1993 1817 vestrae
2009 1781 2057 1817 su-

1112 1826 1268 1861 blimitati
1281 1826 1475 1871 supplicoin
1489 1839 1526 1862 ea
1547 1828 1683 1869 fiducia,
1712 1839 1775 1870 qua
1797 1841 1850 1865 me
1867 1832 1991 1876 semper
2001 1844 2057 1869 au-

1110 1876 1179 1911 dire
1193 1877 1407 1912 consuevistis
1419 1902 1430 1917 ,
1456 1887 1491 1912 ut
1502 1878 1685 1912 custodiam
1697 1879 1918 1921 praedistarum
1937 1883 2058 1918 Eccle-

1111 1927 1225 1961 siarum
1237 1929 1292 1962 alii
1305 1953 1315 1968 ,
1341 1927 1394 1960 cui
1409 1928 1545 1962 honeste
1556 1928 1764 1971 praevideritis
1774 1954 1785 1969 ,
1812 1931 2031 1967 committatis
2043 1958 2054 1973 ,

1111 1978 1143 2010 ἀ
1155 1987 1206 2011 me
1220 2001 1231 2017 ‚
1258 1978 1278 2010 fi
1295 1976 1398 2019 placet
1413 2002 1423 2018 ,
1452 1976 1515 2012 hoc
1527 1989 1626 2012 onere
1635 1978 1790 2013 eximatis
1802 2003 1814 2019 ,
1840 1991 1876 2014 ut
1889 1981 1971 2023 alia,
1984 1993 2056 2026 quae

1113 2023 1192 2060 mihi
1210 2037 1388 2069 parantur,
1414 2038 1514 2061 onera
1535 2028 1649 2062 fortius
1671 2029 1849 2070 sustinere,
1874 2033 2058 2075 promptius

1114 2076 1228 2119 possim
1249 2076 1411 2120 explicare
1434 2079 1467 2111 in
1493 2078 1662 2113 Domino.
1689 2079 1870 2115 Pecuniam
1888 2091 2018 2126 quoque
2044 2107 2058 2124 ‚

1114 2136 1213 2170 quam
1223 2127 1345 2160 exinde
1357 2128 1460 2172 recepi
1473 2127 1508 2162 δε
1519 2128 1707 2174 consignavi
1720 2153 1731 2170 ,
1754 2130 1794 2165 ad
1808 2131 1967 2167 summam
1979 2144 2057 2167 cen-

1114 2186 1184 2210 turn
1202 2177 1277 2210 osto
1301 2177 1420 2217 libras,
1446 2179 1480 2212 δε
1501 2179 1750 2221 quatuordecim
1774 2180 1918 2224 solidos,
1944 2183 1978 2217 ἀ
1999 2184 2054 2218 sex

1113 2225 1267 2260 denarios
1280 2249 1290 2264 ,
1317 2236 1393 2268 peto
1406 2250 1417 2266 ‚
1443 2228 1464 2260 si
1478 2228 1600 2270 placet,
1629 2230 1726 2264 liceat
1745 2230 1830 2266 mihi
1849 2243 1926 2267 cum
1949 2233 2055 2279 gratia

1112 2276 1146 2310 ὅ(
1158 2276 1366 2319 permissione
1378 2277 1478 2310 vestra
1499 2279 1533 2311 in
1555 2286 1630 2313 tuto
1641 2279 1803 2323 deponere
1823 2293 1922 2327 penes
1943 2294 2058 2328 quam-

1111 2336 1252 2369 cumque
1269 2327 1438 2370 personam
1461 2325 1742 2372 Ecclefiasticam,
1777 2344 1916 2376 eamque
1937 2358 1949 2374 ‚
1975 2333 2062 2369 licet.

1112 2375 1265 2420 ingratis,
1295 2374 1346 2410 his
1358 2386 1498 2420 quorum
1508 2379 1611 2423 gratia
1623 2380 1660 2414 fit
1671 2405 1682 2420 ,
1708 2380 1818 2417 adbuc
1828 2385 2053 2428 consignatam

1114 2426 1299 2471 salvamque
1308 2427 1498 2462 conservare
1509 2453 1520 2469 ,
1545 2429 1652 2463 donec
1662 2431 1831 2466 Dominus
1840 2433 2048 2475 judicaverit,

1113 2476 1154 2511 ad
1164 2487 1262 2519 quem
1273 2476 1391 2511 debeat
1403 2479 1589 2513 exitumres
1602 2478 1659 2513 ista
1683 2479 1849 2515 devenire.

1161 2526 1306 2570 Superest
1318 2526 1427 2562 adhuc
1437 2527 1526 2561 aliud
1540 2528 1592 2569 ,in
1607 2540 1674 2571 quo
1685 2538 1756 2565 tota
1771 2531 1865 2565 vobis
1879 2531 2052 2568 nobiscum

1114 2576 1273 2621 supplicat
1284 2576 1475 2620 Anglorum
1488 2577 1630 2612 Ecclesia
1640 2603 1652 2619 ,
1678 2579 1713 2614 &
1731 2579 1780 2614 illi
1792 2582 1964 2625 praecipue‚
1996 2585 2057 2625 qui

1114 2626 1248 2662 salutem
1271 2629 1404 2662 vestram
1423 2627 1457 2661 &
1479 2627 1619 2661 vestrum
1645 2627 1806 2664 honorem
1828 2631 1971 2666 maxime
1982 2633 2056 2666 dili·

1113 2687 1197 2722 gunt
1219 2678 1251 2711 &
1271 2677 1513 2719 amplexantur.
1542 2677 1669 2712 Durius
1692 2678 1805 2721 enim,
1832 2681 1929 2724 quam
1946 2682 2056 2717 vestrae

1115 2727 1267 2771 expediat
1278 2726 1528 2770 magnificentiae
1538 2751 1548 2768 ,
1575 2728 1684 2772 agitur
1694 2730 1780 2773 apud
1795 2741 1853 2766 vos
1862 2742 1938 2767 cum
1952 2732 2016 2766 illis
2042 2757 2055 2773 ,

1115 2788 1194 2820 quos
1207 2778 1374 2810 Dominus
1385 2776 1595 2812 Domesticos
1606 2779 1678 2814 suos
1693 2781 1756 2814 esse
1767 2781 1939 2816 constituit
1949 2807 1961 2824 ,
1970 2794 2054 2827 quos

1116 2826 1150 2860 in
1160 2829 1316 2871 privatam
1329 2827 1464 2861 adscivit
1474 2827 1632 2863 familiam
1642 2854 1652 2870 ,
1680 2841 1765 2873 quos
1785 2833 1901 2866 mensae
1919 2833 1981 2867 suae
1996 2832 2060 2867 dis·

1118 2879 1299 2921 pensatores
1309 2876 1488 2911 ordinavit.
1516 2878 1604 2913 Cum
1628 2879 1858 2916 Sacerdotibus
1878 2882 2055 2924 videlicet,

1118 2927 1217 2971 quiin
1231 2927 1351 2971 Regno
1374 2927 1506 2972 Angliae
1525 2940 1585 2963 nec
1608 2929 1689 2964 laica
1702 2930 1852 2966 fruuntur
1867 2931 2017 2967 libertate
2043 2956 2056 2973 ,

1118 2976 1318 3020 necjudiciis
1328 2979 1504 3012 trastantur
1519 2978 1746 3014 Ecclesiasticis
1758 3007 1766 3014 .
1794 2982 1831 3015 ln
1856 2994 1923 3026 quo
1941 2983 1962 3015 si
1985 2993 2054 3017 om-

1119 3038 1175 3061 nes
1186 3037 1314 3069 tacent,
1339 3039 1403 3073 ego
1422 3040 1491 3063 non
1513 3029 1648 3072 tacebo;
1674 3030 1696 3063 si
1717 3041 1832 3067 omnes
1850 3031 2018 3075 desperant
2042 3057 2054 3073 ,

1120 3077 1174 3111 sed
1194 3088 1264 3111 non
1285 3089 1367 3122 ego.
1397 3078 1522 3113 Absens
1540 3082 1639 3123 igitur
1660 3092 1796 3124 corpore
1817 3107 1827 3123 ,
1865 3082 1917 3116 sed
1940 3082 2052 3126 spiritu

1121 3124 1249 3170 praesens
1263 3139 1323 3162 oro
1333 3129 1366 3162 ὅ(
1377 3127 1510 3163 obsecro
1524 3140 1580 3162 vos
1603 3141 1658 3173 per
1679 3131 1812 3166 salutem
1834 3134 1967 3167 vestram
1979 3156 1990 3171 ,
2017 3140 2054 3164 ut

1123 3177 1337 3212 Wilhelmum
1350 3203 1360 3219 ,
1386 3178 1552 3222 quondam
1565 3178 1780 3223 Capelianum
1795 3181 1896 3215 Archi
1906 3199 1916 3206 -
1926 3181 2055 3223 Episco-

1123 3227 1176 3270 pi,
1201 3228 1233 3262 ὅ(
1243 3228 1448 3271 quamplures
1462 3229 1608 3263 Clericos
1621 3241 1674 3273 per
1688 3232 1845 3275 Angliam
1857 3255 1868 3271 ,
1891 3241 1972 3274 quos
1995 3240 2054 3264 nec

1121 3279 1280 3312 confessos
1293 3289 1351 3312 nec
1361 3278 1527 3312 convictos
1540 3280 1633 3313 vestri
1647 3280 1732 3323 prius
1744 3282 1945 3324 praesumum,
1954 3279 2051 3323 quam

1122 3327 1264 3369 judicent
1275 3353 1285 3369 ,
1298 3327 1411 3369 punire
1421 3329 1559 3362 ministri
1571 3354 1582 3370 ‚
1611 3330 1755 3364 Ecclesiae
1769 3330 1852 3368 Dei,
1879 3328 1969 3373 cujus
1981 3329 2057 3364 sunt

1122 3377 1282 3421 obsequiis
1292 3375 1456 3421 deputati,
1483 3379 1772 3423 restituijubeatis.
1801 3377 1885 3414 Vale
1898 3403 1906 3412 .

1905 3472 2022 3512 EPI-
