2358 3776
376 81 466 138 198

400 208 805 250 EPISTOLA
907 208 1126 244 XXXIII.

325 311 520 352 Alexandro
544 309 639 356 Papae
656 309 839 355 Episcopi,
865 309 901 343 δε
924 307 1042 343 Clerus
1065 308 1215 354 Angliae.

325 416 417 449 Pam
436 410 490 457 suo
510 413 545 446 (tr
571 415 716 449 Domino,
742 411 860 441 summo
879 407 1020 449 Pontifici
1045 409 1218 442 Alexandro

407 463 570 507 anglicana
601 458 729 500 Ecclesia
762 459 903 491 devotum
936 458 971 490 Θ
1004 457 1134 491 debitum

452 512 609 545 charitatis
636 511 672 543 6·
686 508 864 542 obedientiae
877 506 1083 549 famulatum.

363 606 667 646 UBLIMITATI
693 608 822 649 vestrae,
848 606 946 641 Pater
954 605 1170 648 Reverende,
1189 618 1240 641 ve-

384 661 552 701 nerande,
577 661 698 705 gratias
721 656 892 693 affectuose
909 657 1080 691 referimus
1100 682 1112 698 ‚
1148 657 1239 702 quod
1262 659 1263 662 ’

294 714 338 747 ad
350 712 543 756 petitionem
554 711 632 745 Filii
655 708 751 743 vestri
772 706 970 741 devotiffimi
992 732 1004 748 ,
1031 708 1238 751 Dominique

293 761 631 800 nostridiletstiffimi,
659 758 791 793 illustris
820 756 1012 802 Anglorum
1034 756 1160 802 Regis,
1187 759 1236 791 Fi—

295 812 360 846 lios
386 811 506 846 vestros
525 810 746 847 charissimos,
773 808 963 852 summeque
988 806 1083 842 vobis
1106 808 1140 841 in
1161 817 1197 841 ea
1225 831 1236 848 ,

293 873 366 906 quae
390 860 432 895 ad
455 862 587 906 praesens
613 860 679 900 est,
705 857 895 902 tempestate
933 858 1126 892 necessarios
1142 881 1154 898 ‚
1193 857 1234 892 ad

299 913 406 956 ipsum
431 912 562 946 curastis
583 911 618 945 in
640 909 826 954 longinqua
848 908 1085 942 transmittere:
1110 908 1234 942 affeetu-

292 973 359 1006 que
380 970 515 1004 paterno
535 959 715 996 eorundem
735 956 901 993 laboribus
913 981 924 999 ,
951 958 1070 993 nostris
1086 968 1235 1003 parcere,

278 1012 327 1046 ·&
350 1011 594 1056 gravaminibus
617 1008 724 1044 nostra
743 1007 797 1053 pie
815 1008 1004 1054 gravamina
1026 1008 1191 1043 sublevare
1216 1031 1224 1039 .

289 1061 465 1097 Habentes
490 1062 598 1106 itaque
619 1059 765 1094 mittenti
787 1060 907 1104 gratias
926 1082 938 1100 ,
966 1058 1076 1093 missos
1108 1057 1234 1092 honore

293 1110 410 1146 debito
423 1135 435 1152 ,
450 1121 586 1156 totaque
597 1110 747 1145 cordium
758 1108 923 1143 alacritate
935 1109 1132 1152 suscepimus
1148 1133 1158 1148 ,
1170 1110 1236 1151 spe-

291 1171 400 1195 rantes
410 1172 524 1196 eorum
537 1162 680 1195 adventu
691 1159 793 1194 finem
805 1158 901 1193 malis
911 1158 969 1193 diu
981 1158 1044 1202 jam
1067 1158 1235 1202 protrastis

290 1210 440 1255 imponi:
466 1213 501 1246 ὅ(
521 1223 590 1256 quae
601 1209 729 1245 turbata
756 1211 828 1243 sunt
839 1208 924 1253 apud
944 1220 1005 1242 nos
1019 1209 1052 1242 in
1067 1208 1154 1252 pacis
1173 1208 1234 1251 pri-

290 1260 382 1295 stinae
395 1262 600 1296 serenitatem
618 1270 816 1304 cooperante
838 1259 896 1292 fibi
908 1258 1009 1301 gratia
1030 1258 1197 1292 reformari
1226 1282 1234 1290 .

293 1311 376 1345 Inde
386 1311 432 1344 est
444 1311 533 1354 quod
546 1311 612 1350 eis,
638 1308 795 1351 tanquam
806 1308 969 1350 judicibus
987 1307 1030 1342 ad
1041 1306 1134 1342 hoca
1156 1307 1235 1341 San-

292 1361 406 1395 &itate
423 1361 528 1394 vestra
549 1357 677 1393 directis
694 1382 706 1399 ,
733 1358 876 1392 nostram
897 1358 962 1391 una
983 1369 1059 1392 cum
1082 1356 1247 1391 Domino>

284 1410 402 1445 nostro
425 1411 518 1455 Rege
540 1408 740 1454 praesentiam
777 1417 959 1442 reverenter
984 1406 1196 1441 exhibuimus
1222 1431 1234 1448 ,

288 1468 441 1502 optantes
461 1459 578 1503 pariter
600 1458 635 1491 δε
657 1458 878 1500 exspestantes
895 1456 1032 1496 omnia,
1059 1468 1128 1498 quae
1150 1458 1235 1490 inter

291 1509 483 1542 Dominum
505 1506 652 1542 nostrum
666 1506 794 1551 Regem
814 1506 848 1541 δε
871 1506 1059 1540 Dominum
1080 1505 1231 1540 Cantua-

292 1558 430 1593 riensem
443 1580 454 1597 ,
477 1567 612 1601 quaeque
625 1555 709 1589 inter
729 1555 833 1599 ipsum
851 1564 1020 1590 vertuntur
1039 1555 1074 1589 &
1086 1566 1147 1589 nos
1160 1579 1171 1596 ,
1198 1554 1233 1588 in

291 1619 406 1643 eorum
420 1607 581 1651 praesentia
593 1605 701 1649 palam
713 1604 783 1639 fieri
794 1630 806 1647 ,
829 1603 964 1648 &juxta
975 1603 1067 1639 vestri
1091 1605 1232 1651 formam

284 1658 437 1694 -mandati
449 1682 459 1698 ,
485 1656 660 1691 diffinitiva
672 1665 785 1689 eorum
796 1655 955 1689 sententia
969 1653 1149 1699 pleniffime
1172 1664 1233 1688 ter-

293 1708 430 1743 minari.
458 1706 536 1750 Ipfis
558 1706 592 1738 in
604 1703 740 1738 modum
763 1703 851 1737 hunc
873 1705 1083 1740 reverentiam
1098 1704 1233 1748 judicia-

291 1761 348 1793 riae
361 1756 509 1800 potestati
534 1753 677 1788 debitam
689 1751 883 1788 exhibentes
901 1754 1081 1787 adstitimus
1091 1777 1102 1793 ,
1129 1754 1162 1787 ἃ
1175 1765 1231 1787 ec-

290 1819 331 1843 ce
355 1807 481 1841 finistro
501 1804 626 1838 confufi
652 1802 812 1841 Nuncio,
847 1803 865 1836 a
885 1803 973 1847 prius
994 1812 1155 1846 concepta
1177 1804 1231 1846 spe

290 1856 406 1904 gaudii
428 1856 460 1889 in
485 1853 717 1896 desperationis
738 1854 866 1888 foveam
889 1854 987 1898 lapfi,
1023 1853 1136 1887 audita
1157 1852 1232 1886 satis

292 1906 468 1951 nequimus
481 1903 651 1938 admirari.
681 1901 811 1937 Audito
829 1901 940 1942 enim,
966 1903 1080 1947 &ipsa
1091 1902 1233 1947 Legato-

295 1968 368 1992 rum
383 1954 561 1990 vestrorum
579 1952 780 1987 confeffione
800 1953 995 1998 recognito,
1019 1962 1077 1987 eos
1096 1953 1136 1986 ad
1148 1952 1231 1995 judi-

292 2006 439 2043 candum
450 2005 578 2039 causam
591 1999 677 2037 hanc
688 2026 701 2043 ,
725 2002 772 2037 ob
786 2013 885 2044 quam
897 2012 1071 2041 venerant,
1095 2000 1232 2045 potesta-

289 2067 357 2092 tem
380 2053 522 2090 omnino
543 2065 611 2088 non
627 2051 767 2093 habere,
792 2052 925 2095 &quod
947 2053 966 2086 a
988 2051 1163 2087 Sanctitate
1181 2061 1232 2085 ve·

289 2108 352 2143 sira
374 2105 526 2140 Domino
549 2103 660 2138 nostro
673 2103 760 2148 Regi
792 2103 978 2138 concessum
1001 2126 1014 2143 ‚
1048 2101 1232 2149 scriptoque

292 2157 459 2191 firmatum
479 2154 608 2195 fuerat,
635 2154 668 2188 id
689 2165 758 2187 non
780 2163 912 2195 tenere,
939 2152 1108 2188 Dominus
1125 2151 1232 2186 noster

294 2207 370 2243 Rex
383 2206 467 2241 ultra
479 2203 577 2249 quam
590 2205 655 2239 dici
667 2203 762 2248 poffit
772 2229 783 2245 ,
811 2204 856 2238 ira
868 2213 959 2238 totus
978 2202 1148 2236 incanduit
1158 2226 1170 2242 ,
1196 2202 1230 2234 in

290 2267 421 2293 tantum
433 2255 564 2301 quidem
576 2279 587 2296 ‚
614 2265 650 2289 ut
662 2253 702 2288 ad
724 2254 853 2288 solitam
864 2263 940 2296 erga
954 2261 1012 2284 vos
1023 2252 1127 2284 animi
1139 2261 1229 2283 man-

291 2306 499 2342 suetudinem
511 2306 566 2339 vix
578 2315 652 2339 eum
664 2303 772 2337 nostra
791 2303 893 2335 etiam
915 2302 950 2334 in
968 2310 1146 2335 commune
1161 2301 1219 2343 sup

293 2357 430 2403 plicatio
449 2365 598 2391 revocare
624 2354 785 2396 potuerit·
811 2350 943 2385 Totum
961 2350 1071 2394 itaque
1092 2374 1103 2390 ‚
1129 2349 1230 2393 quod-

292 2408 329 2442 in
341 2407 484 2441 adventu
507 2406 708 2448 Legatorum
731 2400 910 2436 vestrorum
943 2410 1195 2444 conceperamus
1219 2424 1231 2440 „

292 2455 406 2502 gaudii
426 2454 528 2498 coepit
548 2451 639 2486 illico
659 2451 795 2486 tristitiae
816 2449 933 2486 nubilo
954 2450 1137 2495 superduci.
1177 2450 1231 2485 Ad

292 2508 375 2542 iram
388 2504 473 2539 hanc
496 2502 614 2538 fortius
637 2500 907 2536 inflammandam
928 2501 1094 2535 incentiva
1119 2500 1232 2544 praebe-

295 2556 374 2591 bant
399 2555 464 2599 ipsa
488 2553 664 2588 Nobilium
687 2552 876 2594 colloquia,
911 2551 947 2585 id
965 2551 1117 2586 Domino
1143 2550 1230 2595 Regi

291 2606 404 2649 saepius
428 2603 649 2644 inculcantia,
674 2601 733 2636 fibi
759 2601 945 2646 Regnoque
965 2602 1023 2635 suo
1046 2600 1138 2635 nulla
1160 2600 1226 2644 jam

293 2654 446 2689 adversus
466 2654 655 2686 Dominum
677 2652 947 2687 cantuariensem
967 2651 1118 2694 supereffe
1140 2650 1231 2684 subsi-

294 2705 349 2739 dia
366 2727 377 2744 ,
404 2702 479 2736 cum
492 2701 666 2746 appellatio
677 2701 789 2746 Regni
811 2701 936 2736 dudum
950 2701 990 2735 ad
1004 2712 1062 2735 vos
1075 2702 1156 2735 fasta
1166 2701 1229 2743 jam

294 2752 491 2797 expiraverit
508 2776 519 2792 ‚
546 2752 579 2785 δε
600 2751 630 2785 ei
653 2751 852 2794 Legatorum
885 2751 1060 2785 vestrorum
1083 2752 1118 2785 in
1138 2752 1231 2785 nullo

297 2815 374 2839 cura
387 2802 568 2837 subvenerit
582 2826 589 2834 .
617 2801 711 2835 Hinc
723 2801 808 2844 apud
831 2801 944 2846 Regni
966 2802 1133 2845 Principes
1142 2811 1231 2835 tanta

296 2864 414 2889 exorta
435 2851 601 2892 turbatio,
628 2861 663 2885 ut
674 2850 834 2893 nifijuxta
855 2850 964 2885 datam
1001 2853 1092 2886 vobis
1113 2852 1230 2895 sapien·

299 2905 381 2939 tiam
404 2902 544 2948 pericula
564 2902 629 2945 jam
649 2900 854 2944 erumpentia
874 2900 1076 2945 providendo
1100 2902 1233 2946 praeclu—

301 2954 406 2990 seritis
421 2977 432 2994 ,
457 2951 580 2987 Christi
600 2951 723 2986 vestem
745 2950 848 2984 scindi
866 2951 1041 2986 miserrime
1062 2952 1103 2986 de
1128 2953 1232 2996 proxi-

301 3015 358 3038 mo
374 3003 533 3039 doleatis.
559 3001 664 3037 Totis
674 3002 763 3035 enim
776 2999 891 3034 studiis
914 3002 1080 3036 Dominus
1091 3003 1232 3037 Cantua-

947 67 1555 123 sEPISTOLAE

1278 158 1281 160 ’
1306 157 1441 202 ,Crebris
1457 159 1575 194 litteris
1599 169 1714 204 graves
1723 158 1769 194 eis
1782 157 2005 200 mandatorum
2016 167 2156 210 imponit
2179 167 2238 202 san-

1308 209 1399 260 cinas
1411 235 1422 251 ,
1448 221 1528 253 quas
1550 210 1758 253 praesensipse
1779 221 1846 244 non
1859 209 1963 256 digito
1974 226 2103 251 movere
2116 217 2236 259 voluit,

1308 259 1426 294 nedum
1441 259 1584 294 humeris
1594 259 1766 294 sustinere.
1795 259 1849 294 Ad
1863 259 2000 300 mortem
2018 273 2081 306 1¹0⁵.
2093 268 2210 303 invitat
2221 292 2235 309 ,

1280 318 1281 321 ’
1303 308 1739 355 &sanguiniseffufionem,
1766 308 1842 345 cum
1867 312 1933 353 ipse
1953 310 2111 356 mortem,
2136 328 2237 362 quam

1306 358 1679 407 nemosibidignabatur
1698 371 1752 395 aut
1773 359 1958 395 minabatur
1978 361 2116 405 inferre,
2150 369 2237 402 sum-

1304 420 1361 443 mo
1370 409 1480 445 studio
1493 409 1725 451 declinaverit,
1751 410 1786 445 δε
1808 410 1901 444 suum
1922 411 2113 457 sanguinem
2131 413 2238 452 iniba-

1303 467 1374 493 tum
1395 460 1621 495 conservando
1645 459 1715 503 ejus
1742 458 1851 495 adhuc
1874 461 1936 496 nec
1961 468 2089 507 guttam
2110 462 2235 502 effundi

1307 508 1446 544 voluerit
1460 536 1468 543 .
1494 510 1560 546 Pro
1582 508 1716 545 Christo
1726 510 1846 555 quippe
1866 510 1949 546 mori
1960 512 2141 556 gloriosum
2153 514 2196 548 est
2221 540 2234 549 .

1303 558 1341 592 In
1360 567 1498 595 mortem
1517 561 1594 596 vero
1615 561 1838 604 imprudenter
1858 562 2032 606 irrumpere
2050 587 2062 603 ‚
2102 560 2236 599 Christo

1305 608 1421 645 seimus
1433 622 1499 646 non
1511 611 1651 655 placere.
1681 610 1880 647 Libertatem
1902 612 2052 656 praedicat
2064 612 2212 646 Ecclefiae
2220 638 2235 655 ,

1301 669 1397 701 quam
1421 661 1452 694 se
1473 661 1698 696 cantuariensi
1723 660 1871 696 Ecclefiae
1892 662 2014 697 viribus
2036 661 2238 698 intrudendo

1300 706 1357 743 fibi
1369 710 1657 761 constat-ademisse
1668 736 1675 743 .
1702 711 1814 757 Regni
1825 712 2077 747 consuetudines
2086 713 2238 757 frequen·

1300 768 1348 807 ter
1370 759 1587 805 improperat,
1612 771 1693 807 quas
1705 761 1804 808 longe
1814 761 1926 804 aliter,
1954 762 2052 807 quam
2071 763 2101 796 se
2112 774 2161 797 res
2181 762 2238 798 ha-

1300 809 1393 850 beat,
1423 810 1486 845 suis
1507 808 1763 857 scriptisv'cstrae
1784 812 1979 847 Celsitudini
2014 813 2198 847 manifestat
2226 838 2236 845 .

1299 858 1352 893 De
1373 870 1486 895 caetero
1507 862 1688 898 sanctorum
1709 862 1887 897 Canonum
1909 861 2144 898 authoritatem
2157 874 2234 908 erga

1298 919 1358 943 nos
1373 921 1440 944 non
1461 910 1610 947 observat
1621 934 1632 952 ,
1643 912 1731 946 'cum
1742 913 1940 957 appellantes
1961 913 2001 948 ad
2014 910 2070 947 vos
2081 912 2152 957 post
2174 923 2235 957 ap*-

1297 959 1508 1002 pellationem
1530 961 1796 997 excommunicet
1806 986 1818 1002 ,
1844 961 1925 997 alios
1933 963 1999 997 fine
2010 965 2167 999 citatione
2177 967 2236 998 au‘t

1296 1011 1560 1046 commonitione
1580 1009 1767 1054 suspendat.
1794 1010 1957 1052 Notoria,
1985 1024 2056 1057 quae
2069 1024 2129 1047 nec
2141 1021 2239 1054 nota,

1299 1070 1358 1093 nec
1372 1059 1505 1095 veritate
1515 1061 1651 1096 subnixa
1664 1061 1739 1094 sunt
1750 1083 1762 1100 ,
1789 1060 1902 1095 afferat
1923 1084 1931 1094 .
1959 1061 2003 1095 Et
2014 1061 2049 1096 in
2062 1060 2151 1097 hunc
2163 1073 2234 1099 mo-

1293 1107 1373 1143 dum
1396 1109 1532 1153 plurima
1547 1134 1559 1150 ,
1583 1121 1647 1154 qua
1670 1109 1775 1153 potest
1798 1108 1956 1153 potestate
1975 1133 1987 1151 ,
2013 1112 2198 1145 confundat
2222 1137 2231 1145 .

1297 1158 1351 1193 Ad
1363 1158 1430 1194 haec
1442 1158 1654 1205 quadraginta
1676 1169 1853 1193 marcarum
1865 1158 1968 1193 millia
1982 1181 1992 1198 ,
2016 1160 2069 1194 vel
2081 1159 2235 1204 amplius,

1294 1219 1331 1244 ut
1344 1210 1391 1243 sui
1406 1210 1566 1251 afferunt,
1592 1209 1687 1245 bonae
1708 1211 1770 1244 suae
1791 1209 1867 1243 fidei
1892 1209 2083 1249 commissa,
2118 1211 2236 1244 Domi·

1295 1270 1340 1293 no
1354 1258 1464 1293 nostro
1477 1259 1565 1304 Regi
1581 1259 1702 1293 solvere
1712 1284 1723 1300 ,
1750 1259 1799 1293 vel
1811 1260 1900 1302 quod
1911 1259 2031 1302 justum
2041 1259 2086 1293 est
2099 1259 2235 1295 exhibe-

1295 1320 1328 1342 re
1349 1308 1518 1343 detrectat.
1549 1309 1593 1343 Et
1613 1308 1699 1352 Regi
1710 1310 1768 1342 suo
1790 1309 2115 1353 negat&Domino‚
2141 1310 2232 1353 quod

1293 1369 1355 1393 nec
1381 1357 1530 1392 Ethnico
1552 1358 1715 1404 denegare
1744 1357 1900 1392 debuerat
1934 1369 1991 1392 aut
2014 1357 2197 1393 Publicano
2224 1385 2233 1392 .

1296 1407 1423 1449 Unde,
1451 1409 1606 1453 neligent
1621 1419 1682 1442 nos
1701 1408 1765 1451 jam
1789 1408 1873 1442 dicta
1887 1408 2103 1453 gravamina,
2131 1420 2173 1444 ne
2184 1419 2232 1445 ta-

1270 1478 1274 1481 ,
1294 1458 1484 1492 citurnitate
1505 1459 1631 1498 nostra,
1658 1455 1876 1491 &indiscreta
1899 1458 2040 1501 quadam
2051 1459 2235 1495 conniven-

1272 1549 1274 1553 .
1294 1508 1339 1541 tia
1351 1507 1578 1551 permittamus
1600 1508 1633 1541 id
1648 1507 1740 1548 fieri,
1766 1507 1854 1542 unde
1875 1507 2063 1542 Dominum
2086 1507 2234 1545 nostrum

1295 1557 1419 1601 Regem
1431 1568 1449 1595 ,·
1466 1557 1500 1591 δε
1522 1556 1677 1601 Regnum
1691 1557 1760 1600 ejus
1782 1557 1888 1600 ipsum
1904 1558 2004 1591 etiam
2016 1581 2027 1597 ,
2052 1558 2086 1592 δι
2099 1559 2236 1602 sequen·

1295 1611 1342 1640 tes
1362 1606 1502 1650 populos
1518 1605 1541 1640 a
1558 1605 1659 1640 vestra
1688 1606 1862 1650 contingat
1883 1606 2073 1641 obedientia
2105 1611 2234 1651 prorsus

1294 1656 1414 1698 averti,
1441 1655 1591 1690 adversus
1613 1655 1770 1699 suspestas
1796 1654 1891 1689 nobis
1914 1656 2058 1690 Domini
2092 1656 2235 1694 Cantua·

1294 1705 1402 1740 rienlis
1425 1706 1622 1746 sententias,
1646 1703 1800 1739 'adversus
1825 1703 1976 1739 ma'ndata
1996 1705 2065 1749 ejus
2081 1707 2195 1742 omnia
2221 1714 2237 1753 ',

1294 1757 1449 1789 Domino
1471 1755 1584 1789 nostro
1609 1755 1744 1799 Regi&
1766 1755 1887 1799 Regno
1897 1755 1988 1797 ejus,
2016 1756 2161 1798 personis
2172 1765 2234 1792 rto-⁴·

1291 1804 1385 1843 stris,
1421 1803 1457 1837 ὅ(
1473 1803 1651 1837 commistis
1673 1803 1772 1836 nobis
1791 1804 1964 1844 Eccleffis,
2002 1805 2037 1838 δε
2061 1804 2232 1842 Parochiis

1292 1864 1465 1899 gravamen
1479 1852 1614 1898 aliquod
1625 1851 1838 1897 importantia
1858 1877 1869 1894 ,
1894 1853 1998 1887 vestro
2010 1865 2070 1889 nos
2086 1866 2144 1898 per
2163 1868 2235 1892 orna

1293 1904 1348 1939 nia
1357 1905 1602 1938 committentes
1624 1902 1785 1944 consilio,
1811 1903 1845 1938 δε
1869 1904 2062 1947 Ρτοῑεᾶῐοηῐ
2086 1903 2232 1940 subden-

1293 1963 1340 1988 tes
1355 1977 1366 1994 ,
1390 1952 1431 1986 ad
1451 1952 1652 1986 audientiam
1665 1952 1801 1986 vestram
1822 1953 2058 1996 appellavimus
2079 1979 2089 1995 ‚
2118 1955 2152 1990 dc
2175 1967 2229 2000 ap·

1293 2002 1462 2047 pellationi
1484 2001 1688 2043 terminum,
1712 2000 1802 2037 diem
1825 2003 1971 2039 transitus
1984 2002 2077 2039 Beati
2088 2003 2228 2042 Martini

1293 2051 1521 2087 constituimus
1531 2075 1540 2084 .
1888 2052 1893 2056 ’

1401 2149 1809 2189 EPISTOLA
1869 2152 2115 2191 „XXXIV

1294 2250 1481 2287 Alexander
1500 2252 1591 2298 Papa
1603 2250 1790 2288 Wilhelmo
1798 2252 1833 2288 ἀ
1844 2253 1965 2288 Ottoni
1977 2253 2218 2291 Cardinalibus.

1294 2352 1464 2385 Alexander
1476 2350 1640 2394 Episcopus
1652 2375 1664 2392 ,
1688 2354 1802 2386 Servus
1813 2355 1971 2386 servorum
1995 2357 2052 2387 Del
2066 2381 2076 2395 ‚
2103 2354 2234 2390 thb'el·

1341 2412 1387 2435 mo
1407 2401 1508 2437 San&
1530 2404 1615 2434 Petri
1636 2402 1681 2433 ad
1699 2403 1822 2434 vincula
1844 2402 2029 2441 Presbytero,
2057 2406 2091 2437 (9¹
2109 2406 2231 2438 oddoni

1342 2450 1444 2485 sanai
1463 2452 1586 2484 Nicolai
1609 2455 1643 2483 in
1661 2461 1775 2484 carcere
1795 2452 1930 2484 Tulliano
1963 2455 2094 2485 Diacono
2115 2456 2231 2487 Cardi-

1341 2502 1425 2542 nalt,
1453 2503 1487 2535 6·
1512 2500 1676 2543 apostolica
1699 2501 1784 2534 sedis
1796 2503 1942 2546 Legatis,
1964 2498 2231 2547 salutemQApo-

1335 2550 1468 2593 stoltcam
1489 2551 1728 2585 Benedtc‘ltonem
1743 2575 1750 2583 .

1388 2648 1574 2688 UANTA
1600 2650 1754 2684 univetsae
1778 2650 1845 2684 Dei
1866 2649 2031 2690 Ecclefiae‚
2055 2652 2089 2685 ἀ
2107 2653 2230 2695 praeser·

1413 2703 1472 2736 tim
1495 2701 1676 2740 Romanae,
1701 2700 1737 2734 δι
1758 2700 1923 2735 Orientali
1952 2700 2168 2744 detrimenta,
2195 2703 2231 2737 δε

1415 2756 1417 2758 ’
1429 2750 1641 2785 incommoda
1654 2761 1695 2784 ex
1706 2750 1866 2784 discordia
1875 2749 1910 2783 &
1920 2750 2111 2785 dissensione
2123 2777 2133 2792 ,
2159 2763 2231 2795 qum

1295 2804 1380 2836 inter
1401 2801 1601 2835 charissimos
1613 2799 1645 2832 in
1661 2798 1793 2833 Christo
1816 2800 1903 2834 filios
1917 2800 2062 2841 nostros,
2091 2802 2230 2837 illustres

1294 2853 1497 2887 Francorum
1520 2852 1554 2885 ὅ(
1578 2849 1764 2894 Anglorum
1777 2850 1883 2893 Reges
1906 2861 1959 2893 per
1983 2849 2117 2891 humani
2131 2862 2230 2895 gene-

1294 2905 1336 2937 ris
1348 2903 1516 2946 contingit
1528 2900 1700 2934 inimicum
1713 2923 1724 2940 ‚
1750 2900 1913 2942 potuerint
1923 2901 2053 2933 evenire
2064 2925 2074 2940 ‚
2086 2901 2228 2935 nostram

1295 2953 1390 2988 decet
1411 2951 1637 2985 discretionem
1657 2948 1842 2988 advertere,
1866 2949 1900 2988 <Sc
1923 2949 2016 2983 tanto
2037 2950 2230 2995 diligentius

1296 3003 1336 3038 ad
1358 3013 1396 3037 ea
1414 2997 1863 3044 existinguendaintendere,
1888 3010 2015 3042 quanto
2034 2999 2155 3035 exinde
2166 3012 2233 3036 ma·

301 3054 410 3089 rienfis
429 3052 580 3093 desudat,
607 3062 644 3085 ut
656 3051 844 3085 Dominum
857 3051 1003 3084 nostrum
1023 3053 1150 3097 Regem
1162 3063 1234 3088 ana·
1280 3055 1386 3097 vjora,
1411 3051 1503 3092 quod
1526 3049 1619 3084 Deus
1637 3057 1779 3088 avertat,
1816 3049 1957 3093 pericula
1979 3050 2193 3085 formidamus
2218 3074 2228 3082 .

303 3104 449 3138 themate
469 3128 480 3144 ‚
504 3102 741 3148 ,Regnumque
759 3099 829 3143 ejus
847 3099 1008 3134 interdicti
1030 3113 1124 3144 poena
1157 3115 1234 3137 con·
1280 3101 1463 3154 {roirca
1474 3098 1702 3135 discretionem
1714 3098 1848 3133 vestram
1872 3110 1927 3143 per
1946 3100 2137 3144 Apostolica
2158 3098 2230 3133 scri-

303 3154 454 3199 ssringat.
485 3153 708 3192 Potestatem,
735 3161 835 3195 quam
859 3151 893 3184 in
904 3150 1176 3192 aedificationem,
1201 3154 1234 3186 &
1280 3142 1350 3198 lpta
1372 3161 1544 3185 monemus
1568 3173 1580 3190 ,
1603 3148 1796 3183 mandamus
1818 3174 1829 3191 ,
1863 3160 1960 3193 atque
1991 3150 2193 3193 praecipimus
2217 3174 2230 3191 ,

305 3215 374 3238 non
392 3203 640 3239 destrussionem
658 3201 806 3236 Ecclefiae
828 3200 995 3244 suscepisse
1012 3211 1196 3243 oportuerat
1226 3226 1237 3242 ,

304 3254 346 3286 fic
364 3263 494 3288 exercet
517 3256 552 3287 in
573 3252 738 3292 subditos,
768 3260 804 3285 ut
815 3261 931 3285 omnes
945 3251 980 3284 in
993 3250 1094 3295 Regis
1108 3251 1236 3292 odium,

308 3304 343 3337 δε
363 3305 464 3338 totius
485 3304 596 3349 Regni
618 3300 793 3336 Nobilium
812 3310 917 3335 tentet
937 3299 1087 3334 inducere
1111 3324 1122 3340 ,
1142 3301 1234 3334 &eo-

310 3363 381 3384 rum
402 3353 582 3388 substantiis
606 3352 849 3394 direptionem,
874 3349 1052 3385 cervicibus
1072 3350 1232 3395 gladium,

311 3412 366 3436 aut
386 3404 574 3447 corporibus
595 3402 733 3437 exilium
759 3398 885 3436 intente
906 3400 1026 3437 studeat
1050 3412 1217 3446 procurare
1230 3428 1237 3435 .

1298 3212 1455 3248 quatenus
1468 3200 1509 3234 ad
1521 3209 1630 3243 pacem
1644 3199 1728 3233 inter
1745 3208 1802 3233 eos
1819 3222 1831 3239 ,
1856 3199 1889 3233 δε
1900 3199 2112 3234 concordiam
2134 3200 2232 3232 refor-

1298 3248 1450 3288 mandam
1464 3249 1573 3285 modis
1583 3248 1740 3285 omnibus
1751 3260 1806 3292 per
1815 3260 1892 3290 vos,
1917 3250 1951 3284 ἀ
1964 3259 2018 3292 per
2038 3249 2120 3283 alios
2141 3248 2231 3283 Reli·

1298 3303 1408 3348 giosos
1417 3300 1450 3335 δε
1471 3300 1626 3334 discretos
1637 3299 1721 3333 viros
1745 3299 1908 3344 utriusque
1929 3298 2040 3344 Regni
2064 3298 2233 3333 intendero

1302 3350 1452 3386 studeatis
1461 3373 1473 3390 ,
1498 3348 1533 3382 ὃ(
1543 3348 1583 3382 ad
1596 3347 1659 3382 hoc
1670 3359 1740 3382 tota
1754 3349 1925 3393 diligentia
1938 3373 1949 3389 ,
1976 3350 2010 3383 δε
2024 3350 2103 3383 totis
2116 3346 2232 3382 viribus

1302 3401 1454 3437 laboretis
1464 3423 1476 3440 ,
1487 3398 1581 3434 vobis
1593 3399 1798 3435 omnimodis
1810 3408 2039 3445 praecaventes,
2051 3410 2092 3432 ne
2105 3396 2144 3432 ad
2156 3396 2238 3439 peti—

2052 3449 2190 3486 tionem,
