2358 3776
379 129 472 184 κως

408 251 818 290 EPISTULA
915 248 1111 288 CLXIV.

348 355 493 395 Thomas
512 353 736 391 cantuariensi
758 349 1061 394 Archi-Episcopo
1093 351 1190 395 Joan.

523 417 580 440 nes
603 401 811 439 Pidavienfis
830 399 1009 445 Episcopus
1023 424 1032 434 ,

299 511 426 544 nomino
445 509 481 541 (9
505 508 592 539 Patr}
618 503 793 537 Reverendo
813 501 956 540 Thomae,
984 502 1043 533 Dei
1064 503 1239 544 grandife-

347 557 474 592 nerabili
497 552 711 595 Camuartenfi
729 549 995 594 Archi-Episcopo
1016 573 1027 589 ,
1049 549 1124 592 suus
1149 553 1238 588 {beau

346 609 415 641 dem
433 610 538 650 gratia
563 602 760 645 Pic‘lavienfis
784 600 918 642 Ecclefiae
959 599 1079 634 humilis
1102 602 1237 635 Sacerdos

337 657 491 702 salutem,
519 656 553 693 Φ
571 657 661 700 juges
683 659 717 688 in
740 656 866 688 Domino
885 649 1041 695 succeffus.

346 757 433 795 Pso
458 757 512 791 die
530 753 774 791 Purificationis
797 753 905 789 Beatae
925 750 1039 786 Mariae
1059 775 1069 791 ,
1097 762 1164 795 quo
1189 750 1238 784 lit-

370 817 454 842 teras
474 806 591 841 vestras
611 805 715 848 recepi
739 828 751 844 ‚
786 803 916 839 locutus
935 801 984 836 fui
1003 813 1079 836 cum
1114 802 1239 845 Joanne

295 857 448 898 Cumin,
473 858 508 893 &
529 853 705 898 Radulpho
728 854 769 887 de
793 852 1020 888 Tamewurde
1039 877 1049 893 ,
1077 853 1133 896 qui
1169 862 1238 894 prae-

297 907 436 942 cedente
456 907 511 943 die
526 906 702 941 Turonum
725 903 855 948 ingressi
877 903 951 936 sunt
965 927 977 943 ,
1000 901 1020 937 ὲ
1042 902 1142 937 Curia
1169 900 1238 936 Do-

295 957 380 995 mini
416 957 510 1001 Papae
531 958 564 990 in
585 954 770 991 continenti
792 960 985 990 revertentes
1010 978 1017 985 .
1063 951 1097 987 A
1122 950 1240 995 quibus

294 1006 372 1043 cum
384 1008 509 1047 multa,
536 1007 600 1041 tam
624 1008 713 1048 super
735 1004 817 1038 statu
834 1027 846 1044 ,
867 1003 966 1050 quam
988 1003 1080 1046 super
1104 999 1239 1047 agendis

294 1057 360 1092 suis
382 1058 548 1100 explorare
571 1058 605 1091 in
631 1066 710 1090 voto
733 1053 906 1095 haberem,
933 1054 968 1087 in
991 1053 1101 1096 paucis
1111 1062 1165 1095 per
1182 1060 1239 1085 eos

290 1106 459 1142 certiorari
471 1106 566 1150 potui
576 1130 589 1147 ‚
614 1105 770 1150 tanquam
781 1105 799 1138 a
810 1114 864 1138 me
880 1102 993 1137 omnia
1016 1101 1217 1138 occultando
1228 1123 1242 1139 ,‚

293 1155 446 1192 Domino
458 1158 514 1191 suo
525 1156 557 1190 se
580 1155 747 1191 crederent
768 1153 963 1199 obsequium
986 1152 1144 1196 praestare.
1175 1151 1239 1185 Ve-

292 1216 476 1243 rumtamen
494 1206 536 1241 ab
555 1206 602 1241 eis
625 1207 676 1241 vel
697 1216 798 1249 pauca
819 1229 830 1247 ,
859 1203 913 1238 vel
937 1203 1050 1238 invitis
1081 1202 1199 1237 extorsi
1228 1225 1238 1241 ,

293 1258 455 1292 nonnulle
475 1257 494 1291 a
506 1257 646 1290 Decano
658 1255 751 1289 Beati
763 1252 919 1289 Mauricii
931 1276 943 1294 ‚
970 1253 1004 1287 in
1020 1252 1109 1295 cujus
1134 1250 1238 1294 hospi·

292 1307 342 1342 tio
354 1307 600 1351 receptiorem,
627 1305 753 1347 accepi.
784 1303 908 1348 Aliqua
937 1302 1036 1344 etiam
1058 1313 1112 1347 per
1136 1301 1237 1337 Cleri-

291 1368 368 1392 cum
390 1355 565 1401 quemdam
587 1353 859 1392 Xantonensem,
883 1352 987 1396 quiin
1012 1352 1173 1387 comitatu
1186 1362 1238 1385 eo-

292 1418 365 1442 rum
375 1406 575 1449 aliquamdiu
588 1413 715 1439 venerat
724 1428 735 1444 ,
750 1401 894 1438 addidici
905 1425 912 1433 -
940 1401 1070 1437 Retulit
1082 1401 1238 1445 siquidem

293 1456 378 1491 mihi
389 1455 477 1489 idem
489 1455 639 1488 Clericus
655 1478 667 1495 ,
689 1452 777 1496 quod
791 1452 960 1487 Dominus
970 1450 1134 1494 papiensis
1157 1451 1239 1485 mul-

293 1502 478 1548 tiplicibus,
507 1505 542 1539 δε
559 1501 795 1540 instantissimis
806 1501 953 1544 precibus
978 1500 1079 1544 Regis
1103 1500 1240 1544 Angliae

293 1555 487 1590 sollicitatus
512 1576 523 1593 ,
550 1551 585 1587 &
605 1551 624 1585 a
651 1548 1240 1594 DominiPapaesimilisollicitudine

294 1606 327 1641 ὅ(
349 1604 502 1638 instantia
523 1603 738 1645 impetratus,
763 1598 1004 1644 proculdubio
1029 1598 1176 1644 Legat-us
1189 1610 1238 1632 ve-

293 1657 344 1691 nit
363 1656 406 1692 io
419 1664 554 1688 omnem
565 1661 678 1685 terram
705 1649 841 1693 praedieli
870 1648 989 1694 Regis.
1017 1649 1063 1683 Et
1084 1649 1237 1688 creditur,

295 1704 389 1750 quo'd
412 1703 508 1738 omni
529 1698 732 1744 plenitudine
752 1698 921 1741 potestatis
952 1700 1060 1732 veniat
1080 1722 1091 1739 ,
1128 1708 1164 1732 ut
1187 1709 1238 1732 co-

321 1755 456 1793 noscat,
482 1751 626 1795 judicet,
654 1748 778 1792 plantet
794 1772 806 1789 ,
826 1748 865 1781 δε
885 1746 1035 1782 evellatz-
1049 1746 1193 1781 maxime
1204 1758 1239 1780 ut

294 1815 380 1841 inter
401 1803 529 1847 Regem
541 1801 607 1834 sive
627 1798 736 1838 alios,
759 1798 793 1832 δι
817 1798 981 1840 vossuper
992 1796 1144 1831 universis
1165 1807 1238 1838 que·

294 1854 369 1890 relis
391 1852 503 1887 vestris
526 1859 674 1894 potenter
693 1846 847 1887 decernat
873 1870 885 1888 ,
919 1845 1240 1891 &irrefragabiliter

294 1901 493 1949 pronunciet
515 1924 527 1941 ,
553 1909 685 1935 remoto
707 1897 818 1932 omnis
839 1896 1071 1941 appellationis
1094 1895 1240 1931 obstacu-

295 1955 349 1990 lo.
373 1953 423 1997 Ita
441 1949 530 1996 quod
556 1960 626 1984 non
649 1948 792 1984 multum
804 1946 898 1982 vobis
910 1946 1057 1990 prodesse
1069 1946 1163 1990 possit
1174 1946 1240 1980 De-

297 2007 423 2040 cretum
438 2001 618 2045 repetendae
637 1996 852 2043 restitutionis
864 1996 971 2030 vestra
981 2020 994 2037 ,
1020 1996 1192 2040 prasertim
1204 2004 1241 2030 ut

295 2063 392 2093 tanto
411 2061 559 2095 tempore
583 2047 729 2084 habeatis
749 2046 999 2092 posseffionem,
1025 2054 1103 2080 aute
1126 2045 1240 2089 princi-

296 2103 381 2150 palis
401 2102 504 2136 causae
523 2098 811 2135 constitutionem·
836 2097 942 2133 Omni
963 2096 1054 2131 enim
1077 2095 1241 2142 exceptio·

293 2155 363 2194 ni„
379 2152 473 2191 omni
493 2151 627 2186 decreto
648 2173 661 2190 ,
699 2159 737 2184 ut
753 2147 874 2183 dicitur
897 2170 910 2188 ,
947 2142 1174 2191 praejutficiutnffi
1190 2143 1242 2179 ad÷

299 2204 395 2242 ferret
410 2226 421 2243 .
448 2201 571 2246 praefati
596 2199 712 2244 Legati
722 2199 819 2244 plena
878 2196 994 2238 testas.
1024 2196 1086 2232 Sed
1108 2195 1142 2228 δι
1163 2193 1241 2235 huic

296 2253 467 2296 adjunctus
487 2253 552 2287 esse
581 2259 726 2286 narratur
763 2248 798 2282 D
860 2247 934 2295 ‘nus
954 2245 1057 2280 Oddo
1075 2268 1087 2285 ,
1122 2244 1240 2285 Diacoy

296 2313 360 2339 nus
379 2301 567 2338 Cardinalis
588 2299 629 2336 de
648 2306 773 2333 carcere
794 2295 987 2333 Tulliano.
1008 2294 1052 2330 Et
1078 2294 1204 2328 utinam
1224 2316 1236 2326 γ.

295 2353 407 2391 Stellae
427 2362 571 2396 namque
582 2349 680 2384 unius
703 2346 864 2382 malitiam
876 2370 887 2387 ,
913 2345 934 2378 si
947 2355 1015 2381 non
1027 2344 1214 2388 extinguat.
1225 2366 1236 2385 ,

294 2413 455 2446 rempetat
475 2412 585 2437 tamen
598 2400 631 2434 &
652 2405 800 2433 attenuat
819 2395 876 2431 sibi
889 2394 1040 2439 adjuncta
1053 2396 1242 2438 magispro·

296 2453 378 2498 pitia
400 2450 489 2486 stella
500 2473 511 2490 ,
528 2452 573 2485 ,δε
591 2447 768 2483 benevola.
796 2445 847 2480 Hi
857 2444 1016 2491 siquidem
1027 2444 1094 2483 duo
1108 2443 1239 2481 Urbem

296 2502 412 2549 egreffi
435 2502 510 2536 sunt
527 2501 562 2534 in
572 2497 732 2533 Kalendis
742 2496 911 2541 Ianuarii,
936 2495 977 2534 ad
987 2504 1095 2539 partes
1115 2495 1242 2533 nostras

298 2562 526 2598 properantes.
550 2547 641 2589 vIllud
662 2556 796 2588 autem,
820 2544 1241 2595 quoffmihifignificassis,

299 2603 467 2638 Clericum
490 2600 656 2646 quendam
684 2597 824 2632 vestrum
837 2608 857 2631 a
867 2595 971 2631 Curia,
987 2595 1173 2633 redeuutem
1189 2606 1241 2634 vo·

301 2651 351 2691 bis
371 2651 513 2686 attulisse
530 2676 541 2693 ,
576 2660 647 2683 non
669 2646 767 2683 facile
791 2645 875 2681 mibi
897 2645 1076 2690 persuaderi
1098 2644 1205 2689 potest
1231 2668 1242 2686 ,

300 2693 393 2745 qnod
417 2701 473 2748 sub
494 2701 566 2739 tali,
583 2697 776 2739 conditione
794 2695 1022 2736 absolutus-sit
1044 2695 1185 2738 Ioannes
1202 2694 1243 2729 de

299 2749 493 2789 oxeneford
506 2774 516 2790 ,
553 2759 615 2785 nee
636 2748 727 2791 quod
747 2746 1002 2781 consuetudines
1023 2746 1094 2780 illas
1126 2744 1242 2779 Domi-

303 2794 683 2845 nopapae'abjuraverit
698 2821 709 2838 ,
736 2795 802 2831 five
822 2796 864 2830 de
876 2796 1041 2831 mandato
1063 2795 1185 2841 Regis,
1209 2795 1243 2828 fit

304 2853 345 2891 γὲ
365 2852 434 2894 alio
457 2851 579 2886 modo.
608 2847 688 2882 Hoc
699 2856 809 2881 autem
833 2844 976 2887 dicitur,
1001 2845 1091 2891 quod
1108 2848 1243 2890 persona

303 2903 400 2946 ipsius
418 2900 553 2944 Joannis
572 2907 681 2942 erepta
705 2896 751 2932 est
773 2897 792 2931 ὲ
813 2895 970 2940 potestate
990 2896 1092 2931 vestra
1107 2919 1119 2937 ,
1144 2907 1242 2941 quan·

304 2953 377 2987 tum
396 2950 438 2985 ad
460 2947 814 2983 excommunicationis
835 2946 1090 2986 innodationem
1108 2970 1116 2978 .
1144 2947 1244 2982 Narn-

306 3014 394 3048 que,
419 3000 496 3035 ficut
518 2997 658 3033 referunt
669 2996 744 3038 isti,
769 2994 826 3040 qui
838 3006 927 3029 nunc
938 2996 1123 3038 redierunt,
1151 2997 1245 3041 Joan·

309 3063 367 3087 nes
389 3050 532 3090 Cumin,
559 3049 594 3083 δε
615 3044 811 3090 Radulphus
833 3045 875 3079 de
896 3045 1095 3082 Tanwurde
1115 3071 1126 3088 ,
1153 3047 1245 3089 Ioan-

311 3113 368 3137 nes
390 3101 431 3136 de
452 3098 644 3135 Oxeneford
662 3098 734 3141 plus
755 3095 866 3141 gratiae
896 3095 930 3129 δε
953 3096 1116 3130 favorisin
1141 3097 1247 3131 oculis

310 3151 454 3188 Domini
474 3150 569 3193 Papae
580 3147 756 3192 promeruit
766 3157 806 3183 ex
827 3144 892 3179 hoc
902 3167 914 3184 ‚
939 3145 1029 3189 quod
1041 3146 1191 3190 suggessit
1203 3147 1246 3184 ei,

313 3212 426 3247 pacem
454 3201 537 3235 inter
560 3198 687 3243 Regem
708 3197 742 3231 δε
764 3207 823 3230 νος
844 3195 932 3239 posse
951 3196 1114 3229 reformari
1134 3219 1144 3235 ,
1171 3196 1249 3229 fies·
1285 3194 1287 3196 ’
1327 3185 1330 3187 v

312 3256 378 3292 set,
405 3251 461 3295 qui
483 3249 525 3284 de
545 3260 581 3283 ea
615 3247 753 3282 fideliter
772 3248 921 3281 tractaret
942 3256 950 3277 z
989 3245 1197 3288 promisitque
1218 3246 1248 3278 se

314 3303 354 3337 ad
380 3301 445 3336 hoc
457 3296 682 3335 omnimodam
704 3306 834 3340 operam
858 3293 1011 3329 daturum
1025 3319 1032 3326 .
1061 3294 1166 3329 Unde
1179 3306 1246 3337 prae

315 3351 393 3385 dicti
417 3348 600 3393 Ioannes&
623 3345 818 3390 Radulphus
836 3345 930 3378 illum
944 3346 1103 3389 Joannern
1118 3344 1240 3379 dere

317 3401 433 3440 neford
465 3401 568 3446 Regis
590 3396 789 3442 proditorem
810 3405 931 3430 vocant
952 3420 962 3436 ,
989 3396 1022 3428 ὃ(
1044 3394 1216 3439 praedicant
1243 3420 1249 3427 .

316 3443 390 3499 Qi
402 3472 412 3490 ,
439 3451 527 3494 quod
548 3451 622 3485 Rex
643 3447 742 3484 habet
764 3456 823 3493 pro
843 3444 1031 3491 impossibili
1052 3470 1064 3488 ‚
1103 3445 1135 3480 se
1157 3445 1256 3481 fastu-

992 102 1551 167 EP13T0LAE

1300 212 1371 237 rum
1391 202 1556 246 pollicitus
1575 200 1641 243 est,
1678 208 1714 236 ut
1732 196 1767 236 in
1791 202 1926 246 propriis
1945 207 2084 252 negotiis
2116 207 2232 244 melini

1300 253 1502 295 procederet.
1530 253 1567 286 ln
1591 251 1681 286 hunc
1702 252 1837 286 modurn
1870 253 1925 296 ipsa
1949 254 2062 296 joanni
2079 259 2119 292 de
2142 260 2231 293 oxe-

1302 303 1415 336 neford
1442 305 1476 336 in
1498 301 1650 346 operibus
1670 301 1733 335 suis
1752 302 1908 337 omnibus
1918 303 2232 343 detrahuutistiduo

1301 353 1440 396 loannes
1465 353 1498 386 δε
1524 350 1740 396 Radulphus.
1780 353 1911 387 Dicunt
1931 364 2063 398 quoque
2080 377 2091 394 ,
2113 358 2190 393 sieut
2209 358 2228 392 ὸ,

1302 402 1437 437 Decano
1460 402 1563 437 Beato
1586 401 1736 436 Mauritii
1758 427 1769 443 ,
1794 404 1851 447 qui
1872 401 2009 438 fideliter
2030 403 2072 438 ab
2102 406 2147 440 eis
2164 406 2232 443 haec

1301 454 1414 486 omnia
1432 453 1647 496 exploravit,
1672 452 1801 496 accepi,
1827 453 1917 496 quod
1938 464 2052 488 omnes
2073 455 2193 491 litteras
2215 482 2230 499 ,

1301 512 1380 545 quas
1403 503 1555 537 Domino
1568 502 1664 546 Papoe
1684 511 1798 538 contra
1826 503 1954 547 Regem
1974 502 2155 545 direxistis,
2181 507 2233 540 vel

1300 550 1355 586 alii
1369 563 1427 596 pro
1449 551 1560 592 vobis,
1584 553 1618 586 &
1637 553 1813 596 petitiones
1833 553 1949 588 vestras
1958 565 2072 589 omnes
2085 554 2170 599 Regi
2183 567 2237 598 ap·

1301 611 1446 644 portant.
1474 603 1561 638 Inter
1572 613 1649 647 quas
1669 603 1811 638 multum
1834 604 2007 639 mirantur'
2024 605 2056 638 se
2076 604 2237 639 invenisse

1292 651 1420 686 'litteras
1441 653 1581 688 Domini
1603 653 1832 695 Bituricensis,
1856 653 1899 689 de
1917 665 1985 698 quo
2008 654 2083 689 Rex
2094 653 2234 689 nihilta·

1301 702 1330 735 le
1353 702 1586 747 suspicabatur.
1611 704 1674 739 Sed
1697 705 1731 738 ἀ
1765 703 1972 748 quorundam
1996 704 2236 749 Episcoporum

1301 752 1422 786 litteras
1441 751 1482 787 de
1500 763 1582 789 terra
1601 754 1705 799 Regis
1731 778 1743 795 ,
1779 753 1883 788 immo
1901 755 2002 790 etiam
2027 755 2238 798 quorundam

1299 800 1339 836 de
1364 801 1467 837 domo
1487 803 1608 849 Regis,
1634 814 1750 839 contra
1770 805 1876 849 ipsum
1896 815 1955 848 pro
1985 804 2080 840 vobis
2101 804 2239 840 scriben-

1298 852 1405 893 tium,
1430 851 1545 888 dicunt
1567 855 1598 888 se
1619 853 1755 890 habete.
1795 854 1920 890 Verum
1941 856 1997 900 qui
2018 856 2118 889 essent
2135 879 2146 895 ,
2181 854 2236 890 vel

1302 901 1473 947 Episcopi,
1499 903 1549 939 ve'l
1569 903 1618 940 illi
1641 905 1683 939 de
1702 905 1807 940 domo
1829 905 1951 950 Regis,
1979 906 2157 940 noluerunt
2178 904 2239 939 ali-f

1300 963 1363 995 qua
1383 953 1509 988 ratione
1519 954 1678 995 revelare,
1707 954 1766 988 nisi
1789 954 1845 998 ipsi
1859 954 1946 1000 Regi
1962 980 1970 988 .
1996 955 2167 999 Iastitabat
2179 964 2236 990 au·

1300 1011 1367 1036 tem
1388 1002 1530 1045 Joannes
1548 1003 1672 1038 Cumin
1693 1004 1726 1037 se
1748 1003 1901 1038 Domino
1912 1005 2006 1048 Papae
2027 1006 2240 1050 improperas·

1300 1052 1351 1094 se,
1376 1052 1467 1095 quod
1489 1054 1521 1087 ei
1544 1053 1665 1089 litteras
1685 1061 1801 1088 eontra
1831 1052 1960 1097 Regem
1979 1055 2135 1089 misissetis
2154 1079 2162 1087 .
2190 1055 2236 1090 Et

1301 1113 1341 1135 ne
1364 1100 1430 1137 hoc
1442 1103 1543 1146 posset
1555 1103 1691 1137 inficiari
1703 1124 1715 1144 ‚
1739 1102 1938 1146 principium
1957 1103 2137 1138 litterarum
2151 1104 2243 1142 dixit.

1301 1152 1365 1186 tale
1378 1153 1461 1187 effe.-
1488 1154 1568 1186 saus
1582 1151 1753 1195 superque,
1775 1151 1850 1196 satis
1866 1177 1878 1194 ,
1904 1154 2236 1194 DomtneReverende‚

1295 1200 1434 1245 fiaflinui.
1464 1203 1607 1245 Sequens
1631 1203 1769 1245 ipsarum
1793 1203 1998 1238 continentia
2016 1214 2083 1238 erat
2102 1225 2114 1243 ,
2149 1201 2239 1247 quod

1299 1263 1353 1285 vos
1377 1258 1411 1286 in
1427 1250 1585 1294 personam
1611 1255 1702 1294 Regit
1714 1250 1898 1294 sententiam
1913 1253 2060 1295 ferrens.
2099 1253 2241 1287 Litteras

1301 1301 1379 1336 vero
1399 1301 1474 1336 istas
1493 1301 1579 1336 dixit
1592 1302 1623 1335 se
1648 1303 1681 1335 in
1707 1302 1844 1336 conchis
1855 1304 2036 1346 acquisisse.
2065 1302 2138 1336 Ubi
2161 1303 2241 1345 qui-⁴

1299 1350 1374 1387 dam
1397 1351 1552 1386 Nuncius
1572 1351 1674 1386 vester
1693 1362 1747 1386 eas
1767 1351 1913 1387 deferens
1932 1352 2051 1387 dicitur
2078 1354 2170 1388 fuiffe
2184 1352 2241 1387 de-

1300 1400 1491 1445 prehensus.
1519 1399 1566 1435 At
1579 1401 1673 1435 veri·
1687 1401 1821 1445 similius
1831 1403 1876 1437 est
1890 1427 1901 1443 ,
1926 1401 2015 1446 quod
2026 1414 2078 1436 eas
2098 1403 2133 1437 in
2152 1402 2239 1437 Can-

1299 1451 1428 1486 cellaria
1440 1450 1574 1485 habuit.
1606 1450 1658 1486 Ab
1680 1450 1750 1494 ipsis
1771 1451 1942 1494 Ioanne&
1954 1452 2134 1495 Radulpho
2153 1452 2242 1487 didi-

1300 1502 1355 1543 ci,
1392 1501 1481 1543 quod
1502 1500 1558 1534 alii
1580 1502 1857 1537 excommunicati
1882 1502 1975 1537 vestri
1999 1502 2082 1536 missi
2108 1501 2242 1536 suntad

1289 1549 1538 1586 *absolvendum
1557 1550 1752 1593 quibusdam
1773 1552 1810 1586 in
1842 1552 1985 1596 partibus
2007 1552 2117 1586 vestris
2138 1576 2149 1592 ,
2185 1550 2244 1586 red

1301 1601 1357 1641 qui
1377 1600 1425 1634 illi
1445 1602 1570 1638 essent,
1595 1611 1649 1642 per
1664 1599 1749 1635 -illos
1770 1601 1851 1635 scire
1863 1613 1931 1636 nou
1949 1604 2059 1645 potui.
2087 1599 2241 1637 Creditur

1302 1660 1434 1690 autem,
1461 1649 1552 1693 quod
1582 1649 1723 1692 Ioannes
1743 1649 1785 1684 de
1811 1652 2004 1685 oxeneford
2027 1653 2061 1684 in
2081 1649 2243 1696 Angl'nm

1304 1700 1464 1743 profectus
1483 1699 1520 1733 sit
1542 1723 1554 1739 ,
1593 1708 1629 1734 ut
1652 1699 1747 1734 testes
1766 1699 1801 1733 &
1824 1701 2024 1735 accusatores
2042 1708 2158 1734 contra
2183 1710 2249 1736 νοι

1302 1761 1378 1783 cum
1404 1748 1708 1789 consilioeorum,
1736 1749 1794 1791 qui
1821 1751 2014 1794 sanguinem
2041 1748 2180 1788 vestrum
2207 1751 2245 1784 fi·

1302 1799 1412 1837 ciunt,
1439 1806 1615 1841 praeparet,
1640 1797 1673 1830 ὅ(
1695 1798 1848 1832 instauret
1869 1823 1880 1838 ‚
1909 1800 1944 1833 <Sc
1965 1799 2123 1835 adducat.
2150 1801 2246 1847 Qo-

1302 1858 1373 1882 rum
1396 1844 1694 1881 machinationibus
1714 1846 1804 1881 duris
1823 1848 1858 1882 &
1878 1848 1955 1883 diris
1979 1873 1991 1889 ,
2017 1849 2097 1883 dum
2116 1856 2245 1893 tempus

1302 1897 1451 1937 habetis,
1477 1896 1636 1938 consulo,
1663 1907 1872 1940 quocumque
1885 1898 1987 1933 modo
2007 1897 2156 1942 potestis,
2182 1909 2248 1935 oe·-

1302 1948 1421 1981 curatis
1439 1971 1446 1978 .
1475 1945 1601 1990 Magna
1623 1947 1760 1982 enirn&
1782 1948 1886 1983 multa
1907 1949 1941 1983 in
1967 1959 2025 1983 vos
2047 1948 2150 1993 parati
2169 1950 2247 1985 sunt

1302 2006 1426 2031 tentare
1453 2009 1465 2029 .-
1497 1996 1729 2033 Innocentiam
1764 1997 1899 2032 vestram
1922 1999 2018 2042 super
2053 1998 2252 2035 criminibus

1302 2045 1456 2091 gravibus
1476 2045 1624 2080 accusare
1641 2070 1649 2078 .
1678 2045 1801 2081 Verum
1829 2048 1886 2083 ille
1901 2049 2027 2091 nullam
2048 2050 2249 2090 consolatio-

1303 2108 1378 2134 nem
1404 2098 1544 2138 recepit,
1581 2106 1642 2130 nec
1661 2095 1805 2140 aliquam
1827 2097 1984 2133 fiduciam
2007 2098 2048 2133 de
2068 2098 2248 2142 promissio-

1290 2146 1405 2189 fnibtis*
1415 2145 1517 2189 Regis
1538 2146 1702 2189 concipit·
1729 2146 1872 2182 Medicis
1891 2156 2001 2183 autem
2022 2149 2243 2193 quaerentibus

1302 2196 1342 2230 ab
1362 2207 1403 2230 eo
1429 2194 1634 2240 aegritudinis
1654 2196 1723 2240 ejus
1742 2197 1882 2232 caussam
1894 2199 2168 2240 &occasionum
2192 2210 2244 2234 re-

1304 2246 1460 2288 spondet,
1486 2244 1576 2290 quod
1598 2246 1623 2279 fi·
1646 2258 1711 2288 qua
1723 2246 1888 2283 medicina
1907 2259 2083 2284 rancorem
2102 2250 2136 2284 δε
2155 2248 2245 2285 indi-

1289 2297 1497 2340 gnationem
1520 2295 1753 2333 animitollere
1765 2297 1892 2341 potest,
1918 2308 1997 2334 tunc
2012 2299 2101 2343 ipse,
2126 2299 2248 2342 &nou

1302 2345 1414 2384 aliter,
1441 2346 1547 2380 curari
1565 2347 1707 2389 poterit.
1739 2347 1794 2382 Ad
1815 2347 1883 2382 haec
1909 2349 1960 2382 isti
1982 2372 1993 2388 ‚
2019 2350 2075 2390 qui
2100 2347 2202 2384 modd
2223 2349 2244 2383 ὲ

1303 2396 1401 2432 Curia
1416 2396 1582 2437 redictum
1593 2419 1604 2435 ,
1631 2394 1772 2444 multum
1784 2396 1877 2430 vobis
1889 2398 2055 2432 minantur
2068 2422 2078 2436 ,
2099 2399 2140 2432 εὸ
2151 2399 2244 2441 quod

1302 2445 1335 2479 in
1361 2445 1476 2479 litteris
1505 2444 1642 2486 vestriS,
1668 2456 1747 2487 quas
1758 2446 1911 2481 Domino
1943 2447 2042 2490 Papae
2059 2446 2245 2489 direxistis,

1302 2497 1424 2541 &quas
1444 2493 1548 2529 mode>
1572 2494 1655 2539 Regi
1680 2506 1862 2538 reportant,
1892 2497 2020 2540 Regem
2042 2497 2244 2532 malitiosum

1302 2546 1506 2590 Tyrannum
1532 2544 1723 2581 nominastis
1736 2548 1802 2585 r&
1827 2546 1937 2589 sapius
1948 2545 2244 2587 malitiamejusoe-

1303 2595 1423 2640 petistis
1440 2620 1447 2627 .
1475 2594 1564 2628 Bene
1575 2595 1701 2636 valete,
1728 2596 1762 2629 ὅ(
1776 2595 1914 2639 Spiritus
1924 2594 2049 2630 consilii
2072 2594 2245 2631 vobiscum

1302 2647 1338 2680 sit
1360 2671 1372 2687 ,
1406 2646 1440 2680 ὅ(
1464 2645 1496 2678 iu
1524 2646 1682 2688 quantum
1703 2646 1825 2680 famam
1858 2646 1925 2689 ejus
1946 2646 2205 2682 conservaverim
2227 2671 2240 2689 ‚

1304 2695 1455 2742 magister
1465 2693 1629 2729 Scholaris
1644 2695 1750 2729 noster
1762 2694 1859 2730 vobis
1866 2694 1972 2731 scribit
1985 2720 1991 2727 .

1388 2793 1834 2831 ‘EPISnT'OLA
1936 2794 2138 2831 CLXV.»
2182 2804 2228 2813 ’

1331 2894 1484 2932 Thomas
1512 2870 1756 2932 Cantuariensis
1785 2892 2103 2939 Archi-Episcopus
2124 2895 2235 2944 Joang

1622 2945 1662 2979 ni
1685 2945 1818 2980 Clerico
1842 2945 1921 2979 suo.

1408 3045 1549 3086 Thomas¹
1563 3048 1621 3079 Dei
1641 3050 1745 3088 gratia
1771 3044 1995 3086 Camuarlensis
2023 3043 2159 3087 Ecclefie
2197 3032 2202 3035 .

1391 3130 1393 3133 ,
1461 3093 1592 3136 Minister
1614 3092 1736 3128 humilis
1755 3094 2102 3138 JvannlCantuarlenfi

1690 3146 1842 3183 Salutem.

1319 3233 1323 3236 Δ
1354 3222 1356 3224 >
1420 3245 1645 3289 UoMODO
1671 3244 1712 3280 de
1725 3257 1814 3281 novo
1826 3244 2245 3288 faffisumusopprobrium

1317 3246 1553 3381 Qinis
1574 3296 1713 3336 nostris,
1740 3297 1973 3336 subsannatio,
2000 3297 2032 3330 δε
2054 3295 2162 3330 illusio
2173 3296 2223 3330 his
2237 3319 2248 3335 ,

1345 3377 1348 3379 .
1418 3368 1423 3381 2
1482 3358 1503 3380 n
1524 3345 1626 3380 mode>
1646 3347 1702 3389 qui
1726 3347 1759 3381 in
1779 3347 1917 3382 circuitu
1943 3346 2053 3381 nostro
2066 3347 2162 3385 sunt,
2200 3355 2252 3377 ve-

1315 3398 1386 3439 rum
1405 3397 1504 3431 etiarn
1536 3395 1692 3431 omnibus
1713 3398 1777 3432 fere
1799 3396 1952 3442 gentibus
1983 3396 2147 3437 utriusque
2157 3415 2168 3420 ›-
2180 3393 2255 3427 Re—

1300 3485 1302 3487 ,
1315 3448 1374 3502 gni
1387 3471 1399 3489 ,
1426 3447 1460 3482 6:
1478 3446 1681 3483 Francorum
1695 3448 1728 3485 ,δε
1755 3446 1966 3493 Anglorum,
1989 3445 2025 3481 δε
2041 3443 2123 3481 forte
2148 3443 2261 3487 luipo-*-

2152 3493 2191 3527 rii
2203 3516 2212 3526 .
