2358 3776
285 67 745 121 s.TH0MAE
813 58 1742 116 CANTUARIENSIS.
1858 57 1952 134 ‘107

1080 147 1202 193 privare
1220 145 1375 181 molitur.
1403 146 1492 182 cum
1513 143 1661 184 enimin
1684 142 1832 190 universa
1842 154 2021 193 Provincst

1083 199 1188 234 nostra
1199 197 1334 239 antiqua
1348 195 1497 232 libertate
1513 199 1692 241 potiremur
1716 227 1726 242 ‚
1753 205 1952 250 temporibus
1965 219 2024 241 no.

1083 248 1173 289 stris,
1200 247 1290 292 quod
1303 257 1371 283 non
1382 246 1480 289 ante,
1501 249 1681 291 qualiquali
1704 255 1871 291 occasione
1892 254 2022 300 ufilrpa:

1083 310 1114 333 ta
1126 323 1136 340 ‚
1147 299 1229 332 ficut
1243 298 1308 341 ipse
1318 298 1444 341 optime
1456 299 1550 332 novit
1562 323 1571 338 ‚
1598 307 1713 333 contra
1728 299 1865 338 Crucem
1877 306 2021 341 Crucem

1084 348 1187 384 erexit
1200 373 1211 388 ‚
1235 348 1335 382 Cruci
1352 349 1492 383 Crucem
1505 349 1658 392 opposuit
1671 373 1682 389 ‚
1707 347 1874 386 Christum
1899 357 2025 400 fignifi-

1084 409 1162 433 cans
1180 399 1243 432 effe
1264 397 1404 432 divisum
1427 422 1438 438 ‚
1475 399 1591 433 Crucis
1614 399 1801 433 scandalum
1823 401 1985 440 suscitavit
2012 432 2020 439 .

1085 450 1240 490 Cumque
1262 449 1328 492 ipse
1348 449 1367 483 ὲ
1390 448 1489 482 nobis
1507 450 1646 483 fraterna
1657 448 1816 484 charitate
1836 450 2027 488 admonitus

1085 498 1231 533 desistere
1251 499 1378 539 nollet,
1404 498 1581 533 sanditatis
1604 500 1709 534 vestrae
1728 499 1851 535 litteras
1871 525 1883 542 ,
1908 501 2029 545 quibus

1089 550 1128 583 ne
1150 548 1183 582 id
1206 550 1326 583 faceret
1348 547 1581 589 inhibebatur,
1615 549 1646 583 ei
1669 551 1889 594 porreximus.
1918 550 1966 585 At
1978 562 2032 585 ve-

1089 600 1188 634 strum
1200 609 1417 633 contemnens
1428 598 1618 633 mandatum
1631 623 1641 638 ,
1663 599 1880 635 nihilominus
1889 601 2031 636 Crucem

1091 649 1243 694 bajulavit
1264 675 1270 681 .
1312 649 1384 696 Qi
1407 659 1517 684 tamen
1542 648 1613 692 post
1633 660 1774 692 quatuor
1796 650 1941 695 pluresve
1963 651 2033 685 dies

1092 711 1152 734 nos
1171 700 1211 733 ad
1235 698 1435 733 audientiam
1460 699 1595 733 vestram
1616 700 1708 743 super
1733 700 1811 734 falsa
1823 700 2032 746 suggestione

1091 749 1266 795 appellavit
1278 772 1290 789 ,
1307 750 1415 784 Sancti
1428 750 1524 784 Lucae
1533 749 1621 784 diem
1633 750 1846 794 appellationi
1865 751 2037 796 praefigens.

1095 801 1147 836 Ad
1160 810 1277 845 quem,
1302 800 1455 833 Domino
1464 800 1659 844 disponente
1669 825 1680 842 ‚
1707 801 1742 834 in
1757 811 1910 845 promptu
1924 802 1954 836 ei
1970 801 2037 844 ple-

1095 849 1220 887 niffime
1230 850 1413 893 responsuri
1430 860 1651 885 excurremus.
1682 850 1808 886 Verum
1832 852 1855 884 fi
1880 851 2040 895 urgentis-

1095 903 1172 936 sima
1183 900 1278 935 eausa
1295 898 1496 943 impediente
1507 900 1595 934 adire
1606 911 1674 935 non
1701 902 1895 946 poterimus,
1922 899 2040 936 oddo-

1097 963 1171 987 nem
1198 949 1426 985 Sub-Priorem
1448 950 1597 984 Ecclesiae
1621 949 1758 991 nossrae,
1786 952 2038 986 Procuratorem

1097 1004 1132 1037 iu
1155 1001 1299 1046 praesenti
1319 1001 1436 1040 causa,
1463 1001 1542 1034 &in
1565 1003 1659 1035 omni
1679 1001 1840 1037 incidenti
1862 1002 2047 1046 quaestione

1097 1051 1345 1089 constituimus,
1373 1059 1551 1085 nosratum
1561 1049 1752 1092 habituros,
1778 1051 1939 1096 quidquid
1952 1053 2043 1085 fece·

1098 1104 1139 1137 rit
1152 1125 1162 1141 ‚
1187 1101 1322 1135 firmiter
1334 1100 1577 1143 promittentes.
1606 1102 1727 1136 Valeat
1738 1103 1773 1137 ἀ
1783 1103 1892 1148 vigeat
1917 1102 2043 1146 semper

1098 1152 1247 1186 sanstitas
1259 1151 1378 1190 vestra,
1405 1150 1501 1184 Pater
1513 1150 1695 1186 charissime
1706 1177 1715 1184 .

237 201 651 242 EPISTOLA
701 198 856 235 Lxxvr.

131 308 258 343 Thomas
269 304 488 348 cantuariensis
513 297 793 343 Archi-Episcopus
818 298 972 331 Conrado

394 360 567 401 Moguntmo
589 350 710 384 Eleae.

186 457 323 493 EDuT
347 455 498 491 nuncius
512 451 641 490 noster,
665 459 765 493 quem
785 447 973 482 miseramus
983 445 1023 480 ad

211 508 345 542 Curiam
357 533 364 540 .
392 503 509 539 Adhuc
522 501 666 546 pendent
680 499 811 543 negotia
835 496 942 531 nostra
955 520 966 537 ,
990 496 1024 530 ἀ

87 559 151 604 spei
172 559 268 594 bonae
284 552 542 602 promistionibus
561 550 749 585 detinentur
762 573 770 581 .
807 547 933 581 Verum
944 557 1024 591 quo-

89 612 179 644 niam
192 611 225 643 in
248 604 430 650 huj-smodi
450 601 592 646 negotiis
612 600 729 635 dilatio
745 596 924 642 periculose
945 608 1024 630 non·

89 659 256 703 nunquam
265 652 512 695 admittitur,ad
528 651 697 696 specialem
710 649 867 682 Amicum
881 647 1025 681 nostrum

92 721 154 745 nos
163 707 400 744 convertimus,
426 714 461 738 ut
473 703 537 746 ipse
550 713 608 746 pro
620 700 715 735 nobis
726 700 762 733 sit
776 722 786 738 ,
812 699 843 732 &
864 708 922 741 pro
939 705 1026 741 parte

93 759 201 795 nostra
213 757 355 796 laboret,
379 751 733 795 enixiusimplorantes
746 773 754 781 .
779 748 834 781 De
855 747 945 791 cujus
955 756 1027 790 per-

92 811 173 844 sona
189 807 210 840 fi
232 806 337 845 forte,
359 803 448 848 quod
469 802 568 842 absit,
591 799 767 840 dubitatis,
794 796 847 832 cui
859 796 1028 841 loquimur

95 859 162 902 ipse
180 856 241 890 est.
268 855 364 894 Vos,
383 853 542 897 inquam,
566 849 712 894 specialis
731 849 766 883 &
790 848 931 888 unicus,
956 857 1029 890 prae·

71 949 75 954 „
95 905 288 945 cordialis&
298 904 436 938 intimus
446 902 582 936 Amicus
594 900 701 934 noster
724 901 758 933 in
771 897 924 932 Domino
937 920 949 937 ,
973 896 1027 930 cui

82 956 227 1002 ,negotia
249 954 359 990 nostra
388 963 465 988 cum
487 961 558 987 tota
581 950 701 985 fiducia
729 947 998 983 commendamus
1022 967 1035 984 ‚

92 1017 226 1043 orantes
235 1029 248 1048 ,
266 1006 287 1039 fi
298 1002 503 1047 tamenapud
513 1002 611 1037 talem
620 999 775 1034 Amicum
786 998 932 1042 precibus
941 995 1034 1040 opus,

95 1068 132 1092 ut
141 1068 179 1092 ea
189 1065 379 1101 promovere
393 1078 405 1094 ‚
431 1054 465 1087 δι
476 1061 511 1086 ut
524 1051 557 1085 in
571 1050 732 1094 prasentia
743 1058 799 1083 tua
812 1049 853 1082 ad
870 1048 971 1081 finem
982 1047 1034 1079 de·

96 1107 204 1142 bitum
223 1105 459 1149 perducantur,
484 1102 591 1136 modis
608 1098 761 1135 omnibus
784 1099 901 1132 instare
923 1097 1036 1141 digne·

99 1156 202 1191 mini.
229 1156 316 1190 Ecce
335 1155 423 1188 enim
443 1162 569 1195 tempus
591 1150 624 1184 ὅ(
637 1150 730 1184 locus
751 1172 762 1188 ‚
782 1148 895 1192 inquo
908 1146 1036 1190 petitio·

99 1217 155 1241 nes
165 1205 276 1239 nostrae
285 1204 441 1246 repulsam
455 1201 549 1235 nullo
558 1200 659 1233 modo
672 1199 836 1243 patientur
848 1221 857 1230 .
882 1198 973 1231 Sicut
987 1205 1034 1228 et·

99 1255 145 1301 go
155 1253 454 1289 vitam&animam
476 1250 619 1284 nostram
632 1249 770 1293 diligitis
790 1270 803 1287 ,
830 1247 874 1280 ita
897 1244 1036 1289 petimus

99 1313 136 1339 ut
148 1315 206 1349 pro
229 1302 326 1337 nobis
343 1303 378 1336 &
400 1300 540 1335 Ecclesia
563 1299 672 1333 nostra
692 1296 851 1331 sollicitus
870 1292 933 1330 esse
943 1304 1038 1329 cure-

99 1355 165 1394 tis,
191 1349 584 1398 postulantesinsiantera
607 1349 758 1383 Domino
768 1345 876 1391 Papa,
900 1344 1036 1379 utinte-

98 1402 396 1447 compensationem
408 1401 559 1435 omnium
571 1398 718 1433 laborum
730 1396 915 1432 nostrorum
926 1418 938 1436 ,
954 1403 1039 1438 quos

100 1453 199 1488 ambo
222 1464 279 1497 pro
300 1453 362 1486 fide
377 1452 410 1485 ὃ(
432 1451 558 1485 unitate
578 1450 690 1483 sanstae
709 1447 868 1481 Romanae
892 1444 1040 1479 Ecclesiae

102 1503 295 1538 sustinemus
309 1526 320 1543 ‚
346 1500 441 1536 nobis
453 1500 487 1534 δι
498 1498 646 1534 Ecclefiae
666 1498 779 1532 nostrae
800 1495 966 1540 pristinam
979 1494 1041 1538 pri-

102 1563 210 1589 matus
232 1552 377 1587 restituat
396 1551 592 1595 dignitatem
604 1573 612 1581 .
641 1548 737 1590 Juxta
757 1545 847 1590 quod
860 1544 953 1578 vobis
963 1554 1043 1587 prae-

103 1603 304 1646 scripsimus.
327 1602 360 1635 δι
372 1600 493 1634 Clerici
509 1598 608 1631 nostri
622 1598 769 1631 Herveus
780 1597 815 1629 ἀ
839 1593 1045 1628 Gunthetius

105 1653 199 1687 vobis
220 1648 419 1694 praescribent
432 1672 441 1679 .
477 1647 649 1691 Rogamus
671 1643 835 1689 praeterea,
860 1654 898 1677 ut
920 1653 982 1677 uos
1004 1642 1046 1676 de

106 1703 191 1738 statu
211 1700 315 1734 vestro
334 1709 409 1742 erga
430 1699 614 1731 Dominum
638 1695 784 1736 Papam,
809 1694 844 1726 δε
871 1693 1041 1725 Dominos

106 1749 294 1787 Cardioales
303 1770 319 1786 ‚,
340 1747 375 1779 δε
397 1747 541 1787 ipsorum
558 1753 635 1786 erga
655 1752 713 1775 vos
725 1752 780 1783 pet
802 1739 976 1772 Nuncium
997 1748 1047 1772 ve-

106 1801 228 1838 strum,
252 1796 281 1830 li-
295 1795 363 1838 ipse
380 1803 507 1827 moram
525 1790 685 1830 feceritis,
710 1789 848 1823 celerius
870 1787 1047 1822 certificare

99 1848 240 1885 curetis.
275 1844 393 1880 Sciatis
411 1851 522 1877 autem
541 1839 631 1885 quod
652 1839 695 1874 de
705 1838 826 1875 nostris
845 1835 932 1872 nihil
953 1837 1048 1872 andi-

106 1902 214 1936 viuws
222 1920 231 1930 .

1251 1246 1645 1283 EPISTULA
1698 1249 1893 1284 LXXVIII.

1105 1349 1292 1386 Alexander
1317 1347 1405 1392 Papa
1440 1347 1592 1393 Rogerio
1620 1347 1927 1395 Archi-Episcopo
1963 1347 2050 1384 Ebo-

1375 1397 1513 1440 racenfi,
1540 1398 1575 1432 δε
1602 1399 1779 1443 Capitulo.

1108 1501 1282 1536 Alexander
1302 1496 1471 1540 Episcopus
1484 1521 1495 1537 ,
1519 1500 1632 1531 Servus
1644 1500 1801 1532 servorum
1823 1502 1900 1538 Det,
1929 1502 2051 1542 Rogerio

1183 1547 1365 1589 Eboracenfi
1383 1546 1668 1589 Archi-Eptfhopo‚
1695 1550 1731 1582 δ’
1752 1548 1870 1582 dilellis
1885 1548 1978 1581 Fisus

1233 1602 1393 1632 canonicis
1404 1596 1630 1637 Eboracenfibus
1647 1622 1657 1637 ‚
1666 1596 1795 1639 salutem
1807 1600 1841 1632 cb·
1854 1603 1927 1640 Apo-

1370 1646 1502 1686 flobcaem
1517 1646 1758 1679 Beneduwonem
1773 1670 1781 1678 .

1210 1743 1341 1779 ECET
1365 1742 1572 1787 prudentiam
1599 1743 1738 1779 vestram
1769 1744 1813 1780 lic
1834 1744 1965 1782 alterius
1992 1746 2061 1789 jura

1235 1794 1415 1838 relinquere
1442 1794 1562 1828 intaeia
1584 1817 1603 1835 ,·
1620 1807 1623 1810 ·
1641 1793 1923 1836 quemadmoet‘zm
1944 1797 2063 1831 deside-

1112 1848 1190 1880 ratis
1213 1845 1305 1879 vobis
1328 1846 1454 1889 integra
1475 1844 1509 1878 δε
1541 1843 1665 1878 illibata
1699 1846 1813 1879 servari
1840 1872 1849 1879 .
1891 1848 2062 1895 roirca

1115 1895 1307 1940 Apostolica
1328 1893 1527 1928 authoritate
1547 1891 1778 1937 prohibemus,
1805 1906 1846 1930 ne
1859 1905 1916 1936 tu,
1945 1896 2064 1930 Archi-

1117 1946 1280 1990 Episcopo
1290 1968 1302 1984 ,
1328 1944 1360 1977 in
1374 1943 1547 1977 Provincia
1560 1943 1803 1979 Cantuariensis
1818 1944 1965 1980 Ecciesiae
1980 1947 2063 1980 Cru-

1116 2007 1186 2030 cem
1208 2005 1299 2028 tuam
1322 1994 1483 2040 ullatenus
1496 1993 1641 2035 deferas,
1669 2006 1730 2037 nec
1751 1995 1850 2029 ullius
1861 1996 2061 2039 appellatio-

1119 2045 1168 2079 nis
1181 2044 1318 2078 obtentu
1331 2042 1364 2077 id
1376 2044 1486 2086 aliq-ua
1499 2044 1671 2078 occasione
1697 2053 1855 2079 attentes.
1883 2045 1964 2079 Hoc
1974 2036 2063 2079 enim

1117 2095 1244 2139 justitiae
1257 2093 1361 2127 vesttae
1376 2117 1386 2133 ,
1411 2093 1541 2135 siquam
1567 2092 1717 2136 habetis,
1746 2094 1969 2138 praejudicium
1992 2097 2066 2140 pos·

1119 2142 1427 2179 setincommodum
1449 2154 1622 2188 generare.
1651 2143 1754 2190 Quod
1776 2145 1798 2179 si
1820 2145 1861 2180 ad
1874 2155 2002 2189 tempus
2012 2145 2066 2180 ab·

1118 2194 1235 2229 stinere
1261 2192 1405 2238 nolueris
1425 2216 1436 2232 ‚
1476 2193 1642 2237 oportebit
1671 2205 1704 2230 te
1728 2195 1969 2232 &successores
1989 2206 2065 2233 tuos

1119 2242 1275 2289 perpetuo
1286 2241 1450 2277 abstinere
1461 2266 1470 2275 .

267 1989 675 2030 EPISTOLA
727 1953 946 2023 Lxxvu.⁴

219 2093 389 2131 Menandro
421 2093 517 2135 Papa
554 2090 684 2123 Thomas
722 2086 941 2130 cantuariensis

422 2142 512 2176 Archi
522 2160 533 2167 -
544 2138 706 2184 Episcopus
723 2163 731 2171 .

162 2262 165 2264 ·
222 2241 493 2279 ENERANDE
519 2240 615 2275 Pater
636 2240 670 2274 δε
693 2238 842 2274 Domine
863 2262 875 2279 ‚
899 2236 1056 2280 quantum

246 2291 484 2328 cantuariensis
499 2289 641 2325 Ecclesia
655 2289 747 2323 Beati
773 2287 976 2333 Augustini,
1000 2287 1057 2330 qui

116 2357 189 2382 eam
201 2355 266 2380 tam
280 2339 886 2383 moribusquamlapidibusfundavit‚
924 2336 1057 2380 ejusque
1126 2336 1128 2338 ’

118 2389 328 2432 successorum
340 2391 413 2424 vitae
422 2389 612 2424 excellentia
632 2398 670 2423 ac
693 2398 822 2422 morum
848 2388 1056 2431 praerogativa

117 2443 268 2481 meruerit
279 2440 414 2476 exaltari
426 2463 438 2481 ,
463 2438 667 2483 prudentiam
679 2438 813 2472 vestram
824 2439 961 2471 minime
975 2438 1056 2470 late-

118 2507 151 2531 re
172 2492 413 2529 existimamus.
442 2489 524 2523 Sane
547 2490 606 2523 sub
624 2499 736 2523 eorum
757 2489 831 2522 sana
842 2487 1055 2531 dispositione

120 2548 154 2582 ει
167 2542 301 2589 provida
324 2540 584 2583 dispensatione,
610 2539 759 2582 primaria
780 2538 944 2582 dignitate
963 2546 1060 2579 atque

120 2596 276 2641 primatus
287 2590 436 2630 honore,
470 2588 649 2622 multotum
673 2587 916 2632 privilegiorum
936 2587 1058 2621 attesta-

121 2648 234 2685 tione,
258 2639 404 2677 decorari
415 2640 582 2674 obtinuit.
610 2637 999 2681 Siquideminteromnes
1009 2641 1064 2671 oc-

124 2693 300 2730 cidentales
314 2686 548 2725 Ecclesiastatn
568 2687 729 2732 dignitate
749 2687 880 2728 claruit,
907 2686 1005 2730 quam
1017 2697 1061 2720 er·

125 2757 168 2791 ga
181 2743 408 2778 sacrosanctam
422 2739 607 2773 Romanam
622 2738 798 2772 Ecclesiam
809 2747 876 2770 tam
887 2736 953 2770 fide
964 2738 1062 2779 quarn

126 2793 305 2830 devotione
322 2790 470 2835 'praestitit
482 2814 489 2821 .
518 2788 669 2822 profecte>
688 2787 707 2820 ὲ
727 2788 789 2821 suae
813 2787 932 2822 Matris
953 2787 1065 2820 sansiae

130 2844 277 2879 Ecclesiae
298 2842 457 2875 Romanae
476 2840 544 2873 sinu
558 2863 569 2878 ,
593 2839 692 2872 etiam
711 2837 899 2871 Schismatis
919 2845 1062 2879 tempore

131 2892 316 2939 ingentibus
329 2886 594 2925 tribulationibus
616 2889 656 2921 ad
678 2888 822 2932 idipsam
840 2886 1030 2932 urgentibus
1056 2910 1066 2926 ,

133 2943 227 2977 avelli
239 2942 405 2984 nunquam
419 2941 545 2984 potuit.
562 2938 720 2972 Caeterum
733 2937 848 2972 nostris
858 2935 1068 2980 temporibus,

136 2995 170 3027 in
181 3002 249 3035 quae
261 2991 340 3024 fines
352 2991 540 3024 saeculorum
556 2988 775 3027 devenerunt,
800 2986 919 3022 crebris
938 2986 1066 3021 adversi·

133 3045 212 3077 tatis
222 3040 425 3075 tunsionibus
435 3041 554 3085 agitata
568 3038 711 3072 servituti
723 3037 837 3081 incipit
846 3037 968 3080 subjici.
981 3037 1069 3071 Nam

134 3092 192 3137 qui
205 3090 292 3125 velut
305 3089 390 3122 filius
399 3090 464 3131 ejus
474 3089 640 3133 tamquam
661 3089 778 3122 Matris
793 3087 889 3122 ubera
901 3087 943 3122 ab
957 3088 1070 3120 ineun-

136 3154 169 3176 te
179 3142 243 3176 fere
252 3148 343 3173 aetate
367 3138 482 3173 suxisse
499 3138 720 3184 dignoscitur,
747 3139 839 3182 ipsius
860 3137 1005 3181 undique
1028 3137 1070 3170 la-

139 3203 206 3226 tera
224 3187 372 3223 concutit
391 3211 402 3228 ,
426 3188 516 3230 cujus
542 3189 698 3233 suffragiis
717 3189 757 3222 ad
778 3198 854 3223 eum
877 3187 1035 3221 honorem
1060 3211 1070 3227 ‚

139 3253 208 3286 quo
219 3251 306 3273 nunc
320 3239 436 3273 fruitur
447 3261 457 3277 ,
484 3238 586 3280 ipsum
598 3238 807 3274 sublimatum
821 3238 913 3272 fuisse
923 3236 1069 3271 constat.

141 3290 327 3325 Dominum
354 3288 589 3322 Eboracenscm
610 3285 731 3321 Archi·
745 3289 943 3333 Episcopum
964 3287 1072 3331 loqui-

141 3351 236 3379 mur,
262 3338 319 3382 qui
338 3337 415 3372 cum
437 3347 571 3371 omnem
593 3339 804 3372 reverentiam
822 3339 899 3382 saepe
923 3337 993 3371 fatae
1014 3338 1073 3370 Ec-

141 3391 240 3427 clefiae
261 3387 448 3432 impendere
467 3386 596 3422 deberet
617 3410 630 3429 ‚
662 3398 734 3423 cam
758 3388 890 3432 pristina
914 3388 1074 3432 dignitate

1278 2340 1687 2379 EPlsToLA
1740 2346 1899 2383 Lxxlx.

1267 2442 1442 2478 Alexander
1468 2445 1557 2485 qua
1582 2441 1702 2477 Thomae
1727 2443 1939 2487 cantuar-senff

1453 2492 1699 2537 Archi-Episcopo
1711 2518 1718 2525 .

1215 2590 1528 2628 UERlMONIAS
1540 2591 1692 2628 adversus
1705 2594 1922 2630 venerabilem
1935 2597 2066 2631 fratrem

1245 2643 1388 2677 nostrum
1403 2642 1640 2677 Eboracensem
1654 2642 1971 2690 Archi-Episcopum
1984 2646 2068 2682 olim

1233 2695 1249 2726 a
1274 2703 1328 2726 tua
1348 2692 1549 2726 fraternitate
1572 2692 1802 2736 suscipientes,
1829 2696 1918 2739 quod
1943 2707 1996 2740 per
2010 2697 2069 2731 P:-

1124 2744 1270 2781 rochiam
1282 2753 1371 2776 tuam
1384 2751 1500 2775 contra
1512 2742 1710 2786 dignitatem
1725 2745 1871 2780 Ecclefiae
1892 2755 1955 2779 tuae
1967 2747 2001 2780 ὅς
2013 2757 2068 2780 an-

1125 2796 1249 2839 tiquam
1259 2791 1532 2826 consuetudinem
1555 2793 1696 2828 Crucem
1718 2794 1877 2837 deferret,
1903 2796 2011 2831 eidem
2023 2796 2064 2830 ad

1127 2845 1317 2889 petitionem
1339 2852 1430 2876 tuam
1452 2842 1651 2886 scripsimus,
1678 2843 1707 2877 ei
1730 2845 1919 2880 mandantes
1936 2871 1946 2887 ‚
1983 2855 2019 2880 ut
2033 2846 2069 2879 li·

1126 2895 1175 2929 cet
1188 2892 1350 2927 inlitteris
1366 2892 1584 2927 concessionis
1606 2894 1718 2927 nostrae
1737 2918 1746 2935 ‚
1772 2906 1850 2939 quas
1870 2896 1899 2930 ei
1914 2896 2007 2931 antea
2021 2896 2069 2930 in·

1127 2945 1347 2981 dulseramus,
1375 2941 1562 2978 facultatem
1589 2943 1644 2987 ipsi
1664 2943 1847 2981 dederimus
1859 2946 1998 2981 Crucem
2015 2956 2071 2988 per

1127 3003 1232 3028 totam
1246 2991 1402 3036 Angliam
1413 2993 1580 3027 deferendi
1595 3017 1605 3032 ‚
1632 3005 1699 3027 non
1717 3005 1826 3029 tamen
1845 3006 1918 3030 eam
1940 3004 1994 3040 per
2007 2995 2066 3028 Pa-

1128 3041 1273 3078 rochiam
1283 3052 1373 3076 tuam
1385 3042 1509 3077 deferre
1523 3044 1720 3086 praesumeret
1735 3069 1746 3085 ,
1772 3046 1879 3081 donec
1899 3047 1990 3080 causa
2003 3045 2066 3088 ipsa

1128 3093 1302 3138 judiciario
1320 3092 1437 3126 ordine
1457 3093 1701 3127 terminaretur.
1730 3095 1818 3130 Cum
1839 3106 1947 3130 tamen
1967 3096 2000 3128 in
2012 3094 2068 3127 eis-

1130 3144 1203 3178 dem
1226 3142 1340 3176 litteris
1363 3142 1578 3177 conceffionis
1592 3144 1703 3177 nosttae
1719 3144 1782 3180 hoc
1798 3171 1809 3186 ,
1835 3145 1957 3180 scilicet
1970 3168 1981 3184 ‚
2008 3143 2068 3176 Pei·

1132 3202 1225 3228 mam
1236 3194 1374 3237 Angliam
1386 3216 1397 3232 ‚
1425 3192 1513 3226 nulla
1525 3193 1648 3227 ratione
1661 3194 1769 3229 fuisset
1782 3195 1964 3238 appositum
1975 3216 1986 3232 ,
2014 3192 2068 3226 sed

1133 3245 1176 3278 ita
1189 3243 1375 3287 simpliciter
1387 3242 1418 3274 in
1436 3243 1592 3284 praedictis
1603 3244 1817 3278 concessionis
1829 3244 1942 3276 nostrae
1954 3243 2069 3276 litteris

1134 3294 1253 3328 dissum
1263 3292 1307 3325 est
1323 3304 1332 3324 ε
1368 3291 1510 3324 Liberam
1536 3293 1591 3325 run·
1601 3295 1782 3327 concedemus
1799 3292 1979 3334 facultatem
1998 3292 2071 3323 Cru‘-

1137 3354 1198 3377 cem
1208 3350 1279 3375 anre
1291 3350 1322 3374 te
1335 3340 1488 3382 deferendi
1503 3367 1513 3382 ,
1534 3342 1604 3383 ficut
1613 3342 1830 3386 praedeceffbres
1842 3341 1931 3382 nostri
1942 3345 2070 3375 Romani

1140 3391 1294 3434 Pontifices
1300 3395 1360 3426 tuis
1373 3391 1596 3435 antecessoribus
1619 3392 1803 3435 conceffirunt
1819 3416 1831 3434 ,
1858 3393 1893 3427 ό·
1904 3390 1959 3435 ipsi
1966 3403 2002 3425 ex
2015 3402 2073 3424 an-

1912 3459 1915 3461 *
1939 3447 2024 3484 tiqua
