2358 3776
379 109 479 171 238

307 395 384 431 teris
410 403 543 439 quarum
582 392 643 427 tibi
664 393 843 426 mittuntur
869 391 1018 434 exempla
1041 415 1048 422 .
1075 390 1237 426 Contraxi

304 455 447 489 namque
469 442 724 478 familiaritatem
743 450 819 474 cum
843 439 998 474 Domino
1017 440 1241 475 Cantuarienii

304 495 339 531 ec
359 494 564 530 Co'exulibus
577 491 641 526 suis
652 515 663 531 ‚
688 499 726 524 ut
738 490 851 524 amicis
863 511 873 529 ,
898 489 921 522 fi
934 488 1018 523 forte
1029 501 1111 534 opus
1121 491 1217 524 susrit
1233 516 1242 531 ,

303 545 419 591 possim
430 541 637 578 commodius
651 541 815 589 suffragari
829 566 837 572 .
865 539 953 573 cum
972 539 1049 573 vero
1059 540 1116 575 ille
1128 552 1188 575 nec
1205 542 1238 575 il·

302 595 328 630 li
349 597 466 629 secreta
477 593 531 628 sua
553 590 636 626 mihi
657 591 812 626 censeant
834 588 1046 628 occultanda,
1073 600 1144 634 quae
1166 591 1241 625 Deo

302 644 504 689 propitiante
518 666 530 683 ,
555 641 673 677 celabo
683 641 844 680 fideliter,
870 639 903 674 ἀ
924 639 966 674 fic
988 640 1236 684 opportunitati·

299 694 361 730 bus
373 695 556 730 amicorum
578 692 752 727 subsidium
773 691 894 728 seram,
919 700 955 724 ut
974 688 1009 724 hi
1033 691 1088 734 qui
1101 689 1141 725 de
1161 690 1238 725 fidei

297 745 572 781 meaesmceritate
584 742 775 786 praesumunt
788 765 801 782 ,
825 738 1032 782 dispendium
1045 752 1113 776 non
1135 742 1239 776 incur·

297 805 388 831 rant.
416 795 496 829 Hoc
515 794 699 828 officiorum
721 790 939 837 gerendorum
960 802 1077 827 norma
1107 791 1236 836 praescri-

297 844 365 880 bit.
404 845 486 879 Hoc
508 845 599 879 enim
616 852 741 878 certum
762 840 807 875 est
828 840 983 875 universis
1003 841 1234 877 Cantuariensi-

296 894 358 930 bus
383 895 606 939 complacere.
631 891 744 926 Amici
765 889 813 925 tui
835 892 910 925 sunt
931 902 1046 926 eorum
1068 891 1200 937 plurimi
1226 916 1236 931 ‚

293 946 330 981 dt
351 945 393 980 de
403 945 513 989 tejure
527 942 690 979 societatis
700 942 841 985 antiquae
864 941 951 976 velut
971 941 1014 976 de
1034 943 1132 977 fratre
1160 952 1235 976 con·

293 995 403 1031 fidunt
415 1021 423 1029 .
451 994 557 1031 Unde
569 995 600 1028 se
613 991 794 1028 necessariis
803 990 869 1026 tuis
889 992 1033 1027 fatentur
1046 992 1214 1027 obnoxios
1224 1017 1235 1033 ‚

291 1044 327 1079 δι
347 1046 414 1079 illis
433 1044 589 1089 tanquam
601 1042 656 1078 sibi
680 1042 962 1087 contemplatione
984 1043 1033 1077 tui
1053 1042 1234 1078 desiderant

292 1094 357 1129 esse
369 1096 571 1139 prospectum
583 1119 590 1126 .
616 1094 707 1128 Nam
725 1092 871 1137 quisquis
892 1089 1007 1127 amicis
1018 1102 1134 1127 eorum
1146 1104 1233 1127 com·

288 1145 409 1180 modus
432 1144 498 1186 est,
525 1145 560 1179 &
583 1143 668 1178 illis.
696 1142 791 1178 Licet
824 1144 933 1187 itaque
953 1142 1123 1178 Dominus
1143 1144 1233 1178 Exo*

288 1195 431 1237 nienfis,
458 1196 595 1239 quisine
617 1203 677 1228 tuo
697 1193 886 1239 gravamine
898 1193 1062 1229 molestari
1086 1204 1151 1227 non
1177 1204 1232 1237 po-

287 1245 387 1286 terit,
415 1257 477 1280 nec
500 1242 629 1279 Archi·
644 1245 811 1288 Episcopo
833 1268 845 1284 ,
886 1255 947 1278 nec
978 1244 1079 1278 alicui
1099 1243 1229 1277 suorum

287 1296 416 1331 amicus
431 1297 587 1330 inventus
604 1293 643 1327 lit
654 1303 712 1327 aut
722 1293 935 1327 officiosusin
957 1293 1089 1336 aliquo,
1118 1303 1228 1326 tamen

283 1345 361 1390 quia
383 1345 445 1380 tibi
471 1345 541 1389 jure
563 1343 689 1380 amicus
705 1341 751 1376 est
765 1366 776 1382 ,
813 1342 914 1377 doleo
935 1343 1025 1385 quod
1049 1342 1230 1386 perversitas

283 1395 492 1440 quorundam
516 1394 574 1428 vix
605 1391 809 1427 extricabiles
829 1392 860 1425 ei
889 1392 1029 1426 tetendit
1066 1392 1196 1426 infidias
1219 1418 1227 1425 .

283 1444 465 1480 provideat
476 1444 526 1477 illi
538 1443 631 1477 Deus
642 1466 654 1483 ,
679 1442 714 1475 er.
728 1451 766 1475 tu
779 1450 940 1483 praeeunte
953 1443 1058 1486 gratia
1069 1442 1229 1477 sollicitus

282 1494 352 1530 esto
363 1493 526 1537 suffragiis
543 1491 825 1533 eleemosynarum
838 1512 849 1529 ,
877 1490 1038 1524 orationis
1051 1491 1204 1525 instantia
1217 1516 1230 1533 ,

281 1545 316 1580 δε
336 1541 538 1578 deliberandi
549 1540 658 1575 studio
677 1538 872 1579 eonsilium,
899 1547 996 1583 prout
1016 1540 1036 1574 a
1060 1539 1159 1574 Patre
1181 1540 1228 1574 lu·

279 1595 410 1631 minum
433 1591 678 1638 impetraveris,
705 1588 908 1624 ministrare.
936 1587 1029 1623 Nam
1053 1590 1112 1623 nisi
1135 1589 1228 1625 Deus

279 1645 439 1690 impediat
453 1669 464 1685 ,
488 1652 544 1678 aut
558 1638 898 1683 Archi-Episcopum
910 1638 1054 1674 offendet
1077 1652 1153 1675 cum
1177 1641 1226 1675 di-

279 1696 420 1740 spendio
432 1692 642 1729 conscientia
657 1714 668 1730 ,
680 1689 877 1733 autRegem
891 1691 926 1724 ἀ
937 1688 1130 1725 Cardinales
1141 1690 1226 1725 suos.

277 1747 484 1789 Recepturus
505 1742 595 1776 enim
619 1738 683 1778 est,
711 1738 733 1771 fi
758 1737 908 1772 nondum
933 1739 1075 1782 recepit,
1101 1740 1226 1774 litteras

277 1795 480 1841 Legatorum
492 1817 504 1833 ‚
530 1789 751 1836 precipientes
771 1797 808 1821 ut
827 1787 975 1822 absolvat
995 1790 1223 1823 excommuni-

278 1856 373 1882 catos
383 1842 526 1879 Domini
538 1837 799 1879 Cantuaricnfis,
824 1837 901 1872 cum
912 1838 969 1882 ipsi
981 1846 1092 1873 tamen
1117 1838 1223 1882 praeci-

275 1894 389 1942 piendi
401 1893 441 1927 fic
456 1890 582 1927 nullam
602 1887 745 1923 habeant
767 1887 981 1931 potestatem,
1008 1889 1063 1923 scd
1087 1888 1223 1924 inhibiti

274 1946 337 1980 sint
349 1943 464 1979 litteris
475 1939 682 1986 Apostolicis
705 1938 866 1982 Angliam
877 1937 1005 1984 ingredi
1026 1962 1037 1979 ,
1064 1939 1114 1972 vel
1132 1939 1163 1973 se
1182 1938 1223 1973 de

273 1994 388 2041 Regni
400 1992 547 2039 negotiis
563 1987 786 2025 intromittere
795 2012 807 2030 ,
833 1987 893 2022 nisi
906 1986 992 2033 prius
1005 1985 1112 2022 Archi
1124 2005 1134 2014 -
1145 1987 1222 2032 Epi-

275 2047 379 2091 scopo
398 2055 462 2089 pax
474 2039 656 2087 pieniffime
669 2038 863 2074 reformetur
873 2063 881 2071 .
909 2037 988 2073 Alia
1005 2048 1138 2082 quoque
1149 2049 1223 2081 prae·

272 2096 431 2140 ceptione
450 2092 521 2138 juffi
538 2093 612 2127 nnn
637 2099 837 2126 memoratos
857 2089 1167 2123 excommunicatos
1189 2089 1224 2124 si·

274 2157 320 2182 ne
338 2144 523 2184 dilatione,
549 2141 645 2178 omni
654 2140 877 2185 appellatione
887 2140 1029 2174 cessante
1045 2163 1058 2180 ,
1085 2149 1222 2183 repone-

274 2197 354 2232 rein
367 2194 564 2230 sententiam
573 2190 938 2228 excommunicationis
950 2213 963 2230 ,
989 2189 1047 2224 nifi
1062 2189 1221 2223 satisfece-

272 2247 363 2287 rint,
391 2256 487 2289 prout
506 2243 618 2279 videre
641 2252 733 2290 potes
753 2252 795 2275 ex
815 2240 931 2274 litteris
954 2261 967 2278 ,
1002 2249 1139 2281 quarum
1157 2237 1220 2272 tibi

273 2297 374 2331 tnitto
394 2296 584 2338 rescriptum
612 2318 619 2325 .
659 2289 993 2325 Archi-Diaconum
1016 2297 1148 2330 quoque
1168 2286 1221 2321 Pi-

274 2347 470 2382 &aviensem
490 2341 678 2378 Cardinalis
702 2337 811 2381 Papiae
833 2347 936 2380 nuper
955 2335 1095 2371 absolvit
1115 2361 1125 2370 .
1167 2336 1219 2371 Ex

275 2407 345 2442 quo
359 2405 466 2441 patet,
492 2393 592 2438 quam
607 2390 697 2425 nulla
715 2388 812 2424 fuerit
832 2387 851 2422 a
873 2386 1028 2421 Gualenfi
1054 2386 1219 2431 Episcopo

272 2446 323 2482 eis
333 2445 455 2481 collata
465 2442 630 2478 absolutio
642 2464 654 2480 ,
675 2440 710 2474 &
720 2438 819 2483 quam
831 2437 1012 2481 periculose
1024 2436 1061 2470 fit
1071 2437 1118 2472 eis
1127 2438 1220 2472 exin·

273 2495 316 2532 dc
337 2492 643 2532 communicatum.
677 2488 711 2523 Si
732 2486 814 2533 ergo
835 2486 911 2522 illos
935 2486 1107 2523 absolverit
1130 2487 1218 2523 Exo-

270 2546 395 2583 niensis
405 2570 417 2587 ,
442 2541 653 2588 &liquidum
664 2539 701 2573 sit
713 2537 956 2582 impoenitentes
967 2539 1030 2573 effe
1040 2563 1051 2580 ,
1072 2538 1219 2573 offendet

274 2597 429 2644 primoin
441 2595 574 2633 Deum,
600 2588 722 2625 deinde
745 2584 1085 2632 Archi-Episcopum
1113 2589 1218 2633 gravi-

273 2657 325 2682 ter
345 2643 564 2688 exasperabit.
592 2641 626 2675 Si
649 2638 726 2674 vero
743 2648 813 2674 non
837 2637 1035 2679 absolverit,
1062 2637 1166 2685 Regis
1186 2639 1218 2674 ὅ(

274 2694 504 2732 cardinalium
515 2694 646 2727 suorum
667 2689 935 2735 indignationem
960 2687 1123 2723 videbitur
1145 2701 1217 2724 me-

275 2747 395 2783 ruisse.
421 2744 547 2779 Dicent
567 2741 678 2775 enim:
706 2738 869 2782 etodium
891 2740 926 2772 in
948 2739 1177 2782 propatuloest
1203 2764 1216 2781 ,

276 2795 368 2841 quod
381 2792 506 2830 Archi·
520 2790 683 2836 Episcopo
697 2787 822 2832 prorsus
835 2789 925 2823 favet
938 2813 949 2829 ,
974 2788 1063 2833 quod
1076 2789 1217 2825 Domini

277 2846 384 2894 Regis
392 2845 554 2879 honorem
569 2852 637 2876 non
649 2838 760 2884 diligit
774 2863 786 2879 ,
812 2837 902 2882 quod
918 2839 1118 2883 Apostolicae
1127 2841 1218 2876 Sedis

279 2896 466 2933 contemnit
479 2891 714 2928 authoritatem
724 2913 732 2922 .
763 2889 944 2924 potuerant
957 2890 1148 2925 Cardina'les
1157 2915 1168 2932 ,
1194 2892 1216 2924 fi

277 2944 501 2989 ciscumspeeti
518 2944 619 2979 essent
630 2965 640 2981 ,
668 2941 690 2974 fi
712 2941 864 2974 timerent
876 2939 1064 2976 Dominum
1076 2966 1087 2982 ,
1113 2941 1134 2974 fi
1149 2941 1214 2977 bra.

278 2997 392 3033 chium
406 2998 499 3030 suum
512 3005 578 3029 non
591 3000 748 3036 ponerent
768 3001 900 3024 carnem
912 3014 924 3030 ‚
950 2991 1115 3026 revolvere
1137 2993 1216 3036 quid

278 3047 474 3090 susceperint
487 3045 520 3079 in
531 3039 693 3077 mandatis
705 3065 716 3081 ‚
737 3051 805 3084 quae
813 3040 851 3074 fit
863 3039 1130 3083 Apostoliearum
1141 3054 1217 3078 con·

280 3098 390 3141 ceptio
411 3097 590 3129 litterarum
604 3117 615 3133 ‚
641 3090 720 3136 quid
744 3089 892 3124 Ecclefiae
913 3091 1080 3134 expediret
1102 3117 1113 3133 ,
1155 3093 1216 3128 &a

279 3143 637 3187 mandatishujufmodi
650 3139 780 3186 penitus
791 3139 1005 3176 abstinerent.
1032 3140 1134 3175 Autfi
1158 3142 1216 3176 ho-

280 3198 407 3236 minem
420 3197 497 3231 Deo
519 3191 751 3237 praeferendum
775 3192 838 3225 effe
859 3190 1082 3231 decreverint,
1118 3203 1216 3233 quare

280 3260 351 3284 non
364 3247 575 3290 injunxerunt
583 3241 648 3277 hoe
658 3251 775 3276 munus
787 3240 846 3276 uni
856 3251 970 3275 eorum
983 3264 994 3280 ,
1018 3241 1074 3284 qui
1086 3243 1216 3283 praesen-

283 3307 332 3332 tes
342 3298 497 3335 aderant,
523 3291 811 3329 &festinabantad
823 3291 964 3326 reditum
976 3291 1003 3323 ,3,
1019 3290 1108 3325 Nam
1131 3290 1205 3326 Lon

284 3346 467 3387 deniensis,
492 3342 734 3379 Saresberienfis
745 3364 756 3382 ,
783 3339 1009 3382 Cicestrenfis,
1022 3339 1215 3385 Vigornen-

219 3428 221 3430 .
284 3396 326 3432 sis
336 3394 509 3429 assidebant
523 3395 592 3435 eis,
617 3393 695 3427 &in
708 3390 859 3425 humeros
875 3391 1085 3432 Exoniensis,
1111 3402 1147 3425 ut
1172 3392 1214 3426 di-

287 3446 393 3487 citur,
419 3444 619 3493 impegerunt
629 3441 695 3480 hoc
713 3451 799 3481 onus
813 3465 822 3476 .
847 3440 960 3491 Magis
981 3451 1091 3481 tamen
1116 3441 1218 3491 impo-

902 96 1718 158 suprs'TonAE‘·'“'

311 196 484 234 watiensis
493 192 526 227 δε
544 187 772 226 cardinalium
783 213 797 232 ,
820 188 856 227 dt
875 190 956 226 itetn
966 191 1106 236 qualiter
1117 190 1245 235 Episco-

308 248 368 292 pi,
394 245 450 290 qui
470 241 730 278 trasfretaverant
749 264 761 281 ,
797 241 947 276 adversus
976 239 1081 275 Archi
1094 259 1105 266 -
1119 241 1248 285 Episco-

309 307 388 342 pum
398 291 508 328 denuo
530 292 800 338 provocaverint,
824 290 996 332 constare,
1022 300 1093 326 tum
1103 302 1143 325 ex
1167 291 1245 326 rela-

310 347 406 381 tione
425 343 601 379 multorum
613 367 625 384 ,
648 352 721 376 tum
734 339 884 382 fidelius,
910 350 947 374 ut
959 339 1117 381 arbitror,
1142 353 1182 375 ex
1195 341 1242 379 iit·

1307 192 1396 228 nitur
1404 192 1603 239 vigornensi
1613 216 1626 234 ,
1649 194 1707 238 qui
1726 192 1750 227 fi
1771 204 1846 229 vera
1868 195 1942 230 sunt
1960 194 2030 242 quai
2049 198 2201 234 dicuntur
2226 198 2239 239 ᾗ

1308 242 1583 287 plusquamtantae
1601 243 1766 279 modestioe
1789 244 2036 288 virumdcccat,
2060 249 2095 284 in
2120 247 2240 284 Archi·-

1309 292 1504 338 Episcopum
1518 295 1609 327 suurn
1635 295 1762 337 jocatus
1777 295 1841 328 est.
1870 295 1932 329 Sed
1954 297 2134 333 accusentur
2160 298 2241 341 Epi-

1305 344 1398 387 copi:
1426 346 1517 378 novit
1531 345 1696 380 Dominus
1721 345 1777 389 qui
1799 345 1873 379 sunt
1883 345 1973 388 ejus.
2002 344 2046 379 Et
2067 345 2237 383 declarabi-

1305 402 1357 426 tur
1368 394 1482 428 veritas
1493 396 1527 428 in
1539 395 1593 429 die
1613 395 1669 428 illa
1684 421 1690 429 .
1718 395 1792 429 Nec
1803 396 1936 429 interim
1950 405 2072 430 nocens
2084 395 2114 429 se
2134 395 2239 438 'radice

1306 442 1507 486 absolvetur,
1532 445 1631 490 &qui
1655 446 1748 479 fratri
1770 446 1901 480 foveam
1922 454 2035 489 parat,
2063 443 2186 479 incidet
2200 447 2238 484 'm

1303 502 1373 526 eam
1396 495 1483 537 prior
1502 520 1508 527 .
1539 493 1634 540 Quid
1655 495 1735 541 ergo
1754 495 1851 530 faciet
1873 496 1960 530 inter
1980 493 2039 529 has
2058 492 2243 542 tendicuhq

1304 550 1376 579 tuus
1390 566 1402 589 ,
1429 543 1461 578 ἀ
1472 556 1530 589 pro
1541 557 1652 580 amore
1664 556 1723 581 tuo
1734 556 1826 580 meus
1842 545 2065 581 Exonicnfis?
2093 544 2129 580 Si
2138 538 2241 579 confi·

1305 592 1350 625 lio
1362 593 1466 636 polles
1477 619 1490 637 ,
1514 606 1571 631 aut
1583 596 1702 639 aliquis
1722 606 1853 631 tuorum
1863 621 1874 638 ‚
1899 595 2046 642 gaudens
2058 606 2100 629 eo
2111 603 2203 628 utere
2225 604 2244 637 ,-

1302 642 1346 675 sin
1360 653 1467 679 antem
1476 667 1489 687 ‚
1513 656 1588 681 meo
1610 646 1740 681 interim
1756 670 1769 688 ‚
1795 646 1885 691 quod
1896 647 1961 682 fine
1974 644 2119 681 melioris
2131 643 2243 690 praejtt·

1300 691 1391 728 dicio
1401 693 1522 730 dicium
1532 696 1569 731 fir
1580 721 1591 737 ,
1604 697 1775 741 adquiesce
1786 721 1795 730 .
1808 697 1887 732 Seio
1897 698 1988 732 enim
1999 695 2090 738 quod
2101 693 2242 729 libenter

1301 749 1333 776 te
1342 741 1434 778 audit
1446 744 1652 781 Ei'tonie'nfis.
1666 748 1698 782 Si
1713 746 1760 780 illi
1773 747 1923 782 venerint
1935 744 2139 785 absolvendi,
2152 753 2244 779 man-

1299 792 1366 827 dati
1377 796 1524 830 tenorem
1538 797 1685 841 inspiciat
1695 822 1706 838 ,
1718 797 1844 842 flagitet
1856 797 2085 842 poenitentiam
2098 820 2109 836 ,
2131 803 2244 829 extor-

1299 854 1393 887 queat
1405 846 1636 882 confeffionem
1648 873 1658 888 ,
1685 849 1718 881 δι
1737 848 1759 881 (ἱ
1774 848 1920 882 mandati
1931 849 2039 883 forma
2053 857 2123 881 non
2136 845 2241 888 impe·

1297 894 1347 926 dit
1360 918 1371 934 ,
1397 894 1576 939 legitimam
1588 897 1628 931 de
1640 898 1856 933 satisfactione
1867 898 1979 942 exigat
2002 895 2196 932 cautionem
2223 916 2239 936 ,

1296 942 1445 979 ostendat
1467 946 1501 980 δε
1522 947 1886 990 Apostolicaslitteras,
1910 946 2029 991 quibus
2050 946 2084 980 in
2098 944 2242 980 anterio·

1297 1005 1364 1027 rem
1387 995 1584 1030 sententiam
1604 1009 1646 1030 ex
1672 997 1857 1031 neceffitate
1877 997 2059 1040 reponendi
2082 997 2180 1037 sunt,
2214 992 2242 1028 fi

1296 1043 1547 1079 satisfactionem
1559 1046 1710 1080 exhibere
1720 1046 1906 1080 distulerint
1917 1062 1925 1078 .-
1954 1047 2113 1081 Exercent
2126 1045 2241 1080 admo-

1296 1093 1463 1134 nitiones,
1487 1095 1524 1130 &
1548 1107 1618 1139 quar
1639 1097 1778 1139 pericula
1801 1096 2002 1130 immineant
2021 1118 2034 1135 ,
2058 1095 2240 1139 diligente}

1294 1153 1457 1188 exponat.
1487 1145 1591 1193 Qod
1605 1146 1624 1179 si
1639 1157 1692 1189 per
1703 1157 1760 1181 eos
1773 1145 1918 1186 steterit,
1945 1142 2125 1188 quomim'ts
2135 1142 2243 1186 absolu„

1294 1204 1410 1228 vantur
1421 1219 1431 1235 ,
1458 1206 1506 1229 res
1517 1196 1546 1229 ei
1558 1195 1592 1229 in
1605 1206 1679 1230 tuto
1691 1196 1736 1230 est
1751 1220 1760 1229 .
1786 1195 1890 1243 Qod
1901 1195 1922 1229 fi
1935 1194 2093 1239 poenitere
2105 1192 2243 1233 nolunt,

1292 1244 1326 1278 δε
1348 1253 1456 1278 tamen
1480 1245 1723 1280 absolutionem
1751 1245 1972 1289 importunius
1991 1252 2143 1288 quierunt
2157 1266 2169 1285 ,
2194 1253 2245 1283 re·

1297 1295 1493 1337 spondeatur
1505 1296 1553 1328 eis
1566 1296 1600 1328 in
1613 1294 1873 1329 omnicharitate
1893 1296 1926 1329 δι
1947 1294 2138 1335 modestia,
2161 1292 2242 1335 quia„
2310 1330 2314 1347 ι

1291 1343 1357 1378 haec
1380 1343 1596 1379 absolutionis
1620 1346 1723 1379 forma
1748 1345 1958 1389 Evangelicae
1979 1345 2013 1379 ὅ(
2041 1343 2240 1386 Apostolicae

1290 1394 1445 1428 doctrinae
1456 1395 1620 1429 contraria
1633 1395 1679 1428 est
1692 1419 1704 1436 ,
1728 1395 1840 1439 &quae
1862 1393 1903 1429 ab
1913 1395 2027 1439 aliquo
2051 1393 2240 1437 Episcopo·

1289 1454 1361 1477 rum
1386 1445 1451 1477 sine
1461 1444 1579 1486 'majori
1590 1443 1789 1478 authoritate
1801 1444 1945 1478 exerceri
1958 1455 2027 1479 non
2044 1442 2150 1486 potest
2162 1467 2174 1484 ,
2200 1451 2247 1477 ut

1289 1494 1332 1527 sic
1344 1493 1385 1527 ad
1409 1493 1637 1529 cardinalium
1655 1494 1934 1528 consultationem
1960 1493 2136 1538 negotium
2159 1493 2238 1534 refe·

1289 1554 1376 1576 ratur
1388 1568 1396 1575 .
1425 1543 1566 1578 Dicatur
1576 1545 1676 1578 etiam
1691 1544 1738 1578 eis
1751 1568 1763 1584 ,
1787 1542 1879 1587 quod
1893 1542 2059 1579 absolutio
2081 1553 2151 1577 non
2165 1550 2241 1586 pro-

1287 1592 1371 1627 derit
1381 1593 1428 1626 eis
1440 1592 1481 1626 ad
1506 1594 1665 1632 salutern,
1692 1593 1750 1627 nisi
1776 1591 1955 1636 procedant
1983 1591 2183 1639 penitentia
2201 1591 2239 1629 ὅ(

1287 1642 1446 1677 confeffio
1466 1667 1478 1684 ,
1506 1643 1540 1676 ἀ
1563 1644 1738 1677 satisfactio
1761 1654 1820 1686 pro
1841 1643 2000 1678 facultate.
2016 1641 2237 1687 ..Nunquam

1287 1693 1375 1726 enim
1398 1693 1439 1727 fic
1462 1693 1667 1738 impudentes
1688 1703 1784 1729 erunt
1806 1692 1947 1739 Legati,
1974 1689 2237 1735 utimpoeniten·

1287 1750 1335 1776 tes
1350 1743 1499 1785 judicent
1522 1743 1741 1779 absolvendos
1754 1770 1762 1777 .
1788 1742 1822 1778 Si
1839 1741 1918 1778 vero
1930 1742 2147 1788 poenituerint
2161 1765 2175 1783 ,
2200 1741 2238 1778 ἃ

1285 1791 1551 1825 emendationem
1562 1793 1692 1834 publice
1703 1793 1936 1836 promiserint,
1963 1791 2037 1826 licet
2050 1790 2090 1824 ab
2101 1791 2150 1825 eis
2161 1802 2239 1826 cau·

1285 1841 1336 1875 tio
1359 1850 1499 1886 nequeat
1512 1843 1722 1885 extorqueri,
1748 1853 1811 1876 nec
1833 1842 1950 1875 inserta
1970 1839 2131 1880 mandato
2145 1841 2234 1884 fit,

1285 1890 1411 1925 absolvi
1433 1890 1564 1926 fortasse
1575 1901 1747 1935 poterunt,
1775 1901 1812 1926 ut
1827 1891 1972 1937 Regis&
1997 1889 2230 1925 Cardinalium

1284 1939 1472 1985 indignatio
1484 1941 1666 1976 declinetur
1677 1964 1689 1979 ,
1713 1941 1790 1985 quia
1802 1941 1946 1985 prz‘sumi
1963 1940 2083 1985 poterit
2091 1938 2235 1990 manda-

1285 1988 1409 2024 toribus
1428 1991 1524 2025 fuine
1551 2001 1705 2025 cautum.
1733 1991 1905 2025 Habeatur
1925 2001 2034 2026 autem
2050 2014 2062 2030 ‚
2100 1990 2234 2034 quoties,

1285 2039 1442 2078 aderunt,
1469 2039 1590 2083 ubique
1610 2041 1646 2076 ἀ
1673 2040 1804 2084 publice
1821 2039 2012 2084 protestatio
2033 2040 2153 2075 Divini
2180 2041 2234 2084 ju,

1284 2089 1353 2125 risi.
1394 2089 1620 2124 Veruntamen
1655 2089 1939 2134 Archi-Episcopo
1985 2091 2232 2134 displiciturum

1285 2139 1375 2181 scio,
1402 2140 1423 2173 si
1448 2140 1750 2175 mandatoillorum
1761 2139 1988 2179 absolvantur,
2010 2140 2068 2182 qui
2094 2140 2232 2177 nonde

1282 2199 1411 2233 accepta
1436 2190 1616 2234 potestate,
1646 2191 1699 2226 sed
1720 2191 1761 2225 de
1783 2190 1977 2226 temeritatis
1986 2189 2125 2227 audacia
2135 2200 2230 2226 man·

1282 2237 1357 2273 dare
1369 2241 1564 2283 praesumunt
1576 2240 1747 2285 Episcopis
1759 2265 1771 2282 ‚
1796 2241 1890 2285 super
1909 2250 1994 2285 quos
2017 2240 2145 2281 nullam
2166 2239 2227 2276 laa-

1282 2286 1359 2323 bent
1380 2288 1614 2325 authoritatem
1629 2316 1636 2324 .
1663 2291 1708 2325 Et
1732 2290 1865 2335 quidem
1876 2290 1997 2326 merito
2019 2289 2231 2334 displicebit·

1282 2336 1343 2372 Sed
1361 2340 1438 2381 quia
1472 2352 1538 2385 ego
1562 2341 1596 2375 δε
1616 2341 1674 2375 alii
1696 2341 1796 2376 amici
1822 2342 1872 2376 tui
1897 2341 2169 2377 cantuariensem
2191 2340 2231 2377 in

1280 2389 1392 2424 multis
1413 2389 1651 2432 promeruimus
1681 2389 1788 2424 Archi
1804 2391 2046 2434 -Episcopum,
2072 2390 2232 2441 quamvis

1280 2439 1409 2478 laesum,
1434 2438 1570 2474 confido
1589 2439 1660 2474 fore
1683 2438 1880 2483 placabilem
1905 2464 1913 2473 .
1941 2440 1985 2473 Et
2010 2441 2125 2482 quod*
2151 2439 2228 2474 obis

1281 2487 1376 2533 plene
1397 2489 1541 2524 remittet
1565 2489 1751 2530 inanimo,
1769 2489 1792 2523 si
1815 2489 1896 2531 quid
1919 2489 1955 2523 in
1980 2487 2042 2523 hac
2062 2451 2229 2542 necevifqa-

1280 2549 1314 2574 te
1333 2550 1450 2574 contra
1466 2540 1498 2574 se
1521 2538 1637 2573 viderit
1653 2541 1717 2573 esse
1737 2539 1985 2583 praesumptum.
2011 2538 2047 2573 Si
2071 2538 2226 2575 vidissem

1280 2588 1427 2624 mandati
1446 2590 1724 2633 conceptionem,
1752 2589 1881 2632 planior
1894 2589 1974 2623 effet
1986 2587 2038 2622 via
2059 2588 2190 2623 consilii
2216 2613 2226 2623 .

1279 2639 1392 2688 Qare
1413 2650 1526 2683 precor
1538 2639 1713 2680 attentius,
1739 2648 1775 2673 ut
1802 2639 1886 2683 ipsas
1896 2637 2045 2679 litteras,
2069 2637 2093 2670 fi
2113 2636 2227 2675 adhuc

1279 2689 1403 2724 traditae
1415 2691 1510 2730 sunt,
1529 2687 1619 2723 'mihi
1631 2691 1759 2723 mittere
1774 2700 1844 2724 non
1855 2688 2007 2723 moreris.
2037 2687 2111 2722 Nec
2122 2689 2219 2724 exci-

1278 2739 1362 2774 deta
1385 2739 1542 2774 memoria
1556 2764 1568 2780 ‚
1595 2740 1752 2783 quoniam
1765 2739 1800 2774 in
1814 2738 1952 2780 litteris,
1977 2748 2060 2782 quas
2082 2738 2225 2782 Ioannes

1278 2791 1320 2825 de
1329 2790 1525 2825 Oxeneford
1536 2791 1671 2833 attufit„
1695 2789 1781 2833 juffit
1795 2789 1961 2824 Dominus
1988 2788 2077 2833 Papa
2099 2813 2111 2829 ,
2138 2799 2176 2824 ut
2197 2789 2223 2824 ii

1278 2840 1554 2876 excommunicati
1578 2839 1679 2874 essent
1702 2841 1737 2873 in
1760 2840 1878 2873 mortis
1895 2838 2038 2881 periculo
2063 2838 2224 2874 constitu-

1279 2892 1303 2925 ti
1318 2915 1328 2931 ,
1354 2901 1436 2926 tunc
1457 2889 1702 2925 absolverentur
1723 2888 1863 2932 praestito
1873 2888 2079 2931 juramento,
2110 2887 2218 2932 quod,

1277 2942 1299 2975 si
1321 2942 1607 2980 convalescerent,
1634 2939 1831 2982 Apostolico
1854 2948 2000 2981 parerent
2021 2938 2179 2976 mandato
2203 2963 2216 2973 .

1279 2992 1315 3024 ln
1338 2990 1458 3024 litteris
1481 3001 1634 3034 quoque,
1661 2987 1780 3031 quibus
1815 2986 2006 3022 Cardinales
2029 2989 2218 3032 praecipiun-

1278 3050 1330 3074 tur
1348 3052 1405 3075 eos
1425 3040 1575 3075 reducere
1597 3040 1631 3072 in
1648 3038 1851 3073 'sententiam
1875 3037 2095 3086 anathematis
2117 3063 2127 3079 ,
2154 3038 2216 3073 nisi

1280 3090 1492 3125 satisfecerint
1505 3091 1539 3124 in
1552 3088 1735 3123 continenti
1749 3113 1759 3129 ,
1789 3087 1932 3131 ejusdem
1946 3088 2122 3130 juramenti
2135 3099 2215 3122 con-

1278 3140 1363 3176 ditio
1384 3141 1501 3175 inserta
1519 3139 1586 3179 eli,
1613 3138 1648 3172 δε
1667 3139 1884 3182 posteriorum
1905 3137 1967 3174 tibi
1992 3139 2089 3173 mitto
2106 3137 2217 3173 rescri-

1280 3203 1369 3235 ptum
1394 3191 1595 3230 litteratum,
1622 3198 1658 3222 ut
1677 3199 1787 3223 earum
1808 3189 1967 3224 sententia
1991 3187 2175 3230 publicetur
2199 3212 2214 3228 ,

1278 3243 1310 3275 δι’
1323 3241 1418 3286 poffit
1431 3236 1656 3286 indigentibus
1666 3239 1730 3273 esse
1744 3239 1906 3283 praesidio„
1930 3237 2020 3271 Nam
2031 3238 2086 3282 qui
2101 3239 2214 3273 Deum

1278 3293 1442 3332 timuerit,
1471 3288 1675 3330 movebitur,
1700 3299 1738 3323 ut
1760 3290 1870 3324 minus
1888 3289 2049 3323 audeatin
2073 3297 2212 3323 mortem

1278 3342 1386 3377 suam.
1413 3340 1475 3375 Sed
1495 3340 1518 3373 si
1545 3339 1668 3374 nodum
1681 3339 1777 3374 istum
1792 3340 1848 3374 ille
1861 3348 1936 3373 tuus
1957 3338 2081 3373 amicus
2102 3338 2210 3380 aliqua

1279 3391 1404 3426 ratione
1414 3388 1618 3434 expedierit,
1642 3389 1797 3432 laqueum
1820 3390 1923 3424 timeo
1936 3388 2118 3425 duriorem.
2146 3385 2210 3419 Ve-

1278 3453 1349 3478 reor
1368 3440 1458 3481 enim
1478 3465 1490 3482 ,
1516 3450 1558 3476 ne
1576 3440 1731 3485 Princeps
1755 3439 1968 3478 Sacerdotum
1991 3462 2005 3484 ‚
2033 3435 2211 3520 qui-confi·

2093 3496 2161 3521 tum
