2358 3776
288 72 328 118 S.
407 67 790 116 THOMAE
858 64 1789 134 CANTUAssIENSIS.

111 153 179 196 t'ibi
189 156 386 202 respondeo:
414 156 500 201 quod
526 154 633 199 Regni
646 152 910 188 reclamationem
924 162 990 184 non
1005 162 1057 184 au·

115 210 261 246 -divimus
271 232 283 248 ,
310 207 362 240 sed
379 206 486 249 potitis
498 205 763 240 acclamationem
779 228 785 235 .
816 197 974 236 Diffuafio
986 199 1061 234 vero

120 258 288 306 genitricis
314 257 455 291 Domini
479 255 578 290 nostri
593 278 603 294 ,
627 255 650 292 fi
668 254 729 287 fuit
744 277 755 292 ,
781 253 880 295 usque
898 250 938 284 ad
961 249 1062 292 publi-

112 320 189 344 cum
205 319 270 342 non
284 307 402 350 prodiit
414 332 421 340 .
449 306 562 340 Potuit
575 314 681 338 autem
706 300 772 335 fier}
795 302 919 344 aliquas
941 300 1060 334 Eccle-

114 359 255 394 fiasticas
268 358 415 400 personas
430 357 468 390 ad
484 353 619 390 eandem
632 352 872 395 promotionem
887 375 898 390 ,
923 360 959 383 ut
971 351 1061 388 solet,

119 408 314 452 adspirantes
327 407 487 451 suspirasse
499 429 510 445 ,
535 414 609 437 cum
623 404 653 436 se
663 402 814 435 sentirent
827 400 867 434 ab
880 412 916 434 ea
929 423 938 438 ,
964 401 1060 443 quam

124 468 367 501 conceperant,
395 453 620 500 spedecidere:
648 449 876 498 quiatssehodie
889 450 1024 484 fortaffis
1051 473 1062 490 ,

121 509 155 543 in
171 509 329 542 ultionem
343 502 500 540 suixcasus
511 528 522 544 ,
548 502 709 546 praesentis
723 499 921 534 diffinsionis
942 499 1062 534 autho-

117 570 166 593 res
189 559 262 591 sunt
283 558 316 591 δε
330 551 525 590 consiliarii.
551 551 614 586 Sed
628 562 673 584 vae
693 551 764 589 illi,
790 561 951 594 perquem
976 551 1063 583 scan-

124 610 238 643 dalum
258 607 361 641 venit.
388 602 575 637 Praetaxatis
587 600 660 636 vero
681 599 876 640 obstaculis,
899 600 934 633 ἀ
952 601 1027 633 aliis
1052 624 1063 639 ,

121 659 144 692 sl
167 671 229 703 qua
241 659 390 694 fuerunt,
416 653 539 687 Divina
552 651 713 695 praevaluit
727 648 921 693 dispensatio
934 675 944 691 ,
972 662 1006 684 ut
1017 650 1062 683 est

121 708 222 742 hodie
234 715 378 742 cernere.
405 702 529 747 Exigor
548 703 657 744 itaque
680 701 720 746 ab
743 712 801 740 ea,
828 712 897 744 quae
914 701 981 744 ipse
1003 699 1063 740 est,

122 758 242 802 justitia
267 749 349 790 nulii
367 753 508 787 omnino
532 763 606 786 eum
619 750 809 794 postponere
824 774 834 790 ,
861 751 918 794 qui
941 760 993 784 me
1005 750 1062 784 sta-

123 807 185 842 tuit
200 808 232 840 in
247 804 349 850 gradu
361 803 423 837 isto
435 803 486 835 sua
503 800 713 846 miseratione
728 825 735 831 .

169 854 254 889 Illud
265 853 362 888 etiam
375 852 463 896 quod
474 851 514 885 ad
523 849 765 894 justificandum
787 849 975 883 Dominum
998 849 1062 883 Re-

121 901 196 952 ¹gem
207 904 323 939 videris
334 902 530 947 proposuisse
539 925 550 940 ,
574 899 714 943 judicavi
726 911 793 933 non
806 900 1062 943 praetereundum

120 947 258 996 leviter,
285 952 336 987 vel
355 949 474 995 absque
494 949 686 985 discussione
708 974 715 983 .
752 950 794 983 Et
815 950 941 984 utinam
977 949 996 983 a
1017 949 1064 993 ju·

118 1007 206 1040 stitia
229 1015 298 1038 non
318 1000 493 1036 dissentiret
509 1025 520 1042 ,
545 1000 577 1034 δε
601 1000 706 1034 nostra
729 1000 857 1034 adersus
868 1011 942 1033 eum
955 999 1062 1033 minus

119 1055 202 1102 justa
222 1063 387 1098 appareret
398 1050 546 1095 querela.
573 1049 667 1083 Dicis
690 1050 795 1092 ipsum
816 1050 854 1084 ad
870 1050 1062 1083 satisfacien-

119 1107 199 1141 dum
223 1106 345 1146 semper
364 1100 456 1136 fuiss’e
489 1110 632 1144 paratum
655 1123 661 1131 .
703 1100 780 1133 Hoc
798 1110 830 1132 te
864 1099 1063 1134 confidenter

123 1157 250 1194 dicere,
276 1151 341 1187 hoc
359 1163 390 1185 te
408 1150 513 1184 afferis
523 1150 704 1194 praedicare.
733 1150 859 1185 Sustine
871 1150 971 1194 igitur
984 1147 1058 1190 pa'u-

120 1202 238 1248 lisper,
264 1202 297 1236 δε
320 1200 358 1235 ad
378 1200 571 1243 interrogata
587 1198 742 1241 responde
757 1223 765 1230 .
801 1197 886 1233 Illud
909 1197 998 1240 quod
1018 1196 1065 1231 di·

120 1255 168 1290 cis
189 1260 334 1296 paratum
357 1250 396 1283 ad
418 1248 675 1287 satisfaciendum
689 1272 709 1293 ‚-
737 1255 804 1290 quo
823 1245 915 1281 sensu
946 1247 1065 1281 intelli-

120 1303 201 1350 gis?
227 1302 326 1340 Illos,
353 1308 491 1343 quorum
514 1298 545 1331 se
566 1296 655 1331 Deus
674 1296 755 1330 dicit
779 1295 907 1331 Patrem
929 1297 962 1331 &
982 1295 1064 1338 judi·

118 1364 217 1392 cem,
241 1349 429 1393 orphanos,
457 1343 600 1391 pupillos
617 1371 628 1388 ‚
658 1345 768 1379 viduas
790 1370 800 1386 ,
836 1347 1027 1381 innocentes
1055 1371 1065 1388 ,

119 1404 155 1439 δε
174 1398 313 1436 omnino
338 1410 407 1442 qua:
427 1409 487 1432 nos
511 1404 621 1430 movet
641 1396 866 1431 controverfiae
897 1398 1027 1441 ignaros
1054 1421 1065 1436 ,
1086 1403 1089 1405 '

121 1445 212 1487 rides
233 1448 404 1493 proscribi,
430 1447 462 1481 &
483 1458 594 1488 taces,·
622 1442 1006 1486 Clerieosexterminari‚
1032 1447 1066 1480 ἀ

118 1514 189 1537 non
213 1500 360 1533 reclamas
375 1512 386 1532 .·
413 1499 491 1531 alios
513 1498 608 1531 bonis
629 1495 690 1529 suis
703 1496 831 1539 spoliari
852 1498 1064 1535 &contumer

118 1552 172 1587 liis
194 1550 302 1588 affici,
328 1549 360 1581 ὅ(
390 1559 456 1581 non
480 1545 702 1587 contradicis;
729 1543 902 1592 servientes
921 1546 1014 1579 meos*
1033 1546 1067 1579 in

120 1601 254 1635 vincula
273 1598 388 1640 conjici
411 1595 443 1630 &
465 1596 570 1630 teneri
591 1620 602 1634 ,
640 1595 672 1627 &
695 1594 890 1628 obmutescis
914 1605 924 1636 ¹,
957 1594 1067 1628 matris

121 1662 184 1686 tuae
202 1645 439 1683 Cantuarienfis
465 1644 611 1678 Ecclefiae
636 1643 721 1676 bona
736 1642 861 1686 diripi,
881 1644 913 1678 δε
937 1656 1002 1677 non
1026 1656 1070 1677 re·

122 1700 202 1734 sistis
224 1711 235 1741 ⁴,
270 1707 325 1730 me*
341 1695 471 1727 Patrem
493 1705 585 1727 tuum
605 1692 738 1736 gladios
755 1694 871 1731 cervici
897 1704 974 1726 meae
1004 1693 1070 1735 jam

121 1750 190 1794 jam
214 1747 422 1780 imminentes
445 1744 497 1774 vix
517 1742 646 1774 evasisse
668 1764 679 1778 ,
716 1741 749 1772 δέ
771 1739 840 1773 non
856 1740 965 1773 doles.
1004 1741 1069 1774 Sed

120 1795 213 1842 quod
223 1792 363 1828 deterius
376 1790 419 1822 est
435 1814 449 1830 ‚
474 1801 549 1824 cum
570 1787 829 1831 persecutoribus
849 1790 952 1828 meis,
977 1788 1010 1822 &
1033 1788 1067 1822 in

117 1859 176 1883 me
196 1843 306 1881 Dei&
327 1839 601 1882 Ecclesiaeipfius,
625 1837 660 1870 δε
679 1834 746 1870 hoc
768 1848 836 1871 non
861 1836 895 1870 in
907 1838 1063 1879 occulto,

121 1896 203 1931 stare
225 1905 293 1929 non
316 1884 487 1924 erubescis.
515 1888 615 1924 Estne
633 1884 698 1921 hoc
725 1887 923 1929 satisfacere,
961 1900 1070 1933 perpe-

123 1957 206 1982 trata
227 1943 311 1977 mala
334 1938 609 1985 non-corrigere,
634 1937 667 1970 ὃς
680 1937 772 1970 mali's
795 1937 953 1974 deteriora
964 1939 1005 1972 de
1014 1940 1074 1973 diev

121 1997 158 2034 in
174 1996 262 2029 diem
283 1986 446 2035 adjicere?
471 1988 532 2022 Sed
561 1986 696 2022 fortaffis
717 1986 800 2020 illud
823 1983 857 2020 in
869 1989 1075 2022 contrarium.

110 2038 300 2094 *intelligia
327 2039 551 2093 utbsatisfacere
572 2038 609 2072 sit
676 2034 800 2097 luntati'
818 2035 996 2096 impiorum
1018 2036 1068 2071 de·

122 2098 240 2130 servire
261 2118 272 2135 ,
308 2089 486 2126 secundnm
507 2087 591 2125 illud
613 2113 619 2121 .
657 2085 807 2121 Inebrmbo
829 2082 960 2134 sagittas
986 2099 1074 2124 mea,⁴

194 2174 198 2178 f
219 2150 267 2178 ine
281 2169 288 2176 .
583 2163 586 2165 -

116 2145 234 2232 sanSggd
256 2192 339 2228 dicis
350 2189 454 2226 mihi:
484 2193 576 2225 Pater
596 2195 639 2223 ml
663 2214 673 2230 ,
708 2191 745 2223 de
766 2187 869 2235 quibus
890 2200 942 2237 ufey
957 2187 1074 2222 calum-.

117 2250 244 2282 maris,
272 2241 393 2285 absblvo
412 2252 458 2274 me
476 2246 582 2282 paucjs
607 2265 613 2272 .
650 2242 770 2272 Tunica
793 2250 865 2273 meae
888 2245 993 2285 tf'me‘o:
1021 2248 1071 2270 ve·

126 2293 260 2329 nlmest
274 2317 286 2333 ,
312 2291 444 2331 filimi,
456 2290 489 2323 ἀ
502 2291 599 2323 nimis
610 2300 717 2322 verum
729 2288 916 2332 respondes.
944 2286 985 2332 Et
996 2286 1075 2322 ideo·

123 2342 278 2389 gladium
292 2353 362 2375 non
377 2339 492 2374 habes.
520 2335 621 2385 QOd
640 2341 728 2373 enim
747 2335 858 2372 scn'bis
869 2338 969 2381 ipsum
984 2336 1069 2379 para.-

122 2405 195 2428 tum
207 2388 543 2434 starejudicioRegni
557 2389 624 2427 sui,
651 2388 737 2429 quasi
756 2388 925 2432 condigna
951 2387 1066 2421 satisfa-

90 2440 93 2444 ’
118 2445 188 2478 &io
208 2440 345 2475 sithaec.
374 2438 459 2486 Qris
481 2438 526 2471 est
553 2438 705 2477 interra,
732 2437 783 2471 vel
794 2438 893 2471 etiam
914 2439 947 2470 in
973 2438 1068 2476 coelo,

122 2483 180 2536 oui
205 2492 245 2525 de
264 2490 390 2525 Divina
411 2487 619 2530 dispositione
632 2489 798 2531 praesumat
808 2487 971 2530 judicare?
998 2488 1070 2521 Hu-

122 2553 219 2578 mana
229 2541 438 2584 judicantur,
465 2535 589 2574 Divina
622 2538 749 2580 penitu's
770 2539 958 2571 inconcussa
979 2538 1076 2571 relin-r

122 2601 271 2637 quuntur
284 2616 293 2625 .
321 2585 459 2637 Qanto
472 2584 587 2620 melitis
598 2610 608 2627 ,
634 2587 743 2620 Frater
756 2589 821 2627 mi,
843 2582 892 2621 illi
904 2585 1074 2627 salubrius,

126 2641 191 2676 tibi
215 2639 353 2675 securius
373 2638 540 2672 intimares
552 2637 580 2668 ei
593 2660 604 2675 ,
629 2634 662 2669 &
675 2637 860 2679 persuadere
881 2636 989 2672 modis
1000 2649 1069 2671 om·

124 2693 224 2730 nibus
233 2689 409 2723 elaborares
422 2689 627 2721 voluntatem
641 2687 705 2719 Dei
717 2684 756 2719 de
777 2687 995 2722 conservanda
1018 2698 1070 2730 pa·

124 2754 165 2776 ce
180 2740 328 2775 Ecclesiae
350 2740 431 2778 suae,
456 2738 495 2771 de
523 2747 588 2770 non
609 2735 795 2778 appetendis
806 2734 856 2769 his
871 2758 882 2774 ‚
906 2747 977 2780 qua:
996 2747 1070 2770 con·

127 2793 207 2826 ceffa
221 2802 287 2824 non
304 2791 375 2822 sunt
399 2789 468 2831 ejus
490 2785 782 2829 administrationi,
809 2786 850 2819 de
870 2784 1073 2820 honorandis

126 2832 353 2875 'Sacerdotibus
372 2839 457 2872 Dei:
485 2849 545 2870 nec
570 2836 626 2880 qui
645 2835 706 2869 sint
725 2833 890 2879 attendat,
917 2835 973 2870 sed
983 2836 1072 2881 cujus

127 2892 211 2924 servi
231 2891 292 2923 sint
304 2915 311 2922 .

182 2939 218 2971 ln
231 2937 494 2972 saresberiensem
508 2935 749 2980 Episcopum&
763 2936 922 2978 Joannem
933 2935 974 2971 de
985 2937 1070 2972 Oxe-

135 2988 250 3023 neford
269 3011 280 3027 ,
306 3000 372 3021 non
393 2984 565 3022 Decanum
580 3012 591 3027 ‚
619 2997 654 3020 ut
674 2985 754 3019 dicis
771 3010 781 3026 ‚
805 2986 862 3020 sed
885 2986 1072 3025 Decanatus

130 3038 315 3074 invasorem
338 3060 349 3076 ,
382 3048 433 3070 me
455 3035 639 3080 praejudicio
669 3035 802 3078 abusum
833 3037 1041 3071 calumniaris
1065 3061 1072 3068 .

136 3087 200 3124 Sed
214 3085 394 3121 meminisse
414 3086 552 3120 debuisti
575 3085 720 3129 quaedam
733 3085 900 3120 manifesta
924 3087 1072 3129 praecede-

130 3150 165 3171 re
182 3136 222 3170 ad
244 3136 416 3178 judicium.
450 3137 490 3169 Et
501 3145 630 3171 motum
655 3146 686 3170 te
699 3137 801 3169 dicis.
826 3135 985 3183 Qidni³
1013 3140 1073 3170 Le·

132 3189 249 3231 calegon
274 3186 407 3227 trepidat
420 3208 431 3224 ,
454 3193 557 3224 partes
577 3198 641 3218 cum
659 3192 816 3228 proximus
827 3187 925 3219 ardet.
958 3186 1001 3221 Et
1014 3186 1073 3219 uti·

134 3248 210 3270 nam
223 3235 302 3269 bene
317 3233 472 3268 movearis
482 3233 522 3267 ab
531 3245 591 3276 eo,
618 3236 651 3268 in
665 3248 732 3279 quo
751 3248 819 3270 non
847 3234 929 3271 bene
952 3235 1071 3269 fecisti.

131 3287 219 3320 Sciat
241 3295 318 3328 ergo
339 3284 373 3317 ὅ(
394 3282 555 3327 intelligat
569 3308 580 3324 ‚
616 3296 648 3318 te
669 3285 842 3320 intimante
869 3309 880 3325 ,
907 3285 1073 3319 Dominus

133 3346 224 3368 meus
247 3358 257 3373 ,
282 3334 358 3375 quia
381 3334 438 3376 qui
458 3333 645 3367 dominatur
668 3335 700 3367 in
724 3336 844 3381 Regno
864 3334 1036 3369 hominum
1063 3360 1073 3376 ,

131 3385 188 3420 sed
205 3385 238 3418 δε
254 3381 457 3426 Angelorum
470 3406 479 3420 ,
507 3383 586 3416 duas
599 3384 655 3417 sub
669 3386 700 3419 se
711 3386 882 3430 potestates
894 3384 1073 3421 ordinavit.-

233 3432 338 3473 Cbrt'st-
352 3435 430 3475 Lupi
441 3436 538 3475 Opera
549 3434 626 3466 Yom.
646 3435 686 3466 X.

1899 97 1915 126 1
1931 98 1954 127 2.
1967 98 1987 139 ς

1120 149 1289 193 Principes
1310 151 1344 184 ὅ(
1366 151 1554 185 Sacerdotes
1575 178 1582 185 .
1622 157 1737 193 Unam
1762 171 1944 203 terrenam,
1981 164 2063 199 alte*

1120 212 1188 235 ram
1200 200 1415 243 spiritualem;
1438 213 1537 235 unam
1552 205 1784 243 ministrantem
1801 236 1810 250 ‚
1823 212 1954 248 alteram
1966 209 2064 257 pratee·

1121 251 1322 292 minentem3
1350 262 1448 285 unam
1460 252 1513 285 cui
1528 255 1708 294 potentiam
1729 262 1902 303 concessit,
1929 263 2062 297 alteram

1121 300 1173 336 cui
1190 301 1401 334 reverentiam
1423 301 1569 335 exhiberi
1595 304 1721 336 voluit.
1747 306 1815 351 Qi
1838 312 1911 344 vero
1931 312 1982 346 his
2008 316 2059 346 vel

1121 349 1184 385 illis
1197 350 1237 384 de
1262 351 1318 383 suo
1341 348 1407 394 J'ure
1419 351 1595 392 subtrahit,
1625 354 1689 387 Dei
1704 353 1906 392 ordinationi
1927 362 2038 396 resistit
2054 388 2063 394 .

1123 401 1203 434 Non
1222 400 1532 444 indigneturitaque
1555 402 1721 437 Dominus
1733 405 1842 438 noster
1853 406 1972 444 deferre
1986 414 2064 452 illis,

1122 449 1239 495 quibus
1260 451 1402 484 summus
1420 452 1570 485 omnium
1593 452 1714 487 deferre
1738 465 1806 487 non
1830 453 2023 499 dedignatur
2051 486 2063 501 ,

1123 501 1212 534 Deos
1239 501 1399 543 appellans
1429 511 1485 534 eos
1506 501 1616 545 saepius
1636 503 1671 536 in
1694 504 1788 541 sacris
1818 505 1935 539 litteris
1957 531 1963 536 .
2013 510 2065 543 sic

1121 549 1210 584 enim
1230 550 1328 583 dicit:
1356 554 1422 593 Ego
1441 552 1532 592 dixi,
1559 555 1612 583 Dii
1636 552 1699 590 estls
1723 577 1734 594 ,
1772 556 1828 588 (π.
1852 555 1917 589 Et:
1954 556 2068 597 Consti-

1123 605 1164 632 tui
1186 610 1214 633 te
1235 603 1331 632 Deum
1354 600 1522 634 Pharaonis
1536 627 1543 634 .
1573 602 1635 635 Et:
1663 607 1733 635 Diis
1753 615 1812 637 non
1828 604 1968 638 detrahes
1984 631 1991 639 .
2029 606 2068 639 Id

1122 650 1187 690 est,
1217 648 1458 684 Sacerdotibus.
1490 650 1532 684 Et
1546 650 1588 685 de
1609 663 1649 685 eo
1662 654 1717 695 qui
1741 665 1884 699 jurgatus
1906 666 1995 694 erat,
2020 656 2067 689 lo-

1123 711 1224 742 quens
1236 711 1290 742 per
1309 698 1451 741 Moysen
1470 702 1535 736 ait:
1565 703 1689 743 Appllca
1709 703 1793 736 illum
1812 704 1855 736 ad
1877 707 1954 738 Deos
1978 729 1985 737 .
2028 705 2068 739 ld

1123 750 1168 783 est
1184 774 1194 790 ‚
1220 749 1261 783 ad
1273 750 1460 784 Sacerdotes
1478 776 1485 782 .
1513 750 1757 795 Necpraesumat
1768 753 1935 788 Dominus
1957 755 2067 789 noster
2099 755 2104 759 ’

1124 799 1247 844 judices
1257 800 1330 833 suos
1341 800 1423 834 velle
1433 800 1594 846 judicare.
1620 800 1775 836 Terrenis
1787 805 1877 837 enim
1901 805 2066 847 potestati-

1124 849 1184 884 bus
1206 859 1274 883 non
1288 850 1361 883 sunt
1371 851 1545 887 commiffae
1565 851 1668 886 claves
1679 852 1789 897 Regni
1808 854 1963 888 >caelorum
1976 879 1987 894 ‚
2013 854 2070 889 sed

1125 898 1331 934 sacerdotio.
1362 899 1440 934 lnde
1453 900 1605 943 scriptum
1618 902 1662 935 est
1680 915 1687 934 ε
1713 904 1810 936 Labra
1833 905 2002 937 sacerdotis
2022 915 2070 937 cu-

1121 950 1249 990 stodient
1254 947 1412 993 scientiam
1427 974 1437 989 ‚
1464 952 1601 994 &legem
1611 957 1759 995 requirent
1770 966 1807 988 ex
1819 965 1865 987 ore
1876 956 1940 996 ejus
1957 977 1969 994 ‚
1995 959 2070 996 quita

1129 999 1253 1043 Angelus
1276 1002 1395 1031 Domini
1416 1002 1655 1041 exercituumest.
1685 1001 1806 1038 Paulus
1828 1004 1926 1039 etiam
1951 1003 2032 1038 dicit
2058 1015 2068 1036 ε

1127 1054 1236 1082 Nonne
1249 1050 1370 1093 angelos
1377 1050 1579 1091 judicabimus
1594 1053 1609 1083 ?
1636 1054 1763 1096 ,Quantb
1773 1060 1870 1098 magis
1882 1053 2043 1087 homines?

1176 1099 1262 1132 Illud
1282 1099 1380 1133 etiam
1394 1124 1404 1139 ,
1432 1110 1463 1133 te
1477 1102 1686 1145 suggerente,
1712 1113 1987 1138 commemoretur
1998 1102 2072 1137 Do-

1127 1149 1221 1182 mino
1234 1148 1343 1182 nostro
1359 1174 1369 1188 ‚
1381 1148 1517 1193 dignum
1532 1154 1686 1186 memoria
1700 1154 1732 1186 ὅ(
1750 1154 1937 1187 imitatione
1950 1177 1959 1192 ‚
1980 1150 2072 1194 quod

1128 1199 1161 1230 in
1175 1198 1394 1232 Ecclefiastica
1418 1199 1550 1233 historia
1574 1201 1691 1244 legitur
1703 1201 1743 1236 de
1762 1203 1982 1236 Constantino
2009 1202 2075 1234 Im-

1128 1257 1292 1289 peratore,
1319 1247 1463 1281 cuicum
1487 1249 1758 1284 oblatae·fuissent
1796 1253 1914 1295 scripto
1935 1252 2075 1285 astiones

1126 1305 1239 1329 contra
1264 1297 1463 1340 Episcopos,
1489 1298 1851 1343 accusationisquidem
1866 1299 1993 1334 libellos
2017 1311 2075 1334 ac·-

1127 1347 1236 1389 cepit,
1262 1346 1296 1380 &
1319 1347 1483 1380 accusatos
1506 1358 1726 1390 convocans,
1743 1349 1776 1383 in
1797 1361 1910 1384 eorum
1939 1351 2075 1393 conspe-

1130 1397 1180 1429 ἂι]
1201 1396 1329 1429 eosdem
1342 1395 1514 1436 incendit,
1540 1396 1652 1433 dicens
1676 1412 1684 1431 x
1718 1403 1776 1432 Vos
1800 1403 1853 1432 Du
1874 1399 1938 1439 estis
1961 1401 1980 1431 ἃ
2005 1410 2077 1432 vero

1129 1447 1188 1479 Deo
1208 1445 1371 1486 constituti,
1401 1447 1571 1480 tte&inter
1592 1459 1645 1480 vos
1666 1451 1773 1492 caussas
1796 1450 1907 1489 vestras
1934 1448 2075 1491 disponi<

1130 1505 1173 1528 te.
1200 1497 1285 1538 ,Quia
1302 1497 1426 1539 dignum
1446 1490 1502 1527 noh
1522 1495 1559 1534 est
1580 1520 1592 1535 ,
1629 1506 1664 1529 ut
1685 1509 1736 1530 nos
1762 1497 1892 1531 homines
1908 1501 2074 1538 judicemus

1133 1547 1228 1584 Deos,
1254 1547 1459 1588 Omagnum
1471 1544 1722 1587 Imperatorem!
1747 1547 1927 1582 Odifcrete
1940 1560 2076 1593 regnan-

1131 1604 1197 1626 tem
1211 1592 1246 1625 in
1258 1597 1360 1628 terra!
1389 1594 1471 1642 Qae
1483 1594 1587 1629 aliena
1609 1596 1683 1630 sunt
1697 1608 1764 1629 non
1781 1598 1989 1641 usurpantem
2004 1622 2015 1638 ,
2041 1597 2075 1630 &

1133 1643 1289 1687 Regnum
1311 1651 1466 1677 aeternum
1489 1643 1522 1675 in
1545 1643 1630 1676 coelo
1650 1655 1905 1686 promerentem.
1944 1648 2078 1690 Studeag

1133 1691 1241 1733 itaque
1253 1691 1420 1724 Dominus
1433 1688 1505 1722 Rex
1524 1701 1651 1724 tantum
1664 1714 1675 1731 ,
1699 1702 1767 1726 tam
1779 1695 1949 1729 discretum
1964 1722 1975 1738 ,
2011 1707 2079 1731 tam

1131 1738 1391 1772 felicemimitari
1411 1737 1616 1782 Principem,
1643 1741 1944 1784 cujus&memoria
1968 1745 2080 1780 lauda-

1132 1787 1205 1821 bilis
1218 1788 1438 1833 frequentatur
1459 1788 1493 1821 in
1516 1790 1623 1829 terris,
1649 1792 1682 1824 ἃ
1705 1793 1770 1826 vita
1791 1805 1941 1838 perpetua
1955 1807 1991 1830 ac
2005 1796 2080 1844 gio.

1131 1838 1213 1872 riosa
1234 1836 1370 1872 habetur
1392 1839 1424 1871 in
1449 1838 1559 1877 coelis.
1586 1839 1747 1885 Alioquin
1767 1843 1880 1879 timeat
1894 1870 1906 1886 ,
1930 1846 2020 1888 quod
2037 1847 2075 1881 in

1127 1875 1398 1942 'Deuteronomio
1416 1889 1586 1926 Dominus
1611 1892 1752 1927 minatus
1764 1893 1808 1927 est
1819 1892 1949 1929 dicens:
1984 1903 2079 1932 Homo

1130 1935 1302 1982 quicumque
1315 1938 1427 1981 fecerit
1449 1950 1481 1973 ut
1503 1949 1560 1973 non
1582 1943 1728 1976 exaudiat
1747 1945 1932 1978 sacerdotem
1955 1944 2014 1977 'aut'
2023 1948 2081 1986 ju-

1107 2008 1109 2010 -
1133 1990 1247 2028 dicem,
1276 1996 1424 2022 morietur.
1456 1988 1509 2023 Ad
1534 1991 1597 2024 hoc
1617 1992 1705 2025 enim
1730 2003 1864 2028 vocatus
1885 1994 1956 2034 est,
1983 1995 2016 2028 ὅ(
2041 1995 2079 2028 ἱη

1106 2046 1109 2065 1
1129 2036 1196 2072 hoc
1209 2038 1313 2081 ipsum
1325 2039 1511 2082 temporalis
1525 2040 1635 2085 Regni
1650 2053 1711 2085 pax
1726 2067 1737 2082 ,
1763 2044 1804 2077 de
1815 2055 1877 2085 qna
1902 2055 1962 2077 nos
1983 2038 2073 2078 com?

1133 2098 1246 2136 mones
1262 2113 1272 2128 ‚
1297 2090 1498 2127 ministratur
1518 2092 1549 2125 ei
1569 2089 1609 2125 de
1620 2092 1725 2126 coelo.
1755 2093 1919 2138 Alioquin
1935 2104 2002 2126 non
2025 2094 2081 2127 sal·

1133 2137 1224 2172 vatur
1246 2138 1317 2171 Rex
1340 2139 1398 2181 per'
1421 2134 1556 2182 multam
1580 2141 1728 2176 virtutem
1754 2143 1866 2184 suam,
1893 2143 1984 2178 neefi
2007 2144 2078 2185 sub-

1107 2227 1109 2236 „
1133 2187 1251 2222 dantur
1262 2187 1714 2237 eiKRe'gna,-‚,&;inclinentur
1726 2190 1896 2229 nationes.
2044 2198 2047 2199 ’

1182 2236 1245 2271 Sed
1268 2235 1334 2270 haec
1357 2236 1512 2276 hactenus
1536 2265 1543 2272 .
1578 2241 1816 2289 Qoscumque
1841 2255 1950 2280 autem
1971 2254 2078 2289 praeta-

1133 2297 1280 2321 xatarum
1301 2285 1443 2321 habuisti
1465 2290 1706 2332 conscriptores
1725 2292 1903 2329 litterarum
1925 2319 1935 2336 ‚
1987 2294 2076 2338 quod

1133 2337 1193 2373 tibi
1217 2338 1405 2381 responsum
1430 2338 1498 2379 est,
1522 2341 1674 2376 noverint
1698 2342 1753 2376 sibi
1773 2345 1834 2378 effe
1856 2346 2042 2388 responsum
2070 2371 2078 2377 .

1132 2387 1185 2421 De
1202 2396 1340 2428 caetero,
1363 2386 1510 2432 Fratres,
1536 2401 1595 2423 vos
1605 2394 1890 2432 commonefacio,
1913 2406 2018 2438 rogo,
2043 2396 2077 2439 ὃς

1131 2436 1284 2478 obsecro,
1313 2448 1349 2472 ut
1367 2449 1426 2472 vos
1448 2449 1516 2472 non
1547 2440 1691 2482 separent
1712 2441 1901 2480 schismata,
1927 2454 1986 2476 nec
2020 2444 2076 2477 ob-

1132 2486 1281 2521 nubilent
1301 2487 1500 2530 simultates,
1520 2486 1583 2523 'sed
1611 2490 1649 2523 fit
1672 2489 1768 2524 vobis
1792 2492 1825 2523 in
1849 2491 2001 2526 Domino
2021 2503 2078 2526 cor

1131 2547 1233 2572 unum
1255 2537 1407 2572 &anima
1430 2549 1512 2571 una.
1540 2537 1584 2575 Et
1595 2538 1869 2574 audiamusillum
1883 2540 2032 2583 quidicit
2063 2556 2071 2574 :

1132 2589 1191 2621 Pro
1219 2586 1336 2628 justitia
1367 2592 1527 2630 agonizare
1548 2594 1605 2628 pro
1627 2593 1730 2622 anima
1754 2598 1827 2630 tua,
1869 2592 1904 2624 Θ·
1924 2590 2014 2634 usque
2036 2592 2085 2624 ad*

1130 2645 1252 2671 mortem
1271 2646 1352 2669 certa
1373 2644 1430 2677 pro
1442 2635 1581 2677 justitia.
1610 2640 1655 2670 Et
1673 2641 1752 2671 Deus
1773 2640 1957 2683 expugnabit
1963 2649 2020 2681 pro
2047 2650 2076 2674 te

1130 2692 1262 2720 immicor
1274 2697 1336 2720 tuos
1353 2710 1360 2717 .
1387 2684 1468 2719 Non
1492 2685 1825 2724 obliviscamurillum
1836 2689 2013 2724 districium
2026 2691 2079 2733 Ju-

1131 2737 1236 2771 dicem
1250 2760 1259 2775 ,
1286 2745 1362 2769 ante
1374 2734 1465 2780 cujus
1475 2734 1844 2774 Tribunalconstitutos
1856 2740 1921 2773 sola
1934 2751 1994 2778 nos
2025 2750 2077 2773 vc-

1131 2787 1207 2822 ritas
1234 2783 1389 2828 judicabit
1409 2808 1420 2825 ,
1457 2795 1571 2820 amoto
1603 2786 1721 2822 timore
1755 2789 1787 2822 δε
1818 2789 1936 2824 fiducia
1967 2792 2075 2824 omnis

1132 2847 1263 2874 terrenae
1283 2834 1451 2882 potestatis
1478 2860 1485 2867 .
1525 2835 1643 2872 Valeat
1665 2838 1701 2871 in
1731 2839 1887 2885 Domino
1918 2840 2075 2875 San-{titas

1133 2887 1231 2921 vestra
1244 2910 1251 2917 .

1292 2983 1698 3022 EPISTOLA
1799 2989 1913 3025 CIX.

1236 3087 1268 3130 J
1270 3096 1379 3118 oannes
1402 3085 1624 3129 saresberienfis
1642 3087 1783 3130 Magistro
1799 3087 1957 3131 Radulpbo

1507 3141 1605 3180 Nigro
1616 3162 1626 3178 ‚
1651 3138 1706 3171 &a

1213 3233 1578 3269 XCUSATIONEM
1592 3260 1602 3275 ‚
1628 3248 1691 3281 qua
1711 3237 1958 3277 diuturnitatem
1975 3235 2074 3271 silen-

1238 3283 1276 3317 tii
1295 3294 1428 3326 purgare
1441 3285 1625 3333 studuistis,
1651 3287 1728 3320 ficut
1748 3286 1922 3329 probabilis
1937 3286 2003 3327 esi,
2028 3287 2074 3322 ita

1136 3334 1304 3377 probatam
1327 3331 1457 3374 habeo,
1483 3335 1586 3373 sciens
1611 3336 1791 3369 Dilectioni
1823 3335 1929 3369 vestrae
1958 3346 2075 3378 nequa-

1136 3384 1233 3428 quam
1270 3380 1480 3427 diligentiam
1511 3384 1644 3420 defuisse
1678 3408 1689 3422 ,
1733 3383 1788 3417 sed
1823 3384 1879 3430 ipsi
1898 3384 2078 3429 diligentiae

1662 3431 1691 3466 L
1742 3443 1762 3480 3
1962 3444 2030 3477 non
