2358 3776
377 169 440 216 82

463 299 874 337 EPISTOLA
926 298 1087 335 XXXIV.

331 403 486 441 Thomas
504 401 741 438 Cantuarienfis
761 398 1059 443 Archi-Episcopus
1072 399 1222 436 Roberto

605 451 733 486 Comiti
747 448 926 484 Leicestriae
939 473 946 481 .

305 555 434 590 'thomas
449 558 506 587 Dei
513 558 616 597 gratia
628 549 848 592 Cantuarienfis
860 548 993 590 Ecclefiae
1006 549 1142 590 Minister
1154 550 1246 583 humi-

312 624 315 626 ·
363 607 404 639 lis
415 629 426 645 ,
454 600 564 636 Dilea'o
576 609 609 634 in
621 601 735 640 chrisio
746 601 828 634 Filio
837 625 848 641 ‚
875 601 909 632 (01
934 603 1031 632 Amico
1044 624 1054 639 ,
1080 601 1187 633 Nobili

424 660 490 687 viro
501 652 627 686 Rabereo
647 656 756 684 Comm
783 648 946 688 Leicestme
957 673 968 690 ,
991 647 1121 694 salutem

619 713 686 736 cum
697 699 906 735 Benedic‘ltone
918 722 926 730 .

303 803 593 888 EXspectabam
604 802 712 837 literas
723 799 960 835 consolationis
975 810 1036 835 tuae
1046 825 1058 841 ,
1075 800 1242 845 tamquam

409 855 506 899 amici
517 853 664 888 cariffimi
677 876 688 891 ‚
708 849 799 884 verba
813 849 1061 894 satisfactionis,
1074 852 1243 895 tamquam

302 905 498 940 devotissimi
513 902 656 939 Ecclefiae
678 901 738 934 filii
760 923 770 940 ‚
797 899 830 933 &
851 899 924 935 vere
943 897 1152 944 poenit'entis.
1180 900 1243 935 Sed
1270 910 1274 914 ‘

299 957 378 999 quia
391 966 496 998 neque
507 954 598 988 litera
611 949 873 987 consolationem
885 952 1043 992 nunciat,
1070 963 1132 987 nec
1148 951 1245 986 verba

296 1005 549 1044 satisfastionem
561 1002 724 1037 insinuant
739 1023 749 1039 ‚
775 1000 890 1034 affeetu
902 1011 1041 1045 paterno
1054 1002 1176 1037 reduco
1199 1001 1244 1034 ti-

303 1054 337 1089 bi
347 1055 500 1088 delictum
511 1064 605 1088 tuum
618 1052 656 1086 ad
671 1051 818 1084 animum
829 1074 841 1091 ,
868 1060 905 1085 ut
916 1051 1018 1085 velfic
1033 1051 1170 1086 immissa
1183 1051 1243 1085 tibi

302 1103 404 1137 aDeo
415 1103 607 1146 poenitentia
620 1125 630 1141 ,
656 1100 842 1135 excutiatur
852 1100 871 1134 a
885 1110 917 1134 te
938 1101 1111 1135 satisfactio
1122 1102 1162 1135 ad
1177 1101 1247 1135 ani-

297 1164 358 1187 mae
379 1153 549 1188 conferens
571 1152 707 1185 salutem
731 1174 742 1190 ,
768 1160 866 1192 quam
890 1174 902 1190 ,
937 1150 1019 1184 teste
1039 1151 1243 1185 conscientia

298 1215 373 1238 mea
385 1215 494 1238 coram
506 1203 581 1237 Deo
594 1202 712 1244 loquor
724 1224 735 1240 ,
761 1210 843 1243 opto
855 1199 916 1234 tibi
931 1201 1048 1243 pariter
1062 1212 1097 1234 ut
1106 1202 1139 1236 ἀ
1154 1198 1242 1235 mihi.

296 1254 411 1288 Habet
432 1263 533 1288 mater
553 1262 608 1286 tua
626 1250 867 1286 Cantuariensis
898 1250 1040 1285 Ecclesia
1073 1251 1244 1286 affectione

299 1314 445 1338 materna
467 1303 558 1345 queri
579 1302 619 1336 de
631 1312 663 1336 te
675 1325 686 1341 ,
713 1301 744 1334 &
755 1311 830 1334 curn
845 1299 1053 1345 Principibus
1064 1302 1127 1336 tuis
1140 1327 1147 1333 .
1176 1302 1244 1335 Ha·

298 1353 361 1388 beo
374 1355 408 1389 ὅ(
426 1365 488 1398 ego
502 1353 599 1387 Pater
611 1361 685 1386 tuus
700 1351 734 1385 iu
747 1347 881 1384 Christo
892 1376 901 1390 ,
925 1352 1057 1394 sponsus
1070 1353 1158 1386 illius
1168 1363 1242 1394 qua-

297 1404 497 1448 liscumque.
525 1402 660 1443 Primo,
685 1401 726 1435 de
738 1399 827 1434 illata
843 1400 938 1435 nobis
961 1402 1095 1445 injuria.
1125 1403 1242 1436 Secun-

295 1454 363 1494 do,
389 1453 430 1487 de
442 1464 509 1486 non
528 1462 697 1487 revocata.
728 1449 846 1485 Tertio
859 1475 871 1492 ,
896 1451 937 1486 de
960 1452 1155 1496 poenitentia
1173 1463 1241 1486 mo-

295 1504 381 1537 rosa.
409 1501 510 1536 Forte
520 1501 908 1544 dissimulatisinjuriam,
935 1514 1002 1536 non
1025 1502 1240 1538 revocatisil-

293 1554 392 1587 latam
405 1576 416 1592 ‚
442 1551 475 1584 &
487 1551 576 1594 quod
590 1550 799 1595 periculosius
807 1551 854 1586 est
867 1576 877 1591 ,
905 1552 994 1587 unde
1004 1553 1109 1598 magis
1120 1553 1240 1591 doleo,

294 1601 415 1636 tardius
445 1601 543 1644 quam
563 1612 714 1645 oporteat
738 1600 892 1636 acceditis
912 1603 953 1637 ad
979 1602 1207 1647 poenitentiam
1229 1628 1240 1643 ,

294 1654 358 1686 stne
369 1663 432 1695 qua
445 1662 543 1686 nemo
554 1661 676 1685 nocens
687 1650 869 1685 absolvitur
883 1677 891 1684 .
918 1651 1048 1696 Rejesta
1063 1653 1153 1687 filiali
1169 1654 1242 1696 pie-
1255 1654 1259 1710 ᾗ

293 1713 359 1737 tate
370 1701 453 1736 itum
465 1701 555 1734 estin
567 1700 684 1733 viscera
704 1699 853 1732 Matrisa
874 1700 970 1739 filiis,
1000 1703 1094 1735 nullo
1122 1702 1239 1736 habito

293 1752 507 1788 humanitatis
518 1750 663 1790 intuitu,
690 1749 792 1792 spreta
816 1749 917 1784 etiam
937 1751 1117 1784 reverentia
1139 1762 1177 1783 ac
1189 1747 1257 1783 ‹ie-i

294 1803 432 1838 votione
446 1825 458 1842 ,
483 1810 546 1845 qua
557 1798 710 1834 Patribus
721 1809 874 1834 tenentur
884 1798 967 1839 filii,
977 1808 1090 1834 contra
1103 1802 1238 1834 omnem
1252 1781 1256 1810 ἰ

291 1854 369 1898 juris
382 1854 524 1887 formam
535 1875 546 1891 ,
571 1860 687 1885 contra
700 1860 834 1884 ornnem
852 1847 1109 1884 Ecclefiasticam
1121 1849 1237 1884 autho-
1253 1843 1255 1883 !

296 1906 424 1939 ritatem
440 1925 450 1941 ‚
473 1909 586 1936 contra
608 1899 707 1934 etiam
733 1901 815 1944 ipsas
839 1900 908 1934 suas
927 1899 1023 1943 ipsius
1038 1900 1148 1945 Regni
1161 1886 1256 1939 con-l

295 1954 503 1993 suetudines,
530 1962 609 1995 quas
619 1950 734 1985 dicunt
748 1951 889 1990 Avitas,
917 1961 1051 1993 quarum
1067 1949 1255 1985 occasione'

295 2003 473 2050 perniciosa
490 2001 618 2037 turbata
631 2000 705 2034 sunt
725 2000 861 2042 o·mnia;
888 2000 1239 2043 quarumjncommo-

294 2053 454 2090 ditatibus
465 2051 617 2085 concussa
630 2051 676 2085 est
687 2048 810 2084 duriter
821 2073 832 2089 ,
857 2050 890 2083 δι
903 2048 945 2083 ad
957 2054 1085 2093 temp‘us
1096 2049 1237 2093 depressa

296 2104 424 2139 libertas
438 2101 602 2142 Ecclesiae,
628 2112 697 2145 quaa
707 2111 761 2144 per
773 2100 837 2134 Dei
850 2099 987 2144 gratiam
1010 2100 1239 2145 nulliusinge·

299 2156 358 2189 nio
370 2154 489 2198 poterit
502 2152 645 2186 convelli
664 2163 674 2193 ·,
700 2161 835 2195 quatum
859 2149 1018 2195 angustiis
1038 2147 1171 2183 Chrislo
1193 2152 1239 2185 in-

297 2204 435 2241 ferendo
458 2201 609 2245 injuriam
631 2212 684 2246 per
705 2200 917 2244 dispendium
942 2199 1093 2234 Ecclesia:
1115 2201 1179 2233 itur
1203 2201 1237 2233 in

298 2255 445 2290 ruinam.
473 2250 624 2287 Detracta
647 2252 721 2286 sunt
746 2251 848 2293 spolia
873 2249 998 2289 Patris,
1033 2248 1238 2292 judicatus&

297 2305 536 2339 condemnatus
546 2302 591 2337 est
604 2300 704 2336 Pater
718 2301 736 2334 a
748 2299 824 2333 filiis
836 2324 847 2340 ‚
872 2300 906 2334 ἀ
917 2311 994 2334 cum
1007 2299 1129 2342 iniquis
1142 2299 1241 2343 depu-

300 2365 386 2390 tatus
410 2379 418 2386 .
449 2351 549 2386 Estne
569 2351 719 2385 auditum
741 2350 760 2383 a
781 2350 897 2385 saeculo
917 2373 928 2389 ,
953 2350 1042 2395 quod
1067 2352 1173 2385 adium
1193 2350 1255 2397 est·

298 2404 498 2448 temporibus
520 2402 588 2437 istis
609 2403 643 2435 in
667 2411 748 2435 terra
768 2400 852 2434 issa?
876 2400 1148 2435 cantuariensem
1161 2400 1255 2443 judi-¹

298 2456 385 2496 cari,
411 2452 621 2488 condemnari
635 2476 657 2492 ,-
673 2451 748 2495 cogi
761 2450 800 2484 ad
815 2451 1024 2494 praestandam
1038 2450 1113 2485 fidei
1132 2451 1240 2493 juffio-

298 2517 373 2541 nem
389 2528 401 2544 ,
423 2514 519 2547 quem
530 2502 564 2537 ὅ(
580 2498 759 2546 aliquando
770 2501 984 2546 proscriptum
998 2499 1114 2544 injuste
1125 2501 1239 2534 divina

296 2554 474 2590 declaravit
488 2552 647 2587 sententia
658 2575 667 2583 .
694 2550 835 2586 Tradita
847 2551 892 2585 est
901 2551 1009 2585 revera
1019 2561 1102 2584 terra
1126 2550 1159 2583 in
1174 2554 1253 2600 [ιη-ἦ

299 2618 361 2641 nus
373 2606 548 2647 impiorum
560 2627 571 2643 ,
597 2612 738 2645 quorum
751 2599 898 2636 nondum
911 2598 1072 2643 completa
1091 2600 1254 2646 est-mali-3

301 2657 346 2691 tia
364 2681 370 2687 .
397 2654 576 2688 Commissa
596 2651 641 2685 est
665 2652 755 2685 enim
778 2652 825 2686 eis
837 2651 929 2695 virga
941 2650 1037 2684 Astur
1051 2674 1061 2690 ,
1088 2651 1178 2695 virga
1190 2647 1254 2706 fu'i

301 2706 382 2741 roris
394 2706 554 2742 Domini,
571 2703 604 2737 in
617 2701 859 2744 correptionem
870 2701 904 2734 &
916 2701 1154 2736 coercitionem
1166 2699 1253 2735 Cle-i

300 2758 443 2791 ricorum
457 2779 468 2794 ,
493 2753 583 2798 cujus
601 2751 732 2796 quoque
753 2751 887 2793 expleto
906 2751 1021 2784 officio
1034 2775 1045 2791 ‚
1071 2750 1236 2794 quodiam

303 2819 357 2852 per
379 2804 634 2840 misericordiam
655 2801 721 2836 Dei
746 2801 833 2844 quafi
847 2799 1007 2835 inlimine
1024 2825 1034 2841 ‚
1061 2801 1237 2835 verendum

304 2856 373 2895 est,
409 2855 449 2888 rte
464 2880 474 2895 ,
511 2854 599 2899 quod
622 2852 725 2892 abfit,
750 2850 795 2884 ira
818 2850 961 2885 Domini
985 2851 1016 2884 in
1037 2852 1254 2907 contrarium⁵

305 2904 481 2944 conversa,
506 2906 615 2938 furore
637 2902 732 2946 ipfius
751 2900 882 2946 gravius
904 2901 1044 2936 accenso
1058 2902 1091 2935 in
1105 2902 1255 2964 suamssq

302 2958 438 2991 ‘suorum
450 2953 610 2989 ultionem
633 2951 777 2996 injuria,
802 2962 949 2984 conterat
974 2952 1041 2994 ipse
1072 2952 1255 2986 Dominus·

306 3008 341 3041 &
359 3002 520 3047 disperdat
544 3003 730 3038 decivitate
750 3001 804 3035 sua
815 3011 949 3034 omnem
971 3012 1162 3043 operantem
1175 3003 1242 3036 ini-

305 3057 488 3100 quitatem,
515 3053 630 3098 pariter
640 3054 874 3098 juvenemcum
887 3051 979 3084 sene.
1008 3050 1081 3084 Nec
1102 3050 1242 3086 mirum.

307 3106 389 3140 Non
403 3105 491 3138 enim
512 3104 556 3138 est
578 3101 643 3139 hoc
658 3099 978 3145 temporequifaciat
1000 3099 1148 3142 bonum,
1176 3113 1242 3135 non

305 3157 353 3192 est
375 3156 475 3196 usque
495 3154 536 3189 ad
559 3164 662 3188 unum
676 3177 683 3185 .
709 3153 797 3200 Qis
818 3151 961 3194 unquam
984 3150 1110 3184 Patrem
1124 3153 1244 3185 &Ma-

309 3215 391 3240 trem
414 3203 533 3239 afflixit
554 3202 788 3242 contumeliis,
815 3199 940 3243 injuriis
959 3200 1069 3234 affecit
1082 3225 1092 3240 ,
1118 3200 1245 3236 addixit

309 3255 435 3299 poenis,
460 3255 493 3288 &
517 3265 585 3288 non
609 3250 770 3286 inciditin
791 3248 1000 3285 maledictum
1032 3274 1042 3289 ‚
1069 3251 1158 3293 quod
1177 3263 1243 3294 pro-

313 3304 398 3338 ceffit
407 3304 448 3339 de
457 3315 515 3338 ore
527 3302 682 3337 Altiffimi
696 3303 708 3335 ?
733 3302 798 3344 ,Qut
808 3301 1000 3334 maledixerit
1016 3302 1104 3332 Pam
1115 3310 1168 3333 aut
1182 3304 1245 3334 Ma-

316 3356 380 3391 tri,
401 3352 435 3391 fit
446 3353 506 3396 ipse
517 3352 712 3387 maledu‘lus.
741 3350 820 3384 Etsi
842 3347 910 3384 haec
932 3349 1093 3384 maledicti
1116 3361 1209 3394 poena
1238 3365 1262 3403 ,l

308 3411 357 3434 <an
373 3410 440 3431 non
460 3403 518 3434 erit
541 3400 699 3436 malefaffi
719 3400 880 3435 severior?
907 3399 977 3434 Erit
999 3399 1132 3443 utique.
1161 3401 1248 3435 Con-

318 3447 592 3493 vertiminiergo,
618 3449 883 3485 filiidileaiffimi
898 3475 909 3491 ‚
934 3450 1070 3484 celerem
1093 3450 1248 3494 agitepoe-

319 3496 511 3539 nitentiam,
539 3498 600 3540 ne,
625 3500 713 3543 quod
725 3498 827 3542 absit,
854 3499 939 3536 uhic
950 3499 1082 3542 divina,
1111 3501 1252 3545 quaejam

1252 2032 1255 2066 l
1314 2071 1316 2073 ,

998 158 1551 215 EPISTOLAE

1311 247 1547 294 injanuisest,
1576 252 1672 287 irruat
1686 251 1777 298 super
1803 249 1892 289 filios
1915 253 2043 290 vestros.
2080 255 2259 292 Exciditne
2289 251 2294 255 ’

1309 300 1494 337 &memoria
1519 301 1641 343 vestra,
1668 304 1756 347 quod
1780 303 1862 338 dicit
1885 303 2037 346 scriptura
2058 308 2071 340 ?
2108 301 2197 342 lbut'u
2218 314 2250 341 in

1310 359 1583 387 exterminationem
1602 353 1730 397 usquein
1749 360 1870 387 tertiam
1881 356 1915 388 (5
1931 362 2072 397 quartam
2079 364 2247 399 generatio-

1311 413 1375 434 nem
1388 427 1396 441 ,
1424 411 1475 446 qul
1486 403 1660 438 baereditate
1672 414 1809 448 quaerunt
1817 403 2024 447 sanequatium
2035 408 2094 438 Dei
2100 409 2247 447 peffldere.

1311 451 1456 487 Christus
1467 455 1555 488 enim
1569 454 1718 489 fundavit
1744 455 1940 494 Ecclesiam,
1965 454 2061 498 eique
2085 466 2252 499 compara-

1311 501 1549 538 vitlibertatem
1583 506 1740 550 sanguine
1764 506 1913 549 proprio.
1940 505 2025 554 Qis
2045 503 2125 551 ergo
2136 505 2181 540 est
2194 508 2251 551 qui

1312 549 1406 594 hujus
1421 555 1613 590 commercii
1627 555 1767 599 pretium
1778 555 1922 601 redigere
1945 557 2062 599 quaerat
2075 557 2108 589 in
2122 556 2254 590 servitu-

1311 612 1398 643 tem,
1423 603 1565 646 judicare
1575 606 1718 641 alienum
1731 606 1881 640 servum?
1907 606 2059 640 Domino
2071 606 2129 639 suo
2139 606 2253 641 cadere

1311 651 1427 693 debet,
1456 664 1510 688 aut
1535 654 1632 690 stare.
1660 657 1694 690 Si
1720 655 1795 689 vero
1819 653 1898 690 huic
1916 655 2056 696 morbo,
2094 655 2135 689 ne
2147 657 2253 692 veniat

1312 700 1344 734 in
1368 713 1466 747 gente
1490 706 1692 747 periculum,
1719 706 1839 749 cupitis
1867 705 2036 740 subvenire
2055 729 2066 744 ,
2090 706 2254 740 occurrite

1311 752 1428 785 animae
1441 753 1546 788 vestrae
1560 756 1702 798 periculo
1713 781 1725 798 ,
1738 756 1834 790 saluti
1844 756 1943 790 etiam
1954 755 2151 790 Sereniffimi
2164 755 2253 790 Prin·

1310 799 1393 845 cipis
1405 803 1542 839 vestri&
1556 805 1697 840 Domini
1709 806 1873 841 consulite
1886 831 1894 839 .
1919 804 2029 841 Vobis
2049 807 2156 840 forsan
2170 814 2251 852 qua·

1311 853 1507 888 rentibus'de
1521 855 1732 891 subveniendi
1758 855 1882 897 modo,
1907 857 2086 900 respondeo
2106 856 2191 890 certe
2202 850 2252 890 sai-

1309 901 1370 937 luti
1385 903 1544 947 Principis
1553 903 1588 939 &
1600 906 1706 940 vestrae
1719 908 1792 941 satis
1801 907 1837 941 δε
1856 906 2030 950 prudenter
2045 906 2108 940 effe
2121 906 2253 941 consul-

1310 962 1402 993 tum,
1419 953 1441 986 fi
1463 965 1539 988 curn
1561 955 1682 990 humili
1706 956 1922 1000 poenirentia,
1950 968 2026 990 cum
2047 957 2253 1000 supplieivsav

1310 1003 1495 1038 tisfastione
1514 1007 1673 1040 recefferit
1697 1007 1739 1040 ab
1763 1005 1878 1047 injuria
1889 1004 2012 1040 Christi
2032 1006 2066 1040 ἀ
2081 1006 2250 1041 Ecclestae.

1307 1044 1461 1087 suntista
1472 1053 1621 1090 decentia
1644 1055 1853 1099 Principem,
1879 1056 1952 1089 sunt
1974 1056 2008 1090 ἀ
2027 1056 2254 1099 comparantia

1307 1104 1445 1146 gratiam
1470 1104 1627 1139 Divinam
1645 1131 1655 1146 ‚
1681 1107 1756 1138 sunt
1779 1105 2052 1139 &conservantia
2075 1105 2132 1139 sibi
2146 1105 2252 1140 hono-

1308 1154 1418 1187 rem&
1429 1155 1637 1198 generationi
1651 1156 1710 1188 suae
1726 1179 1732 1186 .
1758 1156 1842 1189 Sunt
1853 1154 1888 1189 dc
1902 1152 1998 1188 verba
2019 1153 2078 1188 ista
2088 1155 2183 1197 plena
2194 1153 2255 1189 hu4

1308 1203 1481 1244 militatis,
1517 1205 1550 1238 ὃς
1577 1229 1588 1245 ,
1616 1216 1653 1238 ut
1678 1204 1836 1244 arbitror,
1862 1204 1994 1238 affestus
2013 1203 2080 1247 ejus
2101 1227 2112 1244 ,
2152 1215 2252 1248 quem

1308 1253 1394 1298 Regi
1411 1255 1468 1287 suo
1480 1254 1576 1288 debet
1588 1254 1742 1289 Sacerdos
1753 1280 1762 1297 ‚
1792 1252 1911 1289 tiriacus
1922 1255 1962 1288 de
1974 1252 2104 1298 proprio
2114 1253 2148 1287 ἀ
2163 1254 2255 1288 Prin·

1307 1304 1387 1347 cipis
1405 1305 1451 1337 sui
1465 1305 1611 1347 periculo
1623 1330 1634 1344 ‚
1661 1316 1778 1348 optans
1793 1304 1821 1338 ei
1835 1305 1970 1339 salutem
1984 1328 1995 1344 ,
2022 1314 2120 1347 quarn
2132 1304 2252 1342 &fibi,

1307 1364 1375 1387 tum
1390 1354 1515 1389 ratione
1537 1355 1708 1396 beneficii,
1735 1366 1806 1389 tum
1828 1354 1930 1389 officii
1953 1354 2152 1388 neceffitate.
2174 1354 2253 1389 ‚Va-

1307 1404 1388 1438 lete.
1623 1427 1626 1430 >

1357 1454 1513 1490 Praeterea
1535 1454 1689 1489 Nuncios
1714 1455 1839 1489 nostros
1857 1479 1868 1494 ,
1893 1455 1916 1488 fi
1939 1453 2043 1498 placet
2064 1479 2092 1495 ,.
2109 1451 2255 1498 benigni

1307 1503 1453 1547 suscipe,
1479 1505 1554 1539 audi
1589 1504 1764 1550 benignius
1785 1529 1797 1546 ,
1833 1505 1868 1540 &
1889 1515 1965 1538 cum
1988 1504 2060 1549 ipsis
2081 1504 2256 1548 negotium

1308 1555 1374 1588 Dei
1389 1554 1423 1588 &
1438 1553 1587 1589 Ecclesiae¹
1599 1557 1659 1589 suae
1672 1558 1704 1589 in
1719 1555 1937 1590 remiffionem
1962 1563 2170 1598 peccatorum
2181 1565 2255 1588 tuo-

1306 1614 1377 1637 rum
1394 1628 1404 1642 ,
1431 1605 1592 1648 quatenus
1613 1605 1831 1648 opportunius
1854 1605 1887 1639 se
1899 1604 1960 1639 tibi
1975 1603 2131 1639 obtulerit
2153 1627 2166 1644 ,
2189 1602 2254 1637 effi·

1308 1654 1419 1689 cacius
1432 1664 1609 1698 promove.
1634 1655 1754 1688 Valere
1767 1655 1904 1694 iterum,
1925 1655 1962 1687 ,δι
1974 1655 2117 1696 semper.
2214 1659 2216 1661 ’

1479 1752 1508 1784 ε
1535 1753 1563 1784 1>
1590 1753 1605 1784 1
1633 1753 1654 1784 s
1679 1754 1716 1785 T
1740 1754 1774 1785 o
1799 1753 1830 1785 L
1857 1751 1888 1784 A
1940 1750 2095 1785 xxxv..
2126 1727 2253 1796 :sljtssssm

1381 1834 1499 1885 Tbomae
1526 1848 1738 1890 Cantauriensi
1760 1847 2007 1892 Archi-Episcopo
2033 1829 2224 1894 Ioannem-¹¹

1518 1948 1521 1952 .
1577 1899 1776 1942 Pillavienfis
1803 1897 1982 1944 Episcopus.

1377 2001 1713 2038 ATERNlTATls
1737 2002 1843 2036 vestrae
1863 2000 1993 2042 literas,
2019 2012 2098 2046 quas
2121 2001 2253 2037 novissi-

1394 2050 1704 2088 ‘memphis-attulit
1732 2048 1828 2087 frater
1848 2051 1985 2091 Simon,
2010 2053 2130 2087 devote
2146 2052 2249 2087 starci-

1305 2104 1429 2145 pientes
1442 2101 1582 2136 multum
1593 2103 1830 2137 consolationis
1851 2114 1893 2140 ex
1917 2103 1989 2146 ipfis
2013 2103 2214 2146 percepimus
2237 2125 2247 2134 .

1303 2153 1395 2199 Qas
1408 2152 1507 2199 eriam
1518 2154 1604 2196 quasi
1617 2154 1784 2197 quoddam
1811 2151 1990 2187 remedium
2013 2163 2151 2194 eorum,
2173 2163 2246 2197 quae

1303 2212 1418 2235 contra
1433 2211 1550 2236 votum
1563 2204 1710 2237 nostrum
1722 2202 1817 2237 nobis
1828 2201 2043 2245 praenuiac'nta
2051 2204 2165 2242 orani-2,
2178 2201 2249 2238 1121-

1303 2251 1452 2285 buimus.
1479 2249 1644 2297 Congruo
1667 2253 1799 2296 quoque
1819 2252 1897 2286 loco
1919 2243 2251 2288 literuvesteast'nk-

1302 2301 1493 2340 solationi53
1523 2302 1733 2337 cenomanni
1747 2301 1893 2342 scilicet,
1919 2303 2073 2345 prasente
2093 2302 2249 2337 Dmni'ob

1301 2351 1389 2385 illius
1405 2351 1516 2390 Sedis,
1541 2353 1741 2394 recepimus.
1770 2351 1882 2397 Qi&
1895 2351 1951 2384 ille
1974 2353 2023 2384 vir
2036 2351 2249 2392 catholicus,

1300 2402 1407 2435 sanstae
1420 2400 1566 2434 Ecclefiae
1582 2400 1791 2436 tribulationi
1806 2400 2030 2442 compatiens,
2061 2411 2102 2433 ex
2124 2402 2248 2445 'effidem

1300 2451 1400 2485 literis
1412 2452 1561 2485 animum
1573 2475 1584 2490 ‚
1609 2463 1649 2485 ex
1662 2450 1794 2484 sinistris
1806 2450 2032 2492 praenuncians
2051 2461 2117 2483 non
2141 2450 2247 2485 modi·

1301 2501 1338 2535 ce
1359 2500 1540 2543 afflictum,
1565 2502 1753 2535 consolatus
1774 2500 1821 2534 est
1842 2524 1849 2531 .
1888 2499 1984 2542 Spem
2007 2501 2133 2534 etenim
2152 2499 2249 2534 nobis

1302 2550 1561 2596 indeconcipere
1582 2551 1658 2586 licet
1672 2575 1682 2591 ,
1704 2549 1792 2596 quod
1814 2549 1836 2582 sl
1861 2559 1933 2582 vera
1944 2549 2040 2589 sunt,
2076 2557 2248 2593 quaenunc

1301 2611 1552 2645 proponuntur,
1580 2601 1759 2644 Imperator
1774 2598 1852 2638 ille,
1878 2598 2024 2642 pluribus
2034 2608 2216 2642 occupatus
2237 2620 2250 2638 ,

1299 2652 1467 2695 tyrannidi
1484 2652 1544 2685 suae
1556 2653 1589 2685 in
1606 2651 1780 2685 Ecclesiam
1803 2647 1988 2683 exercendae
2010 2648 2250 2684 minus-vacare

1302 2701 1438 2745 poterit.
1467 2701 1522 2734 Est
1534 2712 1644 2736 autem
1653 2701 1745 2745 super
1758 2711 1830 2743 quov
1839 2698 1992 2732 miramur
2003 2721 2014 2737 ‚
2027 2697 2128 2733 literis
2139 2699 2250 2734 vostris

1302 2763 1367 2785 non
1377 2752 1474 2785 fuisse
1484 2753 1665 2795 expressum
1678 2777 1688 2792 ,
1714 2750 1792 2792 quid
1805 2750 1912 2783 astum
1923 2749 2002 2782 sitin
2034 2748 2207 2794 colloquio
2226 2755 2246 2789 ·,³

1301 2801 1389 2845 quod
1414 2802 1582 2836 Dominus
1603 2801 1674 2835 Rex
1696 2801 1894 2834 Francorum
1917 2798 2111 2832 Altisiodori
2129 2798 2247 2833 habuit

1304 2855 1335 2885 in
1349 2851 1484 2886 oetavis
1499 2851 1752 2895 Apostolorum.
1781 2848 1979 2883 consultum
2003 2847 2190 2883 veronobis
2203 2847 2247 2883 vi,-

1301 2902 1396 2936 detur
1412 2925 1423 2941 ,
1446 2902 1535 2945 quod
1548 2900 1723 2939 beneficia,
1750 2910 1818 2943 quae
1839 2898 1924 2932 idem
1946 2898 2021 2932 Rex
2043 2900 2245 2933 Francorum

1303 2951 1471 2986 &Comes
1482 2952 1647 2986 Henricus
1669 2948 1761 2984 vobis
1785 2947 1937 2982 obtulisse
1958 2949 2112 2982 dicuntur
2134 2974 2144 2989 ‚
2171 2949 2248 2982 reci-

1304 3001 1420 3046 peretis
1432 3026 1442 3041 ‚
1469 3002 1588 3046 quibus
1600 2998 1775 3044 patientius
1791 2998 1927 3034 exilium
1952 2998 2089 3032 vestrum
2103 3024 2112 3039 ,
2136 2998 2247 3032 donoc

1305 3052 1473 3086 Dominus
1484 3052 1524 3086 ad
1537 3051 1662 3095 propria
1675 3048 1766 3082 vobis
1780 3048 1918 3082 reditum
1942 3047 2060 3091 pararit
2072 3074 2083 3090 ,
2109 3050 2246 3092 support*

1304 3112 1370 3135 tare
1382 3102 1503 3145 poffitis
1522 3126 1529 3134 .
1544 3120 1547 3125 -
1560 3100 1725 3134 Dominus
1749 3099 1850 3132 etiam
1875 3098 1948 3131 Rex
1971 3097 2135 3141 praedictus
2152 3099 2248 3132 secre-

1304 3153 1409 3186 tius&
1422 3152 1559 3186 securius
1570 3149 1703 3185 confilia
1717 3150 1766 3182 sua
1781 3148 1969 3182 discretioni
1992 3148 2098 3182 vestrae
2117 3144 2250 3186 concre-

1304 3202 1392 3235 deret
1406 3226 1416 3241 ‚
1443 3203 1464 3235 si
1489 3212 1555 3244 quo
1577 3199 1739 3234 beneficio
1763 3209 1820 3232 vos
1831 3195 2252 3243 sibiobligatiorem&oh·

1306 3252 1477 3285 noxiorem
1491 3253 1640 3293 speraret.
1667 3247 1772 3283 ssd&
1795 3248 1902 3283 multo
1927 3247 2099 3282 sollicitior
2120 3248 2210 3281 fieret
2236 3270 2248 3286 ,

1309 3312 1343 3335 ut
1357 3301 1449 3336 vobis
1459 3326 1469 3342 ,
1498 3310 1633 3333 vacante
1646 3299 1758 3341 aliquo
1773 3298 1965 3341 Episcopatu
1979 3298 2027 3331 vel
2039 3296 2246 3340 Archi-Epis-

1308 3362 1458 3394 copatu1,
1494 3350 1527 3383 in
1551 3348 1713 3383 redituum
1737 3348 1945 3391 perceptione
1968 3347 2150 3390 provideret
2174 3363 2184 3386 ,
2223 3346 2245 3377 si
2277 3352 2280 3355 ·

1309 3401 1387 3444 quid
1409 3402 1450 3434 de
1473 3399 1638 3433 Dominio
1665 3400 1721 3431 suo
1745 3399 1776 3430 in
1791 3399 1862 3431 usus
1882 3397 2002 3431 vestros
2021 3395 2210 3431 contulisset
2241 3419 2252 3435 ,

1312 3461 1349 3483 ut
1371 3453 1411 3485 fic
1435 3451 1562 3494 propria
1586 3449 1640 3483 sua
1658 3448 1699 3482 ad
1723 3449 1753 3481 se
1775 3448 1932 3482 redirent.
1961 3446 2099 3481 Necesse
2118 3445 2252 3488 quidem

1313 3499 1438 3537 habetis
1460 3524 1472 3545 ‚
1509 3498 1688 3535 secundum
1707 3499 1796 3543 quod
1821 3498 1953 3541 praese-ns
1972 3495 2123 3542 temporis
2155 3495 2254 3579 sthatus

2127 3557 2166 3578 VO
2196 3556 2220 3578 iS
