2358 3776
272 171 311 218 s.
383 162 765 213 THOMAE
835 152 1738 205 CANTuARIENsrs
1879 172 1936 216 25

73 268 123 294 ter
132 260 242 290 contra
253 249 357 286 Archi
372 248 568 283 -Praesulem
594 246 667 280 Rex
692 243 760 286 ipse
771 241 951 285 scripserit,
977 240 1012 274 &
1071 240 1243 279 affectum,
1269 234 1490 279 lachrymatus
1506 234 1550 269 est
1572 261 1579 268 .
1607 236 1648 268 Et
1675 237 1718 270 ita
1740 242 1950 283 compunctus
1961 241 2008 275 5¹1¹.

69 304 224 350 quid-ipse
234 301 433 345 responderit
447 324 455 331 .
484 299 526 331 Et
553 295 692 338 adjecit:
722 292 867 335 Debuiffet
888 291 1012 333 quidem
1071 290 1142 335 quit
1154 290 1221 322 eis:
1249 291 1394 325 Dominus
1407 286 1537 326 vester-in
1548 291 1650 320 Carne
1666 286 1761 319 adbuc
1782 294 1878 331 vivit,
1907 300 1939 325 ut
1961 293 2008 324 di-

72 359 216 388 Dominus
242 356 308 385 Rex
334 350 509 394 Anglorum‚
529 345 557 387 fi
577 343 632 386 ipfi
643 344 792 384 placuisset
805 366 816 382 ,
851 342 1014 382 antequam
1072 340 1162 374 citis?
1190 341 1289 381 Magis
1314 346 1416 370 tamen
1436 339 1504 379 jam
1520 335 1619 377 fibiin
1641 339 1741 369 Carne
1752 342 1862 370 vivens
1874 344 2007 380 Mamm

75 414 193 437 tantum
215 404 342 435 Amicum
358 399 446 442 suum
470 396 573 431 Archi·
587 391 745 435 Praesulem
764 416 774 431 ,
800 394 834 426 et
856 388 1015 432 Personam
1069 391 1194 434 gloriam
1208 389 1348 421 vendicat
1361 412 1368 419 .
1398 386 1439 419 Et
1451 387 1525 427 quia
1536 385 1708 428 jamvvalde
1719 385 1787 419 sero
1805 397 1893 427 erat,
1918 391 2013 425 Nun.

74 463 213 491 tantam‚
240 461 305 485 tam
326 451 399 483 dure*
413 451 446 483 δ’
461 449 524 479 tam
546 443 611 476 dire·
632 442 794 481 trullam,
828 440 916 484 fmffe
937 441 1015 473 illius
1075 441 1145 474 cios
1156 449 1197 471 ex
1210 438 1324 471 itinere
1337 437 1492 480 fatigatos
1510 461 1519 475 ‚
1546 436 1620 470 data
1633 435 1859 470 benedictione
1880 437 1913 470 &
1934 450 2010 472 con.

76 503 208 545 verficuli
232 501 420 539 'mrdssffl's'
442 492 605 537 Irascimini
622 494 655 527 θ’
681 493 769 525 ”dm
786 500 919 533 peccare.
949 490 1013 524 Cui
1077 489 1235 525 solatione
1249 486 1442 531 Apostolica
1456 511 1466 527 ,
1492 487 1531 519 ad
1544 484 1725 530 hospitium
1735 485 1833 520 citius
1851 488 1986 521 remilit.

77 565 157 590 mox
170 550 247 587 alter
260 549 462 586 Nunciornm
477 542 602 578 comice
621 541 784 585 respondit
799 552 806 573 ι
820 544 944 573 Domine
950 539 1018 581 for-

79 606 111 638 ,ὲ
121 605 183 637 1111„
185 615 200 635 ,ς
210 602 373 635 recordatus
375 592 482 638 fuisset
493 592 624 633 versiculi
633 617 644 632 ,
667 591 696 633 fi
707 592 792 624 illum
802 598 865 623 tam
871 590 1015 632 frequen·

83 665 128 687 ter
140 678 150 693 ,
176 664 208 685 ut
219 664 272 685 nos
285 655 316 681 in
335 645 407 678 bora
431 645 484 678 iila
505 644 646 687 Regulari
667 643 791 685 audisti-t
803 665 810 672 .
840 641 881 674 Et
894 640 1018 674 subrifit

82 705 156 739 Rex
170 728 177 734 .
202 703 238 736 ln
258 697 397 731 crastino
419 694 514 732 voro,
556 691 728 735 antequam
744 691 870 725 Nuncii
892 690 1020 723 recede·-

83 764 173 793 rent,
198 760 270 785 cum
282 744 471 780 hominibus
488 744 572 782 suis,
599 753 680 785 quos
705 743 811 775 secum
837 751 914 774 tunc
925 738 1020 773 habe·

84 805 162 842 bat,
185 797 323 834 consilio
334 806 468 838 accepto
489 793 529 827 ad
549 792 740 836 petitionem
766 789 890 824 Archi·
906 789 1021 823 Praesu-

83 854 125 887 lis
139 853 171 884 in
197 849 316 892 Regno
328 847 383 880 suo
393 843 762 888 pacem&securitatem
785 843 813 875 ei
831 840 987 875 conceffit
1016 862 1023 869 .

86 904 130 936 Et
141 899 272 944 quidem
283 895 420 939 adJecit:
448 902 509 929 Hoc
528 892 697 933 deprzflina
719 894 889 935 dignitate,
917 889 1023 922 Diade—

87 953 177 984 omtm
189 952 300 991 Regum
312 950 495 979 Francorum
499 942 567 984 fore
577 967 586 982 ‚
614 954 648 976 ut
659 945 688 974 E
691 945 771 974 xules
784 965 794 980 ,
815 942 849 975 cb·
856 938 1026 983 praesertim

87 998 221 1043 Persona
234 995 452 1038 Ecclefiasticae,
479 994 737 1037 Regum&Regni
746 991 896 1033 securitate
919 991 953 1023 6·
971 998 1025 1030 pa-

83 1049 340 1092 ceptrfruantur‚
366 1048 399 1079 (θ’
410 1046 430 1077 ἃ
444 1041 658 1086 Persecutorum
668 1045 782 1082 injuria
806 1041 1025 1081 defendantur.

1274 584 1649 622 CAPUT
1748 586 1817 620 lx.

1129 687 1282 732 ,Quomodo
1315 691 1428 719 Nuntii
1450 690 1541 730 Regis
1561 687 1757 729 allegaverint
1775 699 1873 721 coram
1899 692 1972 722 Viro

1242 735 1393 779 apostolico
1413 746 1518 770 contra
1543 736 1648 770 Archi·
1660 736 1850 780 Episcopum.

1380 835 1727 872 ALANUS.

1145 937 1180 972 N
1206 935 1348 971 crastino
1370 936 1447 970 vero
1468 935 1635 971 Dominus
1656 937 1744 981 Papa
1763 949 1841 973 cum
1862 935 2028 973 Fratribus

1088 935 1140 1053 I
1175 988 1241 1021 suis
1263 985 1500 1021 venerabilibus
1513 988 1761 1030 Cardinalffius,
1787 989 1842 1031 qui
1863 999 1942 1023 tunc
1961 988 2031 1022 fere

1170 1048 1288 1072 omnes
1299 1037 1332 1071 in
1346 1036 1446 1071 Curia
1459 1038 1623 1080 praesentes
1633 1038 1778 1080 aderant,
1789 1039 2033 1073 consistorium

1091 1089 1240 1123 intravit.
1269 1087 1505 1130 Advocataque
1540 1089 1703 1123 concione
1724 1114 1735 1130 ,
1783 1088 1897 1123 adsunt
1930 1088 2031 1122 etiam

1093 1137 1219 1172 Nuncii
1241 1135 1520 1171 Archi-praesulis
1540 1161 1551 1177 ‚
1585 1147 1619 1171 ut
1644 1139 1694 1172 vel
1718 1141 1818 1173 finem
1852 1137 2000 1172 viderent
2023 1160 2033 1168 .

1094 1186 1374 1231 Consurgentibus
1396 1187 1496 1230 igitur
1515 1198 1555 1219 ex
1583 1186 1716 1222 adverso
1741 1189 1882 1222 Nunciis
1895 1188 1995 1230 Regis
2021 1209 2035 1226 ‚

1094 1239 1215 1281 primus
1225 1261 1235 1277 ,
1263 1237 1295 1270 &
1308 1247 1492 1269 caeterorum
1505 1236 1635 1278 {ignifer
1646 1260 1657 1276 ,
1683 1237 1715 1269 in
1738 1237 1826 1270 hunc
1837 1237 1973 1270 modum
1988 1235 2038 1269 in-

1095 1287 1191 1321 choat
1209 1285 1468 1320 Londonienfis:
1498 1287 1589 1318 Pater
1601 1309 1612 1325 ‚
1635 1288 1679 1318 ad
1686 1298 1738 1318 vos
1747 1285 1863 1328 speeiat
1875 1286 2038 1320 Catholicae

1098 1335 1229 1378 Ecclefiae
1249 1347 1317 1368 cura
1332 1337 1365 1368 (5
1382 1333 1565 1378 sollicitudo,
1590 1345 1623 1366 ut
1635 1342 1684 1378 qui
1694 1333 1816 1377 sapiunt
1830 1345 1886 1378 per
1910 1335 2039 1376 vestram

1089 1386 1255 1430 foveantur
1261 1386 1456 1426 prudentiam
1469 1386 1513 1417 ad
1518 1386 1685 1425 exemplum
1696 1397 1806 1419 morum
1822 1411 1831 1426 ,
1854 1389 1888 1420 (5
1900 1392 1949 1428 qui
1972 1384 2042 1425 defi-

1096 1443 1184 1479 pi‘unt
1199 1435 1354 1477 apostolica
1366 1435 1546 1468 authoritate
1557 1439 1803 1477 corripiantur&
1823 1442 2006 1479 corrigantur
2031 1459 2043 1475 ‚

1100 1497 1132 1520 ut
1141 1486 1284 1530 sapiant.
1311 1487 1372 1518 Sed
1381 1487 1466 1526 apud
1473 1484 1601 1524 vestram
1621 1489 1807 1527 sapientiam
1833 1498 1888 1518 non
1911 1487 2050 1519 creditur

1097 1535 1202 1580 sapere
1214 1560 1224 1576 ‚
1270 1541 1299 1567 ut·
1312 1541 1344 1566 in
1349 1533 1406 1577 sua
1412 1534 1565 1577 sapientia
1574 1536 1718 1577 confidens
1732 1561 1747 1575 ,
1770 1539 1804 1570 (εἰ
1817 1541 1960 1569 Fratrum
1982 1546 2048 1567 con·

1102 1588 1250 1624 cordiam,
1276 1587 1310 1616 (ν
1322 1584 1454 1623 Ecclefiae
1465 1593 1566 1623 pacem
1582 1608 1592 1622 ‚
1620 1584 1759 1626 Regisque
1781 1587 1966 1618 devotionem
1975 1593 2044 1626 pera

1104 1635 1220 1668 turbare
1228 1633 1377 1666 contendit
1389 1657 1396 1664 .
1425 1637 1532 1673 Nuper
1538 1632 1680 1673 siquidem
1692 1640 1726 1664 in
1740 1637 1846 1676 anglia
1857 1644 1922 1665 orta
1931 1634 1967 1672 est
1987 1632 2048 1675 dis-

1100 1683 1189 1726 senfin
1198 1690 1275 1715 inter
1285 1686 1393 1722 Regem
1405 1683 1439 1712 Θ
1452 1682 1648 1711 Sacerdotium
1662 1692 1701 1712 ex
1721 1682 1782 1713 levi
1796 1685 1829 1714 (ς
1856 1684 1955 1714 minus
1980 1684 2049 1715 utili

1103 1730 1260 1769 occasione,
1290 1739 1356 1768 quae
1366 1727 1491 1768 foedius
1508 1729 1596 1769 posset
1616 1736 1753 1771 extingui
1774 1754 1784 1768 ,
1815 1730 1845 1770 fi
1861 1730 2001 1764 adhibita
2021 1738 2049 1765 et

1097 1779 1201 1822 fuiffet
1211 1777 1363 1810 moderata
1373 1783 1503 1811 curatio.
1534 1779 1642 1811 Verum
1658 1781 1801 1812 Dominus
1828 1782 2052 1824 cantuariensis

1102 1828 1342 1873 suofingulariin
1365 1826 1419 1860 bac
1436 1836 1546 1869 parte,
1572 1830 1675 1862 &non
1697 1829 1788 1868 nostro
1807 1830 1875 1873 usus
1901 1832 2014 1872 confilio
2040 1858 2050 1873 ‚

1105 1881 1201 1913 acriiu
1213 1889 1295 1920 aequo
1306 1877 1411 1916 institit
1422 1903 1432 1918 ,
1460 1889 1516 1910 non
1535 1877 1712 1918 confiderata
1736 1887 1876 1922 temporis
1892 1884 2011 1915 malitia
2036 1909 2046 1924 ,

1106 1932 1186 1973 quod
1194 1929 1245 1963 vel
1253 1931 1339 1971 quale
1349 1927 1535 1972 dispendium
1547 1941 1585 1962 cx
1598 1932 1654 1963 tali
1662 1937 1769 1972 impetu
1778 1931 1867 1974 posset
1875 1939 2049 1973 provenire,

1106 1983 1141 2015 Θ·
1144 1981 1200 2023 fibi
1211 1982 1243 2014 Co·
1255 1979 1414 2013 Fratribus
1422 1977 1485 2022 suis
1493 1985 1621 2014 contexit
1631 1982 1766 2023 laqueos.
1795 1985 1839 2013 Et
1851 1981 1912 2022 fiei
1929 1988 1961 2014 in
1980 1990 2050 2023 pro·

1103 2029 1189 2073 polito
1195 2029 1245 2072 suo
1257 2029 1476 2071 nollerfavifset
1488 2029 1614 2073 assensus
1629 2055 1639 2071 ‚
1660 2033 1732 2072 jam
1741 2041 1788 2065 res
1801 2030 1867 2074 ipsa
1879 2033 1924 2064 ad
1931 2034 2051 2065 deterio-

1108 2093 1170 2114 rem
1180 2081 1320 2113 calculum
1331 2080 1507 2121 devenisses.
1533 2082 1638 2113 Verum
1659 2087 1731 2123 quia
1755 2080 1880 2121 nostram
1890 2089 2056 2116 conniveo*

1109 2138 1183 2163 tiam
1196 2154 1206 2169 ,
1241 2140 1297 2162 icut
1311 2140 1364 2162 nec
1371 2129 1471 2162 debuit
1485 2154 1494 2168 ‚
1521 2131 1563 2162 ad
1573 2132 1608 2162 id
1618 2134 1673 2173 quo
1686 2131 1826 2165 tendebat
1836 2158 1845 2172 ,
1873 2132 1979 2165 habere
1992 2145 2055 2165 non·

1105 2186 1203 2223 potuit
1217 2203 1228 2219 ‚
1254 2177 1334 2221 vifies
1345 2179 1382 2218 es}
1394 2185 1426 2212 in
1441 2182 1598 2212 Dominum
1609 2185 1717 2224 Regem
1730 2206 1739 2222 ‚
1767 2185 1800 2216 (5
1815 2193 1866 2216 nat
1880 2208 1890 2222 ‚
1915 2186 2002 2215 immo
2017 2192 2050 2215 in

1110 2241 1203 2263 totum
1222 2232 1355 2272 Regnum
1383 2252 1394 2268 ‚
1431 2236 1608 2262 temeritatis
1627 2230 1693 2273 suae
1714 2233 1831 2274 culpam
1851 2241 2014 2276 retorquere
2042 2258 2049 2265 .

1111 2282 1256 2323 ,Quocirca
1276 2279 1322 2311 ad
1338 2278 1564 2312 decolorandam
1587 2290 1699 2315 mutuae
1724 2287 1947 2317 Fraternitatis
1971 2284 2053 2326 insa-

1111 2335 1200 2363 mt‘am
1212 2353 1223 2369 ‚
1248 2334 1313 2362 vim
1334 2335 1451 2363 nemine
1471 2329 1642 2371 inferente,
1666 2333 1717 2365 vel
1725 2339 1823 2366 minas
1843 2340 2015 2368 intentante
2040 2358 2051 2374 ,

1106 2380 1215 2424 fugam
1225 2384 1338 2420 inivit,
1357 2377 1430 2421 ficut
1447 2377 1594 2421 scriptum
1613 2380 1671 2422 est:
1700 2387 1790 2427 Fugit
1803 2390 1913 2425 impius
1938 2391 2052 2418 nemine

1110 2427 1317 2473 persequente.
1345 2429 1400 2463 Ad
1413 2428 1479 2464 haec
1502 2431 1668 2465 Dominus
1691 2431 1775 2475 Papa
1799 2435 1931 2477 inquit.-
1961 2437 2054 2467 Parce

1115 2484 1244 2513 Frater.
1272 2478 1317 2513 Et
1339 2478 1603 2515 Londoniensis:
1638 2483 1762 2515 Domine
1788 2492 1910 2525 parcam
1932 2486 1980 2518 ei?
2012 2485 2054 2517 Et

1103 2530 1281 2565 Dominus
1293 2529 1380 2573 Papa
1394 2543 1405 2563 .-
1430 2534 1505 2563 Non
1513 2531 1575 2564 dico
1589 2534 1701 2564 Frater
1714 2557 1724 2572 ,
1737 2534 1931 2574 quodparcas
1944 2539 1972 2567 ei
1981 2559 1991 2574 ,
1999 2532 2056 2576 sed

1115 2579 1189 2614 tibi.
1218 2578 1274 2612 Ad
1285 2578 1370 2613 hanc
1382 2580 1482 2624 igitur
1495 2580 1721 2624 Apostolicam
1745 2593 1859 2617 vocem
1883 2585 1915 2618 ὅ(
1941 2585 2055 2618 tubam

1118 2630 1222 2664 sensus
1245 2629 1485 2663 Londonienfis
1508 2630 1683 2665 infatuatus
1706 2632 1781 2666 esta
1807 2633 1981 2674 Domino,
2010 2635 2056 2668 ita

1116 2679 1248 2714 demum
1262 2680 1353 2721 quod
1379 2679 1518 2721 amplius
1538 2679 1646 2714 nutire
1669 2692 1737 2715 non
1761 2684 1887 2725 potuit.
1916 2685 2058 2728 Excepit

1117 2729 1211 2763 illum
1241 2728 1376 2772 proinde
1398 2729 1577 2763 stratonem
1612 2729 1771 2765 facundus
1797 2731 1946 2767 Hilarius
1965 2735 2060 2768 Cice-

1119 2779 1243 2814 strenfis
1258 2778 1436 2822 Episcopus
1448 2800 1459 2817 ,
1485 2780 1590 2824 magis
1602 2780 1643 2814 de
1656 2782 1710 2816 sua
1722 2782 1893 2817 confidens
1903 2784 2059 2827 eloquen-

1120 2831 1164 2864 tia
1175 2854 1186 2870 ,
1209 2830 1306 2869 quam
1320 2827 1497 2870 dejustitia
1509 2829 1542 2863 &
1567 2830 1718 2864 veritate‘:
1747 2832 1852 2880 Qod
1874 2844 1915 2867 ex
1930 2834 1999 2877 post
2014 2835 2060 2868 fa-

1121 2881 1172 2913 ἂο
1181 2878 1343 2916 innotuit.
1374 2881 1499 2911 Domine
1513 2882 1627 2919 Pater,
1655 2880 1784 2923 inquit,
1813 2883 1927 2923 interest
1955 2886 2061 2917 Beati-

1121 2930 1230 2962 tudims
1246 2926 1349 2966 vestm
1360 2951 1371 2968 ,
1397 2928 1475 2969 quod
1495 2936 1652 2972 perperam
1671 2931 1768 2964 adium
1785 2932 1824 2972 est
1843 2939 1875 2966 in
1898 2939 2062 2976 perniciem

1122 2976 1345 3019 universitatis,
1372 2980 1417 3010 ad
1421 2980 1551 3018 pacis&
1571 2983 1730 3014 concordia·
1749 2983 1881 3016 debitum
1897 2983 2010 3024 flatum
2021 2990 2062 3017 ei·

1122 3030 1178 3062 tius
1188 3038 1327 3061 revocare
1340 3051 1351 3067 ‚
1378 3038 1415 3062 ne
1425 3034 1513 3061 unius
1529 3029 1655 3063 bominis
1667 3033 1859 3066 immoderata
1866 3032 2061 3076 pra-sumptio

1123 3076 1453 3121 multorumstragem&
1478 3078 1639 3113 Catholicae
1662 3082 1794 3124 Ecclefiae
1808 3081 1961 3127 sciffuram
1983 3084 2061 3125 poffit

1120 3137 1290 3170 procreare.
1316 3128 1470 3168 raparum
1482 3131 1613 3162 attendit
1636 3133 1777 3164 Dominus
1803 3133 2024 3174 Cantuarienfis
2050 3158 2061 3174 ,

1124 3179 1195 3210 dum
1207 3177 1305 3210 reiu‘lo
1318 3184 1472 3211 maturiori
1484 3178 1628 3221 consiliose
1635 3180 1728 3222 solum
1747 3181 1888 3224 consuluit
1900 3208 1911 3223 ,
1937 3186 1971 3216 (tr
1974 3182 2013 3223 fic
2017 3182 2061 3223 fi-

1126 3228 1154 3260 bi
1168 3225 1267 3269 &suis
1279 3252 1289 3267 ,
1317 3230 1391 3270 Regi
1402 3229 1434 3260 (9'
1447 3231 1543 3271 Regno
1555 3254 1564 3267 ‚
1593 3232 1702 3271 Populo
1714 3233 1748 3265 ὠ·
1757 3233 1842 3265 ciero
1848 3238 2003 3277 graviores
2021 3234 2066 3264 la-

1126 3277 1205 3310 bores
1214 3285 1380 3318 procrearet
1388 3278 1420 3309 <¹5
1430 3277 1590 3321 angustias.
1602 3282 1649 3311 Et
1657 3286 1733 3313 circa
1742 3287 1843 3315 virum
1855 3290 1950 3315 tantae
1961 3281 2064 3315 autbo-

1127 3333 1228 3359 ritatis
1251 3328 1286 3358 id
1306 3337 1363 3358 non
1378 3328 1492 3367 decuit,
1520 3340 1570 3362 nec
1578 3336 1703 3370 oportuit
1716 3354 1728 3370 ,
1754 3341 1805 3363 nec
1813 3332 1974 3373 aliquando
1983 3339 2064 3372 opor-

263 1115 634 1182 oAPUT
732 1140 857 1174 V111.

193 1246 346 1290 ,Quomodo
369 1247 481 1276 Nuntii
493 1239 579 1273 Archi
592 1257 608 1263 -
619 1240 761 1285 Episcopi
780 1240 824 1272 ad
834 1241 934 1271 Domi-

264 1305 334 1328 num
346 1295 465 1334 Papam
486 1297 624 1324 venerint
637 1314 644 1321 .
672 1294 717 1323 Et
739 1289 868 1334 qualiter

462 1346 575 1383 excepti
586 1339 647 1382 sint
662 1362 670 1373 .

139 1443 321 1493 TAQJE
348 1442 460 1486 Regiae
471 1440 559 1484 pacis
573 1439 664 1474 dono
674 1440 708 1474 ἀ
720 1439 888 1474 securitate
897 1438 1038 1472 fruentes

87 1448 141 1535 I
169 1499 203 1531 in
228 1493 431 1531 exultatione
447 1492 480 1526 &
504 1491 635 1530 laetitia,
662 1490 862 1524 Christianus
885 1488 941 1522 ille
964 1488 1038 1521 Rex

98 1548 281 1583 licentiatos
295 1541 414 1577 Archi·
431 1542 606 1584 Episcopos
628 1540 779 1577 Nuncios
798 1539 917 1573 dimiiit
942 1538 975 1572 in
990 1549 1040 1580 pa-

96 1610 154 1633 ce.
181 1593 321 1630 lllivero
343 1604 409 1626 non
423 1592 529 1626 statim
553 1591 593 1624 ad
619 1590 789 1624 Praesulcm
811 1597 1002 1622 revertentes
1030 1610 1040 1624 ,

99 1658 160 1682 nec
180 1644 358 1689 quidquam
379 1642 573 1675 nunciantes
592 1640 632 1672 de
653 1639 716 1672 hoc
730 1660 740 1674 ‚
765 1639 840 1679 quia
864 1637 931 1670 cito
943 1638 973 1669 se
997 1646 1042 1667 re·

102 1697 247 1730 versuros
258 1691 423 1734 sperabant
439 1712 450 1727 ,
477 1699 533 1730 pro
545 1695 580 1720 ut
590 1686 827 1728 eisinjunaum
852 1687 952 1718 fuerat
965 1709 975 1723 ‚
1002 1684 1042 1717 ad

102 1743 290 1780 Dominum
303 1738 423 1780 Papam
445 1735 682 1768 accelerabant.
709 1735 751 1765 Er
766 1742 920 1765 venerunt
942 1733 1039 1763 Seno·

97 1793 174 1832 „553
198 1800 265 1830 quo
277 1785 401 1819 Nuncii
413 1784 516 1828 Regis
526 1783 674 1826 proxima
685 1780 738 1815 die
752 1804 764 1821 ,
789 1791 859 1825 quae
883 1778 1044 1823 praestit,

106 1850 166 1879 eos
176 1843 395 1883 praevenerunt
402 1858 409 1865 .

398 1882 431 1918 A
458 1883 487 1917 L
514 1879 546 1915 A
573 1881 607 1916 N
636 1881 674 1917 U
702 1880 724 1915 S
736 1905 744 1914 .

153 1936 277 1974 sANE
305 1935 338 1968 in
350 1944 463 1968 eorum
475 1931 618 1966 adventu
632 1931 709 1965 binc
720 1930 818 1966 timor
831 1928 965 1974 publieae
979 1939 1044 1972 per-

98 1986 300 2025 turbationis
313 2010 323 2025 ,
347 1995 416 2026 quae
426 1995 467 2017 ex
479 1982 522 2016 ira
535 1982 638 2026 Regis
650 1982 753 2025 posset
765 1982 865 2021 oriri,
891 1981 968 2015 inde
979 1978 1047 2022 spes

100 2039 241 2084 quaestus
251 2046 348 2080 quam
364 2032 702 2078 plurcsCardinalium
715 2042 839 2065 mutare
859 2031 1022 2072 compulit
1037 2053 1045 2060 .

107 2089 152 2124 Et
164 2088 246 2123 facta
266 2085 309 2119 est
323 2085 473 2119 intereos
490 2082 661 2122 diffenfio,
688 2082 768 2115 dum
787 2082 907 2114 dicitur
933 2077 974 2113 ab
996 2078 1047 2110 his

103 2135 373 2173 Cantuariensem
386 2132 611 2168 Ecclefiasticae
622 2131 776 2166 libertatis
785 2130 986 2164 defensorem
998 2129 1047 2161 in-

108 2189 189 2233 justa
199 2186 294 2221 causa
317 2184 519 2223 fovendum,
546 2181 663 2215 abillis
687 2180 964 2224 pacis&unitatis
985 2178 1047 2211 effe

110 2236 367 2283 perturbatorem
379 2259 389 2273 ,
415 2234 448 2266 ἀ
462 2232 536 2265 ideo
559 2230 992 2274 piaesuinprionislimpetum
1006 2238 1049 2260 re·

108 2284 304 2322 frenandum
327 2281 435 2325 potius
455 2280 552 2324 quam
575 2280 754 2314 fovendum
775 2303 783 2311 .
819 2279 863 2313 Et
887 2278 929 2311 eo
950 2279 1049 2321 usque

113 2335 275 2381 praevaluit
289 2332 496 2370 inimicorum
518 2330 681 2374 suggestio
695 2353 706 2368 ,
731 2329 820 2370 quod
841 2328 967 2364 Nuncii
993 2329 1040 2359 Ar

114 2385 191 2420 chi·
202 2381 346 2417 Praesulis
359 2391 418 2413 nec
437 2380 668 2422 promeruerint
679 2380 697 2412 a
710 2378 940 2412 Cardinalibus
954 2378 1001 2410 vel
1016 2378 1048 2409 in

112 2433 227 2469 osculo
246 2430 342 2473 recipi
363 2453 371 2461 .
412 2427 649 2471 Angustiantur
671 2428 807 2471 proinde
833 2427 882 2461 illi
910 2427 1052 2462 videntes

106 2483 252 2519 caussam
264 2478 404 2514 Domini
418 2479 464 2512 sui
477 2477 646 2512 imminere
661 2478 857 2512 discrimini.

414 2528 445 2560 Λ
475 2527 504 2563 L
530 2529 560 2562 A
590 2529 621 2561 N
652 2527 691 2562 U
718 2529 758 2562 S.

161 2579 335 2616 EADEM
361 2589 469 2612 tamen
481 2577 533 2610 die
553 2578 587 2611 in
600 2580 722 2620 vespera
735 2578 774 2611 ad
798 2577 985 2612 Dominum
996 2575 1053 2610 Pa-

113 2645 189 2679 pam
204 2630 360 2666 habentes
373 2630 528 2662 acceiium
543 2650 554 2666 ,
574 2629 679 2670 ipsum
692 2628 826 2661 nomine
841 2628 941 2662 Archi
952 2642 968 2653 -
978 2626 1053 2660 Prae-

113 2685 212 2723 sulit,
236 2681 391 2721 tanquam
405 2677 578 2711 Patrem&
602 2677 787 2711 Dominum
801 2701 813 2717 ‚
839 2689 901 2722 qua
922 2675 1055 2713 decebat

116 2731 293 2768 devotione
314 2730 347 2764 δι
371 2727 579 2767 humilitate,
617 2728 834 2760 salutaverunt
856 2751 864 2758 .
899 2726 1057 2761 Dicentes

110 2781 204 2826 quod
215 2781 263 2814 illi
276 2780 376 2813 effent
388 2778 455 2812 dno
469 2786 597 2810 tantum
610 2802 620 2816 ,
648 2776 703 2819 qui
714 2778 881 2810 evaserunt
894 2776 933 2810 de
953 2777 1059 2810 calore

114 2830 248 2869 Domus
268 2828 426 2872 Rechap,
453 2829 484 2860 ὅ(
506 2828 544 2860 ad
572 2827 755 2861 Sannitatis
775 2827 835 2860 suae
847 2825 942 2869 pedes
965 2836 1060 2860 vene·

118 2893 211 2920 rant,
237 2891 272 2914 ut
296 2880 487 2912 nunciarent
510 2889 537 2910 ei
552 2902 564 2917 ‚
589 2877 678 2917 quod
699 2876 803 2910 Filius
826 2874 942 2919 Joseph
954 2874 1059 2908 adhuc

120 2932 237 2965 viveret
251 2954 261 2970 ‚
287 2929 340 2963 sed
354 2940 420 2962 non
434 2927 695 2961 dominareturin
709 2938 786 2960 terra
800 2925 944 2970 AEgypti
956 2950 968 2966 ‚
980 2926 1058 2970 quin

125 2981 231 3023 potius
240 2979 280 3013 ab
297 2978 390 3022 AEgy
397 2978 471 3020 ptijs
482 2977 645 3019 oppressus
657 2977 720 3010 fere
732 2977 838 3009 fuisset
849 2977 882 3009 δι
892 2977 1059 3010 extinctus.

121 3026 482 3070 Enarraveruntitaque
504 3025 642 3060 libenter
666 3025 814 3060 audienti
835 3049 845 3065 ,
874 3027 906 3059 &
931 3035 1061 3068 paterno

121 3078 335 3121 compatienti
357 3078 490 3115 affidu,
518 3075 577 3109 filii
601 3076 647 3110 sui
670 3075 774 3110 Archi
788 3074 974 3115 ·Praesulis,
1000 3077 1058 3118 pef

122 3130 213 3162 limas
225 3125 590 3170 angustiat&dolores,
617 3127 758 3168 pericula
783 3125 930 3159 etiamin
955 3136 1061 3169 pugna

111 3179 182 3215 illa
191 3178 276 3220 apud
288 3175 552 3209 Norbamtunam
570 3174 610 3208 ad
631 3175 744 3210 bestia&
758 3200 768 3215 ,
794 3176 933 3218 pericula
951 3177 984 3209 in
999 3175 1061 3209 fal-

126 3228 162 3261 sis
179 3225 326 3261 fratribus
338 3250 348 3265 ,
377 3224 515 3268 pericula
529 3226 560 3258 in
576 3223 651 3271 fuga
665 3250 676 3266 ,
702 3226 845 3269 pericula
866 3225 900 3259 in
917 3225 989 3265 via,
1018 3235 1064 3268 pe·

123 3276 226 3312 ricula
241 3276 272 3308 in
287 3275 384 3314 mari,
399 3274 431 3307 in
446 3274 512 3316 ipso
525 3274 621 3308 etiam
634 3286 728 3317 portu
738 3275 877 3318 pericula
889 3299 899 3315 ‚
911 3275 1066 3312 laborem,

122 3326 481 3371 egestatem,erumnam
493 3347 503 3362 ‚
514 3323 546 3356 ὅ(
557 3324 595 3358 ad
607 3324 817 3359 declinandas
835 3326 966 3359 infidias
979 3324 1066 3358 habi·

121 3387 174 3411 tus
189 3375 234 3409 sui
246 3375 277 3408 &
292 3372 434 3407 nominis
446 3372 659 3407 mutationem
671 3400 676 3406 .
706 3376 746 3408 Et
757 3376 891 3408 audiens
902 3374 961 3417 hec
973 3375 1068 3410 Pater
1129 3376 1238 3410 ruebat.
1250 3374 1296 3410 Ita
1308 3378 1572 3419 grammatizabat
1583 3379 1732 3414 Hilarius
1743 3378 1946 3414 Cicestrenfis
1957 3380 2067 3415 dicen-

121 3425 273 3461 omnium
295 3423 448 3461 Parrum,
472 3432 638 3456 commota
662 3436 796 3466 paternae
815 3424 943 3467 pictatis
976 3424 1066 3458 visce-
1129 3423 1548 3470 do:0portuebat.lnsuper
1563 3429 1656 3467 suos,
1682 3428 1956 3470 fisaperent,non
1973 3441 2067 3472 opor-

127 3486 162 3510 η
195 3475 283 3516 super
305 3473 398 3510 filio,
424 3473 635 3514 &paternum
660 3484 727 3508 non
749 3474 857 3509 valens
876 3475 1071 3510 dissimulare
1132 3474 1241 3512 tuebat
1251 3474 1308 3510 fibi
1320 3473 1354 3507 in
1367 3474 1484 3510 talibus
1497 3477 1657 3521 praebuisti:
1680 3477 1854 3514 assensum.
1868 3479 1995 3515 Audito
2008 3481 2071 3524 igi·

225 3520 331 3562 Christ.
346 3525 424 3565 Lupi
433 3525 531 3565 Opem
542 3525 619 3555 Tom.
633 3524 672 3554 Χ.
1699 3526 1731 3561 C
1954 3539 2004 3563 tur
2018 3553 2029 3570 ,
