2358 3776
396 124 494 172 ,70

351 246 388 280 jn
404 242 499 276 Coelo
512 241 605 277 vacui
619 265 631 282 ,
655 250 738 276 terra
759 232 1002 275 absorbeantur.
1031 242 1202 290 Qatenus
1214 244 1280 287 quo

347 294 496 328 animum
525 289 567 327 ab
598 291 794 335 exquirenda
827 289 914 324 Coeli
955 291 1124 328 voluntate
1146 294 1279 338 longius

344 351 540 377 amoverunt
561 341 680 384 justum
706 342 919 375 innocentem
952 341 1170 386 persequendo
1189 368 1200 384 ,
1235 355 1279 377 eo

343 392 480 428 terrenis
504 391 672 429 affectibus
703 387 899 435 profundius
921 390 1100 427 obruantur
1120 393 1273 428 inconve-

347 441 681 478 nientiaexercendo.

391 492 474 526 Haec
490 490 612 526 idcireo
632 489 772 527 dixerim
784 490 896 536 spiritu
919 491 1092 532 anxiatus,
1116 492 1273 537 quoniam

336 551 417 578 cum
439 539 621 586 Stephanus
633 541 762 581 noster,
785 542 890 587 gratia
914 541 1046 585 plenus,
1070 542 1220 578 fratribus
1238 543 1274 577 &

335 590 577 627 contribulibus
597 590 660 624 suis
682 591 814 626 verbum
838 592 910 626 vitae
933 591 1160 638 infatigabilis·
1174 593 1273 628 admi-

334 639 506 681 nistraret,
531 651 607 674 cum
621 639 706 675 nihil
726 652 832 676 morte
841 641 981 687 dignum
997 667 1008 684 ‚
1033 642 1272 678 nihilcrimine

335 690 521 725 notandum
543 701 639 734 opere
659 701 875 735 perpetraret,
895 691 994 735 'impii
1017 694 1108 736 super
1130 703 1204 727 eum
1231 692 1270 735 ja-

335 740 634 778 fiuramfecerunt.
662 741 706 776 Et
716 752 788 776 ecce
805 741 930 776 inimici
945 741 1007 776 filii
1020 742 1180 782 hominis,
1205 741 1271 787 gla-

338 789 403 823 diis
414 790 546 824 accincti
559 815 570 831 ,
595 791 629 825 &
645 791 685 825 ad
701 791 886 825 nocendum
897 793 1057 835 praeparati
1073 817 1084 833 ,
1109 802 1195 827 trans
1206 804 1270 827 ma-

335 850 392 876 re,
427 851 544 884 perque
566 850 691 874 terrasa
713 841 860 875 Saeculari
874 841 1036 876 Potestate
1058 842 1246 886 diriguntur
1260 867 1270 882 ,

334 899 374 923 ut
384 890 522 929 eandem
547 889 644 926 citius
666 891 802 931 evellat,
821 891 975 927 arborem
996 891 1112 936 utique
1127 894 1270 926 fructuo-

332 940 399 974 sam
416 964 427 980 ,
454 951 553 983 quam
574 940 754 984 plantavit,
782 942 816 975 ἀ
838 951 875 976 ut
902 942 1068 977 immerito
1092 941 1266 983 humiliet,

335 999 436 1033 quem
456 990 576 1029 merito
593 989 763 1025 exaltavit.
794 991 915 1036 thue
926 1003 1025 1036 quam
1050 991 1182 1037 provide
1191 1003 1267 1026 con·

335 1038 436 1080 tulit,
465 1039 648 1083 improvide
658 1041 781 1076 Fidelis
792 1043 840 1076 sui
863 1042 1264 1087 dignitatemimminuat.

334 1087 429 1134 Qid
443 1088 544 1132 igitur
553 1100 627 1133 aget
640 1091 728 1124 mitis
738 1091 943 1125 &innocens
955 1091 1020 1125 Dei
1033 1090 1170 1126 Athleta
1183 1115 1194 1130 ,
1214 1103 1267 1126 ex-

330 1138 413 1176 tenti
436 1136 469 1170 in
484 1137 626 1182 segladii
651 1139 776 1173 nescius
801 1141 1004 1185 &ignarus?
1032 1142 1199 1190 Qorsum
1221 1143 1264 1176 ef-

334 1187 439 1231 fugiet
448 1188 586 1224 consilio
598 1188 848 1234 malignantium
860 1191 1001 1224 obsessus
1015 1192 1027 1224 ?
1052 1192 1162 1226 Restat
1174 1202 1208 1226 ut
1223 1193 1261 1226 ad

328 1237 503 1272 tolerantia
529 1239 694 1274 animatus
711 1263 722 1279 ‚
748 1249 903 1284 tanquam
926 1242 1007 1275 aries
1027 1241 1068 1277 de
1088 1253 1187 1286 grege
1202 1242 1262 1276 ele-

325 1288 395 1321 ἂιις
406 1312 417 1328 ,
443 1286 610 1322 charitatis
624 1290 827 1334 pinguedine
839 1291 1001 1336 saginatus
1012 1315 1023 1331 ‚
1034 1291 1187 1327 Domino
1199 1293 1262 1327 sese

328 1336 570 1373 immolandum
583 1337 735 1374 exhibeat
748 1364 755 1371 .
786 1340 899 1375 Restat
914 1351 948 1375 ut
973 1341 1087 1386 capitis
1100 1341 1145 1377 sui
1158 1342 1261 1376 imita-

330 1397 384 1422 tor
404 1388 537 1426 effectus
557 1388 623 1423 fine
634 1398 797 1425 murmure
810 1413 822 1431 ,
846 1390 912 1426 fine
923 1392 1192 1427 contradictionis
1205 1391 1262 1427 ob-

328 1436 454 1473 staculo
471 1462 482 1478 ,
511 1438 616 1475 varias
637 1439 825 1483 iniquorum
847 1441 989 1486 patiatur
1009 1440 1142 1483 injurias
1165 1466 1177 1483 ,
1203 1453 1261 1485 pa-

324 1487 476 1531 tiensque
500 1499 568 1523 non
591 1491 833 1532 comminetur,
860 1491 964 1531 immo
984 1492 1082 1526 etiam
1098 1502 1156 1535 pro
1178 1491 1259 1535 inju-

325 1536 481 1572 riantium
497 1539 614 1575 scelere
634 1540 844 1583 deprecetur.
871 1542 940 1576 Stet
962 1543 1062 1587 igitur
1077 1541 1259 1585 Moysesin

322 1588 549 1624 confractione
569 1600 681 1623 coram
709 1591 1191 1635 DivinoeMajestatisintuitu,
1217 1592 1263 1625 se-

324 1636 408 1671 dulo
421 1649 479 1681 pro
494 1638 645 1672 fratribus
655 1640 882 1694 interpellans,
907 1640 962 1684 qui
977 1641 1118 1675 vitulum
1140 1641 1259 1676 confla·

324 1687 443 1725 rilem,
470 1687 613 1720 vitulum
634 1687 750 1730 utique
771 1699 851 1721 auro
873 1690 1007 1732 plenum
1020 1712 1032 1730 ‚
1054 1690 1170 1736 absque
1182 1691 1260 1737 ejus

327 1735 527 1773 conscientia
543 1745 644 1778 nuper
654 1736 886 1771 adoraverunt.

377 1785 614 1820 Verumtamen
635 1786 776 1820 articulo
808 1787 1031 1823 tribulationis
1054 1788 1164 1833 elapso
1182 1813 1192 1830 ,
1218 1801 1258 1824 ac

324 1843 472 1878 ternpore
493 1835 718 1870 retributionis
732 1848 887 1882 accepto,
912 1837 1063 1873 eosdem
1057 1850 1089 1872 in
1111 1840 1258 1874 criminis

326 1886 492 1919 ultionem
514 1883 689 1920 districtius
711 1888 826 1930 puniat
843 1912 854 1928 ‚
883 1899 966 1932 quos
1003 1890 1139 1923 fraterna
1173 1890 1259 1934 prins

324 1933 547 1978 compassione
561 1933 613 1977 pie
624 1935 802 1971 defleverat
813 1962 825 1978 ,
851 1938 1011 1981 quatenus
1018 1938 1110 1981 juxta
1120 1938 1230 1983 quod'
1221 1951 1255 1973 in

324 1983 555 2019 ιωΙεάἰᾶἰοηε
567 1985 829 2026 seminaverant,
851 1987 894 2021 de
913 1988 1140 2023 maledictione
1148 1990 1256 2032 operis

323 2034 373 2071 sui
391 2034 527 2068 frustum
545 2043 702 2070 metant:
728 2036 835 2080 sicque
854 2037 1024 2079 proveniat
1047 2062 1058 2079 ,
1083 2048 1119 2071 ut
1138 2037 1255 2082 Ioseph

324 2084 530 2122 adversitatis
563 2084 715 2127 probatus
734 2086 887 2121 examine
907 2111 919 2127 ,
954 2086 1092 2131 gratiam
1125 2087 1255 2122 tandem

322 2133 506 2169 Pharaonis
526 2133 661 2177 adeptus
682 2159 694 2175 ,
730 2135 924 2179 Principum
943 2137 1089 2182 AEgypti
1107 2138 1256 2172 fratrum-

324 2192 389 2225 que
402 2185 532 2218 suorum
544 2195 618 2218 cum
631 2185 737 2229 gloria
756 2185 946 2221 dominetur
958 2211 969 2227 ,
993 2195 1132 2229 quorum
1153 2189 1256 2221 fuerat

322 2232 446 2268 invidia
459 2233 667 2269 contristatus
680 2259 688 2267 .
717 2235 823 2270 Unde
832 2235 1031 2280 quandoque
1041 2236 1075 2269 δι
1086 2236 1142 2279 ipsi
1156 2236 1255 2270 tribu·

322 2283 500 2321 lationibus
522 2284 692 2328 intercepti
703 2284 825 2319 'merito
846 2286 877 2319 se
890 2284 969 2319 talia
981 2285 1047 2328 pati
1059 2296 1257 2320 commemo·

325 2344 413 2375 rent,
441 2335 599 2378 quoniam
621 2335 656 2367 in
680 2334 826 2368 Fratrem
839 2336 932 2369 suum
951 2334 1071 2378 absque
1081 2335 1175 2379 culpa
1189 2336 1256 2370 exi-

320 2393 422 2428 gente
442 2392 656 2427 peccaverunt
671 2408 678 2415 .
705 2383 797 2418 Miro
819 2395 962 2428 namque
982 2385 1016 2419 ὃς
1030 2384 1137 2419 subtili
1152 2386 1255 2421 modo

323 2433 530 2469 Convicanei
550 2432 613 2476 Job
648 2436 793 2469 amicum
827 2435 1013 2470 subvertere
1045 2434 1256 2476 nitebantur,

321 2482 398 2518 dum
410 2482 545 2527 quidam
555 2482 596 2516 de
608 2483 837 2519 Sacerdotibus
858 2484 979 2519 nostris
991 2483 1176 2528 Principem
1203 2487 1254 2520 Sa-

321 2531 492 2570 cerdotum
513 2533 619 2578 magis
640 2533 1003 2580 formidolose,‘·quam
1017 2535 1135 2570 sincere
1156 2546 1256 2579 nuper

319 2581 586 2618 conveniendum
596 2583 725 2623 adiere,
752 2584 979 2628 incorruptum
993 2585 1161 2629 corrupti,
1181 2597 1253 2628 azy·

324 2642 419 2669 mum
441 2633 626 2666 fermentati
649 2657 661 2673 ,
686 2643 754 2668 arte
781 2634 926 2676 qualibet
949 2634 1134 2678 persuadere
1157 2645 1258 2670 atten-

325 2691 432 2715 tantes
444 2705 455 2720 ,
483 2691 519 2715 ut
532 2682 700 2724 sequoque
710 2683 895 2718 fermentari
907 2684 1069 2719 assentiret
1081 2709 1092 2726 ,
1118 2687 1172 2729 qui
1195 2685 1256 2719 uti-

325 2743 391 2777 que
401 2730 554 2765 fermenti
567 2741 633 2763 non
648 2733 742 2765 novit
756 2734 923 2767 acedinem
935 2760 942 2767 .
961 2732 1016 2769 Ad
1025 2735 1185 2778 Joannem
1200 2736 1258 2779 igi-

331 2792 385 2815 tur
397 2780 438 2815 ab
447 2780 692 2823 Hierosolymis
705 2782 892 2817 Sacerdotes
903 2786 1097 2819 accesserunt
1108 2809 1118 2825 ‚
1144 2787 1216 2828 quis
1226 2786 1258 2819 &

328 2829 420 2872 cujus
432 2830 528 2864 suerit
541 2830 952 2876 integritatisexplorantes
964 2858 973 2874 ,
1002 2834 1052 2869 sed
1067 2844 1115 2869 eo'
1131 2835 1255 2869 arundi-

329 2887 371 2915 n'e
392 2890 495 2915 vento
513 2880 636 2924 agitata
647 2892 716 2915 non
740 2882 895 2938 invento,
920 2883 1053 2919 inutiles
1077 2885 1256 2930 &inglorii

330 2930 542 2964 recesserunt.
569 2930 737 2973 Siquidem
757 2931 814 2975 qui
836 2933 878 2966 fic
890 2932 971 2966 miffi
992 2934 1143 2976 fuerant,
1167 2946 1257 2969 erant

327 2978 564 3015 exPharisaeis.
593 2980 741 3016 Utinam
761 2980 987 3016 &invenerint
1010 2983 1234 3028 Prophetam'
1226 2996 1258 3017 in

330 3027 448 3071 Israel,
474 3040 529 3073 qui
542 3028 707 3074 Principis
720 3030 901 3074 suilepram
913 3032 1061 3075 ejiciens,
1089 3035 1173 3069 ne&
1195 3035 1260 3078 ipse

327 3080 451 3123 lepram
475 3078 665 3123 participet,
693 3080 838 3115 oblatam
860 3093 929 3115 auti
942 3082 993 3115 vel
1016 3083 1174 3125 vestium,
1203 3085 1257 3118 im

273 3169 276 3171 ¹
328 3129 387 3164 mo
407 3130 442 3164 ἀ
461 3128 686 3173 Regnitotius
695 3131 826 3175 copiam
838 3141 1001 3165 execretur
1015 3157 1022 3163 .
1050 3133 1124 3167 Rex
1152 3135 1260 3177 itaque

330 3179 430 3215 Balae
449 3189 524 3225 cum
536 3179 729 3214 Fautoribus
746 3181 809 3215 suis
823 3181 954 3216 Balaam
977 3193 1109 3216 munere
1133 3183 1181 3217 vel
1194 3185 1260 3226 pol·

331 3227 573 3264 licitationibus
592 3231 867 3273 corrumpendum
885 3231 1044 3275 expetiit,
1069 3243 1106 3266 ut
1129 3233 1259 3267 conclu-

334 3280 405 3313 sum
418 3278 481 3313 Dei
493 3278 660 3322 Populum
672 3278 819 3315 hostibus
828 3290 895 3316 tam
910 3283 1015 3324 operis
1027 3293 1123 3323 quam
1136 3282 1201 3316 oris
1211 3295 1259 3316 ex-

328 3338 465 3370 poneret
477 3329 705 3365 maledictione
716 3354 727 3371 ,
753 3330 844 3374 cujus
855 3331 988 3376 quidem
1002 3331 1125 3376 regitur
1137 3331 1261 3367 benedi-

331 3376 441 3412 ssione
457 3403 463 3409 .

385 3426 447 3462 Sed
467 3437 540 3464 ecce
561 3428 727 3474 plusquam
747 3430 880 3467 Balaam
893 3455 904 3472 ‚
931 3430 1034 3467 immo
1053 3431 1258 3477 nequaquam

919 102 1649 157 ‘'‘EPISTOLAE‘

343 196 492 241 prierint,
518 188 652 226 Dathan
670 190 706 227 ἀ
727 190 857 227 Abiron
872 189 1030 234 sententia
1047 192 1280 236 percellantur,
1304 189 1306 191 ’

1340 194 1496 236 Balaam,
1521 195 1578 240 qui
1601 204 1662 229 nec
1682 204 1795 238 prece,
1822 204 1884 230 nee
1902 198 2029 242 pretio,
2032 197 2191 234 minisve
2211 210 2264 245 ap-

1340 244 1448 288 positis
1459 255 1632 289 pauperum
1645 245 1769 279 animas
1780 244 1891 280 bestiis
1901 245 2024 282 tradere
2033 251 2185 293 compelli
2206 259 2262 292 po*

1330 294 1424 336 tuit,
1448 307 1488 329 ex
1500 306 1567 339 quo
1578 295 1673 330 semel
1686 296 1775 337 super
1786 294 1836 328 his
1851 295 1933 328 olim
1946 296 2106 333 intellexit
2118 298 2262 334 dietum·

1339 344 1429 387 Pasce
1438 357 1508 379 over
1526 354 1630 379 meas.
1656 345 1694 378 ln
1707 344 1848 379 Daniele
1867 345 1993 388 itaque,
2019 346 2139 390 Juvene
2158 348 2263 394 Regis

1337 393 1503 429 Babilonii
1527 395 1673 430 Statuam
1695 407 1762 430 non
1786 396 1965 436 adorante,
1989 395 2089 430 fidem
2099 397 2263 439 admiror,

1335 453 1432 486 quam
1453 445 1487 479 in
1513 444 1651 480 Senibus
1666 445 1705 479 ἀ
1716 443 1976 480 contribulibus
1980 446 2043 480 suis
2056 449 2260 501 nequaquam

1337 493 1487 528 invenio,
1514 496 1580 530 osi
1593 495 1652 529 filu
1666 494 1766 529 nostri
1780 495 1891 529 Aaron
1904 494 2058 539 gentibus
2080 508 2149 531 non
2171 508 2263 537 com-

1336 543 1545 579 miscerentur
1569 570 1581 585 ,
1605 545 1628 579 fi
1651 544 1801 590 gentium
1822 544 1940 588 opibus
1963 556 2031 580 non
2052 547 2264 583 contamina-

1334 603 1463 633 rentur,
1487 593 1511 627 fi
1532 595 1669 629 Ordinis
1693 595 1739 629 sui
1762 595 1956 641 dignitatem
1980 595 2108 631 indivisi
2129 606 2263 632 tueren-

1334 651 1407 688 tur,
1433 644 1530 687 quam
1541 645 1640 679 libere
1653 669 1662 684 ,
1686 656 1783 689 quam
1795 643 1968 689 tranquille
1986 646 2116 680 foederis
2136 646 2264 682 'rabera

1335 692 1486 727 naculum
1509 705 1584 729 curu
1603 695 1746 738 ejusdem
1769 695 1932 730 Ministris
1954 695 1989 729 in
2011 695 2123 731 medio
2143 695 2262 732 Amor-

1334 741 1482 785 rheorum
1495 743 1674 779 inconcussi
1684 755 1831 790 regerent
1841 745 1874 779 &
1884 745 2163 781 circumducerent
2173 750 2182 782 2
2200 744 2264 781 sed

1333 793 1490 835 quoniam
1512 795 1627 828 remiffi
1649 796 1684 830 &
1708 794 1941 839 indisciplinati
1959 794 2111 830 filiiHeli
2132 795 2262 840 propria·

1332 842 1462 886 ignavia
1474 844 1507 877 in
1520 845 1698 878 certamine
1714 854 1906 879 corruerunt
1920 869 1931 885 ,
1957 856 2034 880 ecce
2055 856 2148 889 capta
2161 845 2205 880 est
2219 844 2261 880 ab

1331 890 1521 937 Allophylis
1543 894 1628 928 Area
1650 894 1738 934 Dei,
1764 896 1798 930 ἀ
1809 906 1867 939 pro
1879 894 2022 930 hostium
2039 896 2210 930 voluntate
2222 906 2260 931 ac

1329 941 1807 989 dispofitionecircumgyrata,
1832 945 1973 987 filiisque
1994 945 2167 981 retrorsum
2185 945 2265 980 alie-

1330 994 1414 1026 natis
1428 1017 1438 1033 ,
1464 992 1679 1037 multiplicata
1701 994 1745 1027 est
1772 994 1805 1026 in
1828 995 1875 1027 eis
1898 995 2010 1029 ruina.
2039 995 2102 1030 Sed
2114 995 2263 1040 quicum·

1328 1051 1391 1085 que
1412 1043 1473 1076 sint
1484 1042 1656 1077 seniorum
1668 1042 1762 1077 Israel
1776 1042 2011 1078 Mandatorum
2034 1044 2261 1090 transgreffioe

1331 1102 1372 1126 ne
1384 1091 1502 1135 polluti
1516 1113 1535 1132 ,2
1553 1093 1613 1126 stet
1628 1092 1769 1126 Phinees
1781 1092 1887 1127 noster
1898 1092 1985 1127 solus
2005 1093 2023 1127 a
2041 1095 2107 1130 Dei
2130 1096 2176 1129 sui
2189 1094 2260 1130 Te-

1327 1142 1488 1176 stamento
1509 1153 1576 1181 non
1599 1141 1749 1182 devians,
1775 1141 1958 1186 crebrisque
1981 1141 2160 1187 lachrymis
2177 1143 2261 1179 irani

1327 1191 1412 1225 Coeli
1428 1193 1554 1235 placare
1569 1203 1636 1226 non
1652 1193 1794 1232 desinat,
1823 1191 1930 1226 donec
1951 1192 2127 1227 imminens
2152 1192 2264 1228 Ecciea

1326 1242 1374 1275 siae
1386 1243 1481 1276 cesset
1493 1243 1666 1285 quassatio.
1703 1243 1744 1276 Et
1757 1244 1883 1275 utinam
1894 1253 2057 1284 reputetur
2069 1245 2098 1276 ei
2113 1242 2152 1276 ad
2165 1240 2259 1285 justi-

1326 1291 1404 1325 tiam
1416 1290 1433 1324 a
1443 1292 1658 1336 generatione
1669 1293 1702 1326 in
1717 1293 1963 1340 generationem
1976 1291 2094 1337 usque
2086 1303 2119 1327 in
2145 1293 2261 1358 sempi

1325 1351 1473 1378 ternum
1507 1342 1636 1378 Amen

1499 1441 1905 1512 anisa-02⁴1
2009 1441 2080 1476 rx.
2153 1430 2261 1501 μή

1383 1539 1529 1577 Thomae
1557 1509 1781 1577 Cantuariensi
1812 1540 1925 1577 Archi·
1918 1541 2095 1587 -Episcopo
2120 1543 2196 1578 suus
2254 1590 2257 1593 ἢ

1622 1593 1768 1628 Clericus
1789 1593 1957 1628 Herveus.
2259 1595 2261 1599 '

1324 1689 1514 1731 Modesttffimo
1535 1694 1661 1725 Domino
1676 1689 1728 1734 fico
1748 1688 1867 1724 Thomae
1879 1715 1889 1732 ,
1919 1692 1975 1723 D‘el
1996 1695 2103 1734 gratia
2116 1687 2261 1724 'Came‘

1370 1740 1459 1780 rienfi
1469 1739 1735 1780 Archi-Episcopo,
1759 1739 1831 1780 ficus
1850 1738 2121 1781 Herveursalutem
2133 1765 2143 1781 ,
2169 1742 2204 1775 <tt
2255 1744 2257 1754 ²

1537 1786 1654 1830 fincerae
1678 1786 1838 1820 charitatis
1860 1788 2030 1821 obtentum.
2256 1791 2261 1801 ¹

1399 1887 1435 1922 St
1445 1886 1533 1922 unde
1550 1886 1699 1931 respirare
1710 1885 1805 1931 poffit
1825 1898 1863 1921 ac
1875 1886 1991 1922 debeat
2004 1887 2133 1922 animus
2154 1885 2255 1929 tuus,

1424 1936 1578 1972 hactenns
1600 1937 1797 1972 enormitate
1819 1948 1926 1972 rerum
1945 1936 2135 1972 concussus.
2163 1935 2259 1972 enh-

1319 1987 1451 2021 valescit
1477 1988 1568 2021 enim
1605 1988 1639 2022 ὅ(
1665 1987 1906 2032 redintegratur
1941 1986 2146 2031 aliquamdiu
2185 1986 2258 2022 lan·

1319 2046 1442 2080 guen,
1468 2036 1503 2070 ἀ
1517 2036 1724 2080 impudenter
1735 2037 1871 2072 lacerata
1883 2039 2007 2081 Sponsa
2021 2035 2141 2071 Christi
2153 2036 2254 2072 sacro·

1321 2087 1452 2125 sancta,
1476 2085 1512 2118 δε
1537 2086 1728 2131 Religionis
1749 2087 1858 2122 Mater
1872 2087 2033 2127 Ecclesia,
2059 2098 2129 2131 quac
2148 2097 2180 2121 te
2193 2088 2253 2122 suo

1320 2146 1544 2180 regeneratum
1557 2146 1600 2170 ex
1621 2137 1713 2178 finu,
1738 2138 1903 2172 alimentis
1915 2147 2045 2183 quoque
2060 2136 2258 2172 suiasfluenss

1318 2196 1367 2219 ter
1400 2185 1574 2220 educatum
1602 2209 1614 2227 ,
1648 2187 1759 2231 Sponfi
1783 2188 1914 2222 tandem
1946 2188 2058 2221 favore
2092 2188 2125 2223 &
2147 2187 2253 2231 gratia

1320 2236 1353 2268 in
1377 2235 1536 2269 eminenti
1569 2237 1632 2270 suae
1654 2235 1886 2271 sollicitudinis
1918 2237 2046 2279 specula
2070 2236 2251 2271 collocarit

1319 2283 1512 2318 Antistitern
1526 2299 1536 2319 .·
1565 2285 1639 2321 Ubi
1654 2286 1729 2330 quia
1743 2297 1776 2321 te
1788 2285 1922 2331 vigilem
1935 2311 1946 2328 ,
1977 2285 2080 2319 fidum
2092 2310 2103 2327 ,
2129 2285 2162 2320 δε
2173 2296 2253 2321 cou-

1316 2334 1453 2368 formem
1473 2335 1661 2378 languidis,
1687 2335 1849 2369 &laesurae
1882 2337 2139 2370 suaeconsortem
2165 2335 2255 2370 inve?

1316 2384 1366 2418 nit
1386 2406 1397 2422 ,
1422 2384 1687 2423 reformationis,
1714 2394 1811 2428 quam
1843 2383 2037 2426 prov-Christi
2059 2387 2178 2427 accipit
2190 2380 2257 2420 cle-³

1317 2434 1439 2468 mentia
1451 2457 1462 2474 ,
1488 2433 1606 2468 merito
1620 2445 1686 2468 non
1700 2433 1855 2477 relinquit
1868 2444 2039 2467 extorrem.
2068 2432 2147 2467 Hoc
2159 2435 2251 2468 enim

1314 2484 1351 2517 in
1371 2482 1406 2518 se
1417 2483 1567 2518 continet
1580 2488 1730 2518 maternae
1750 2483 1878 2526 pietatis
1901 2482 1951 2525 jus
1974 2483 2008 2517 ὅ(
2021 2483 2250 2527 privilegium,

1317 2543 1352 2568 ut
1363 2533 1508 2568 filiorum
1523 2533 1618 2567 fletus
1631 2543 1800 2568 convertat
1810 2534 1844 2566 in
1855 2531 1951 2565 risum
1967 2557 1975 2571 ‚
1987 2543 2043 2566 eos
2056 2530 2253 2575 ampiecten-

1315 2584 1361 2619 do
1392 2583 1578 2627 propensius
1600 2608 1611 2623 ,
1646 2592 1786 2626 quorum
1822 2581 2072 2616 favorabiliores
2097 2582 2250 2627 agnoscit

1317 2633 1412 2668 fletus
1435 2658 1442 2667 .
1469 2633 1563 2681 Qid
1586 2633 1708 2668 favoris
1723 2631 1785 2667 tibi
1823 2632 2029 2676 parturiverit
2064 2631 2253 2674 oppreffio,

1317 2691 1415 2728 quam
1438 2682 1614 2727 pertulisti,
1642 2683 1736 2717 novit
1759 2681 1860 2727 longe
1878 2681 2007 2724 lateque
2031 2692 2083 2723 per
2106 2681 2251 2716 diversos
2299 2708 2302 2711 >

1317 2735 1439 2768 Mundi
1461 2735 1579 2767 tractus
1598 2733 1716 2767 diffusa
1738 2731 1920 2766 Catholieae
1944 2732 2120 2766 sanctitatis
2159 2730 2251 2766 Rena

1317 2785 1396 2829 gio:
1423 2783 1569 2822 Omnis,
1594 2794 1629 2818 ut
1640 2782 1797 2822 arbitror,
1826 2782 1939 2825 lingua
1956 2782 2046 2814 no’vit
2073 2781 2107 2814 δε
2132 2782 2224 2816 natio
2242 2805 2253 2821 ,

1318 2833 1406 2877 quod
1423 2835 1458 2867 in
1474 2833 1553 2867 locis
1565 2833 1653 2867 favor
1667 2831 1778 2866 hilaris
1788 2832 1834 2865 tui
1847 2832 1929 2865 colit
1948 2829 2138 2865 memoriam
2153 2854 2163 2870 ,
2192 2830 2254 2864 ubi·

1318 2882 1457 2926 potestas
1480 2881 1645 2927 duplicata
1670 2882 1796 2915 nullam
1822 2881 1943 2915 fecisset
1967 2880 2121 2914 notitiam
2136 2905 2143 2912 .
2169 2880 2251 2914 Plus

1319 2932 1378 2967 tibi
1394 2932 1515 2976 profuit
1532 2939 1607 2967 nata
1631 2931 1796 2971 turbatio,
1822 2931 1919 2975 quarn
1944 2930 2108 2972 profuisset
2131 2931 2251 2973 quietis

1319 2982 1527 3018 continuatio
1551 3006 1558 3013 .
1596 2982 1691 3015 Olim
1713 2980 1914 3023 insolens&
1933 2991 2084 3015 erroneus
2118 2981 2250 3014 Amico·

1319 3043 1389 3067 rum
1411 3032 1505 3075 copia
1530 3032 1716 3066 fortunatus
1738 3029 1918 3064 credebaris
1937 3052 1947 3069 ,
1975 3028 2081 3064 donec
2105 3030 2158 3064 sua
2184 3031 2249 3063 sors

1322 3081 1431 3117 nubila
1442 3081 1604 3121 detraxit,
1631 3081 1708 3115 &te
1721 3079 1898 3114 manifestis
1923 3081 2035 3114 errasse
2060 3079 2251 3114 monstravit

1321 3131 1467 3167 indiciis.
1492 3131 1582 3165 Nam
1600 3140 1684 3175 quos
1697 3130 1867 3164 arridentis
1890 3131 2029 3164 fortunae
2050 3130 2148 3173 longa
2172 3138 2251 3162 tem-

1321 3193 1395 3226 pora
1409 3181 1622 3224 promiserant
1635 3181 1792 3215 immotos
1803 3204 1814 3220 ,
1842 3180 1901 3213 hos
1916 3189 2047 3214 mutatae
2070 3179 2163 3212 sortis
2177 3189 2253 3211 mo·-

1319 3242 1467 3267 mentum
1481 3230 1544 3263 levi
1558 3229 1689 3263 turbine
1701 3230 1862 3270 discuffit,
1887 3230 1921 3264 ὅ(
1944 3231 2017 3263 suos
2031 3230 2092 3262 esse
2114 3226 2252 3267 docuit,

1321 3294 1386 3316 non
1416 3290 1491 3315 tuos
1512 3303 1520 3312 .
1548 3280 1592 3313 Et
1616 3279 1732 3314 talium
1754 3290 1867 3314 tamen
1891 3278 2092 3315 confidentia
2117 3302 2127 3318 ,
2151 3277 2252 3312 elatio

1322 3332 1452 3366 forsitan
1465 3328 1509 3364 est
1536 3329 1774 3364 &insolentia.
1804 3331 1882 3364 Haec
1892 3328 2077 3363 eliminavit
2101 3328 2135 3362 ὅ(
2158 3326 2208 3360 bis
2219 3326 2255 3359 sx-

1322 3382 1411 3414 milia
1427 3390 1494 3414 non
1508 3380 1706 3414 infructuosa
1720 3380 1811 3414 sortis
1823 3379 1992 3413 adversitas
2008 3402 2020 3420 ,
2045 3375 2253 3411 insolentiam

1325 3429 1554 3465 humiliatione
1578 3452 1589 3470 ,
1623 3440 1762 3466 errorem
1801 3429 1996 3467 discretione
2030 3436 2257 3509 εοωιηιᾶεαιις,

2104 3487 2138 3510 in
2170 3487 2218 3510 ru-
