2358 3776
369 70 470 118 286

301 153 345 190 tit
356 165 417 190 nos
435 146 721 190 evocariavobis,
745 157 783 184 ut
804 147 840 182 in
865 147 1000 183 tranfitu
1022 145 1116 192 poffit
1139 143 1241 181 nostri

301 202 471 250 sanguinis
484 210 560 234 cum
577 198 759 244 iniquitatis
769 200 829 233 suae
837 197 1047 234 consortibus
1055 197 1239 243 qualecum-

299 266 367 299 que
387 261 535 286 exercete
551 249 803 285 commercium.
839 245 933 297 Qid
953 247 1043 281 enim
1064 247 1155 282 aliud
1181 246 1238 280 sibi

299 304 393 342 vult,
419 301 510 347 quod
521 299 803 340 Mediolanenses,
830 298 1090 339 Cremonenses,
1117 297 1238 333 &Par-

301 353 429 389 menses
461 352 498 386 iu
528 350 761 385 exterminium
792 348 938 380 nostrum
963 348 1112 382 mercede
1132 358 1237 383 corru-

295 414 372 449 ptos
393 400 571 437 sollicitat?
598 398 689 447 Qid
713 395 922 440 Papienfibus
943 407 999 430 aut
1035 398 1108 432 aliis
1140 397 1239 432 Italia,

295 451 484 491 civitatibus
504 449 677 484 nocuimus
694 446 836 490 unquam
849 471 861 488 ,
887 455 924 481 ut
940 445 1086 483 nostrum
1096 448 1233 482 exilium

296 501 532 549 procurarent?
557 500 595 532 ln
619 509 686 542 quo
709 497 842 532 laefimus
865 497 1021 546 sapientes
1042 497 1201 532 Bononiae
1226 522 1236 538 ,

294 555 354 599 qui
376 551 453 586 vero
477 548 643 582 sollicitati
659 547 809 591 >precibus
825 545 1032 591 &promiffis
1045 572 1055 588 ,
1081 547 1235 592 perniciei

294 602 409 639 caussae
431 597 543 633 nostrae
561 622 573 640 ‚
600 609 697 642 quam
715 598 885 633 audierant
907 622 918 638 ,
945 597 1123 631 noluerunt
1157 597 1232 632 dare

288 651 484 688 consensum
498 649 515 682 ἒ
542 648 641 683 Certe
653 660 712 683 nos
732 648 915 682 Robertum
928 646 970 681 de
983 646 1154 682 Baffevina
1166 659 1233 683 non

285 701 573 750 <proscripseramus
592 724 603 740 ‚
642 699 677 733 &
696 709 805 733 tamen
830 697 1114 732 sollicitationibus
1140 698 1233 732 indu·

292 757 364 789 &us
379 753 425 787 est
438 775 450 792 ,
476 760 512 784 ut
534 749 676 783 nostram
698 748 783 792 apud
805 758 865 782 vos
882 758 1083 791 perpetuaret
1105 749 1235 792 proscri-

291 805 444 850 ptionem
456 826 464 834 .
491 800 584 835 Dolo
604 810 711 833 tamen
729 798 837 842 postea
855 799 1017 843 cognito,
1043 798 1234 843 poenitentia

289 845 407 890 ductus
426 851 580 896 rogavit,
608 862 648 884 ne
671 847 768 892 ipsius
789 846 904 890 injusta
918 849 1036 892 petitio
1058 848 1229 884 audiretur.

292 902 478 940 Richardus
498 901 713 943 Syracusanus
729 898 859 933 Ele-stus
879 921 891 938 ,
910 910 1085 944 corruptus
1105 908 1234 942 accepta

290 956 347 999 spe
369 951 608 988 Lincolniensis
621 949 834 993 Episcopatus
845 972 864 989 ,,
881 951 1096 994 persecutores
1110 949 1234 983 nostros

289 1001 374 1050 juvit
391 1003 531 1046 opibus,
556 1001 694 1034 armavit
715 999 877 1041 consilio,
902 1000 1024 1034 viribus
1042 1000 1233 1034 roboravit.

289 1051 381 1090 Nam
403 1054 438 1087 δε
459 1052 516 1095 ipfi
540 1050 627 1095 Regi
649 1048 784 1091 Siculo,
810 1050 894 1084 intra
915 1048 1007 1093 cujus
1030 1050 1112 1084 fines
1131 1048 1234 1083 modo

287 1102 436 1139 consistit
456 1101 484 1135 is
503 1125 515 1142 ,
541 1110 579 1135 ut
600 1110 674 1134 eum
696 1111 848 1144 caperent
863 1101 898 1134 in
920 1100 1097 1144 perniciem
1122 1099 1230 1134 Eccle-

285 1155 336 1189 siae
356 1153 391 1188 δε
413 1152 577 1191 nostram,
604 1150 705 1184 filiam
729 1150 834 1196 Regis
856 1150 988 1195 Angliae
1013 1150 1232 1193 copulandam

286 1204 323 1241 in
346 1202 595 1238 matrimonium
619 1200 852 1244 promiserunt.
881 1201 1006 1235 Nonne
1030 1202 1230 1245 Frangentes

286 1265 428 1299 panem,
453 1252 488 1287 ὅ(
502 1251 659 1285 familiam
683 1251 890 1292 Leoninam,
915 1251 948 1286 ἀ
969 1260 1102 1296 gentem
1121 1251 1232 1286 Latro·

286 1316 392 1344 num,
416 1304 451 1337 &
472 1302 556 1335 alios
578 1301 752 1334 Romanos
772 1300 1017 1334 Potentiffimos
1029 1323 1041 1340 ,
1066 1301 1152 1344 quafi
1166 1300 1228 1334 Ca-

285 1355 349 1390 stra
361 1350 561 1389 condustitia
583 1350 786 1384 adduxerunt
797 1374 807 1390 ‚
836 1358 872 1383 ut
884 1360 950 1382 non
973 1360 1038 1383 tarn
1051 1349 1227 1388 flecterent,

283 1404 385 1449 quam
403 1404 589 1445 frangerent
613 1399 791 1435 Ecclesiam
804 1399 992 1433 Romanam
1012 1401 1026 1433 ?
1049 1399 1112 1434 Sed
1127 1399 1162 1433 ἀ
1181 1410 1230 1443 pa·

283 1462 357 1489 cem
367 1449 574 1493 Imperatoris
583 1449 616 1481 δε
628 1450 796 1482 Saxonum
807 1449 1040 1491 repromittunt
1049 1472 1058 1481 .
1087 1449 1131 1482 Et
1143 1447 1232 1490 quod

282 1511 401 1539 omnes
420 1499 594 1534 Romanos
613 1497 713 1530 Beata
733 1496 878 1532 Pecunia
899 1496 1058 1531 inducent
1080 1520 1092 1536 ,
1119 1507 1156 1531 ut
1180 1498 1232 1531 fa-

282 1553 375 1589 ciant
395 1548 589 1585 fidelitatem
603 1547 757 1581 Domino
784 1546 902 1590 Papae,
927 1545 1114 1580 dummodo
1126 1546 1160 1580 in
1173 1558 1230 1581 no·

282 1602 347 1638 stra
358 1600 539 1645 dejectione
564 1597 665 1642 Regis
689 1596 821 1641 Angliae
838 1596 1012 1631 satisfaciat
1032 1596 1196 1631 voluntati
1223 1622 1230 1629 .

283 1651 381 1690 Patet
396 1651 495 1696 quam
519 1650 664 1683 securum
687 1647 853 1681 transitum
882 1671 893 1688 ,
931 1646 1029 1692 quam
1050 1645 1231 1689 jucundum

283 1711 509 1740 commeatum
534 1698 633 1732 nobis
653 1696 827 1741 diligentia
849 1694 994 1731 hominis
1018 1696 1230 1741 praeparabat.

285 1751 442 1789 Profeffi
459 1761 528 1784 non
542 1747 616 1781 satis
626 1745 757 1780 curabat
773 1769 783 1786 ,
810 1746 898 1779 unde
908 1745 1073 1780 satisfieret
1093 1746 1230 1781 credito·

282 1803 374 1840 ribus
397 1800 536 1839 nostris,
562 1795 650 1831 unde
668 1796 787 1836 sociis,
811 1796 834 1829 fi
858 1796 931 1840 quis
951 1805 1061 1830 tamen
1085 1796 1227 1830 inveniri

284 1853 411 1900 posset,
438 1849 479 1884 ad
498 1847 704 1893 procinctum
723 1845 847 1880 itineris
872 1846 1043 1880 necessaria
1069 1845 1229 1881 ministra·

283 1913 416 1943 rentur,
443 1897 685 1940 undesumptus
705 1895 834 1930 itineris
844 1895 1078 1939 procederent,
1102 1896 1229 1931 &sola-

282 1955 332 1990 tia
352 1950 532 1997 proscriptae
553 1945 778 1982 multitudinis
796 1970 807 1988 ,
832 1956 905 1991 quae
921 1946 992 1990 post
1015 1946 1228 1990 quinquenne

282 2004 422 2040 exilium
444 2010 544 2046 egens
564 1998 599 2033 &
616 1995 737 2032 afflicta
752 2005 821 2030 erat
841 1997 875 2029 in
907 1995 1010 2030 tantis
1037 1995 1229 2030 calamitati·

284 2055 346 2090 bus
356 2049 526 2088 deserenda
537 2076 543 2083 .
573 2047 699 2082 Eadem
711 2045 785 2081 sane
794 2046 968 2091 diligentia
980 2045 1224 2090 procurantium

284 2105 377 2144 haec,
399 2101 557 2145 quoniam
570 2098 675 2143 Regis
693 2108 818 2133 nomen
844 2097 879 2131 in
898 2095 986 2130 hanc
1007 2095 1228 2141 suspicionem

282 2152 516 2190 deducendum
526 2149 590 2186 esse
612 2160 680 2183 non
693 2147 874 2186 credimus,
898 2155 1048 2191 poterant
1061 2145 1227 2190 hospitum

285 2204 435 2241 utensilia
460 2200 620 2240 toxicari,
645 2198 825 2233 &difficile
845 2197 891 2231 est
913 2198 1016 2231 vitam
1037 2198 1159 2230 servare
1172 2196 1227 2228 »in-

286 2256 452 2292 columem
464 2276 475 2292 ,
498 2251 553 2286 cui
576 2249 743 2285 insidiatur
762 2249 789 2282 is
809 2271 821 2288 ,
845 2247 904 2291 qui
921 2247 971 2289 jus
980 2243 1123 2279 habetin
1135 2244 1229 2279 fami-

284 2308 365 2342 liam
386 2314 508 2339 totam.
536 2302 580 2334 Et
599 2311 641 2334 ne
665 2300 697 2331 in
724 2297 785 2331 hac
796 2306 885 2339 parte
903 2294 1055 2336 schedula
1065 2292 1227 2338 protraha-

286 2368 341 2392 tur
363 2356 397 2390 δε
419 2352 537 2391 verba,
562 2346 672 2394 quoad
694 2347 762 2380 vita
783 2355 893 2379 comes
929 2344 1025 2378 fuerit
1046 2369 1057 2385 ,
1083 2355 1145 2379 nos
1167 2354 1228 2388 pro

287 2406 378 2442 nulla
399 2402 544 2445 unquam
566 2396 742 2431 vocatione
762 2395 968 2429 tot&tantis
979 2394 1227 2439 periculisinge-

284 2466 413 2492 remus.
440 2450 532 2485 Nam
545 2449 567 2481 si
586 2447 661 2490 quis
681 2457 721 2479 ex
741 2454 949 2489 quacumque
970 2447 1067 2479 causa
1086 2454 1226 2478 mortem

285 2518 355 2541 non
366 2502 521 2538 detrectat
533 2524 544 2539 ,
572 2497 674 2530 vitam
685 2494 814 2529 facilius
825 2495 943 2538 poterit
956 2496 1039 2530 ferro
1050 2496 1098 2529 vel
1108 2495 1227 2538 laqueo

284 2558 464 2596 germinare
486 2577 494 2584 .
520 2549 635 2591 Nuper
653 2554 762 2580 autem
783 2544 868 2579 milit
887 2543 974 2578 idem
988 2545 1063 2580 Rex
1075 2544 1229 2579 Nuncios

286 2610 386 2647 suos,
415 2601 618 2646 Episcopum
634 2596 784 2630 videlicet
805 2595 992 2640 sagiensem
1007 2619 1018 2636 ,
1042 2595 1077 2630 δι
1098 2595 1232 2629 Gaufre-

288 2659 369 2692 dum
390 2648 660 2687 Cantuariensem
684 2646 1010 2680 Archi-Diaconum
1037 2670 1050 2686 ,
1073 2645 1115 2679 ad
1137 2643 1232 2680 Chri-

289 2703 515 2741 stianiffimum
535 2698 664 2741 Regem
686 2720 698 2736 ,
734 2695 913 2729 sollicitans
932 2706 1007 2729 eum
1029 2693 1173 2738 precibus
1199 2696 1231 2729 ἀ

293 2752 456 2802 promissis
469 2775 479 2791 ‚
505 2758 542 2783 ut
563 2758 624 2781 nos
636 2746 764 2788 ejiceret
774 2745 815 2779 de
826 2756 907 2779 terra
919 2747 974 2779 sua
986 2770 993 2778 .
1020 2742 1082 2780 Sed
1096 2746 1145 2780 vir
1154 2745 1230 2780 Deo

291 2808 406 2853 plenus
428 2798 594 2843 respondit
613 2797 644 2830 se
656 2795 721 2829 hoc
742 2794 793 2836 ius
812 2792 1048 2831 haereditarium
1066 2795 1108 2830 ab
1129 2794 1231 2830 Ante-

291 2854 467 2893 cessoribus
484 2845 698 2886 contraxisse,
722 2845 891 2888 &semper
911 2847 1002 2880 fuisse
1025 2845 1233 2880 consuetudi-

294 2905 346 2941 nis
370 2901 480 2946 Regni
499 2901 722 2934 Francorum,
747 2905 783 2928 ut
802 2906 917 2929 omnes
935 2908 994 2938 pro
1014 2896 1133 2939 justitia
1157 2907 1234 2930 exu-

295 2957 400 2992 lantes
420 2947 564 2994 benigne
584 2945 739 2989 recipiat,
765 2945 798 2978 δι
821 2945 866 2978 eis
882 2945 998 2980 debitae
1019 2945 1234 2980 humanitatis

293 3005 409 3041 solatia
433 2997 620 3044 impendat.
649 2996 692 3029 Et
711 2994 798 3029 dixit
808 2995 838 3028 se
859 3006 1026 3039 nunquam
1048 3006 1114 3031 tam
1127 2995 1235 3031 lauda-

296 3056 398 3092 bilem
419 3049 659 3087 haereditatem,
684 3046 717 3080 &
742 3044 819 3078 Deo
835 3055 962 3089 gratam
980 3057 1021 3079 ex
1043 3047 1137 3080 causa
1157 3055 1234 3090 qua·

296 3105 377 3142 libet
398 3102 594 3137 deserturum
606 3121 613 3128 .
637 3094 770 3140 Adjecit
792 3093 891 3128 etiam
903 3118 913 3135 ,
940 3095 1029 3136 quod
1042 3106 1101 3129 nos
1113 3106 1235 3140 recepe-

298 3165 347 3192 rat
367 3154 408 3188 de
426 3161 526 3186 manu
550 3147 693 3181 Domini
718 3145 832 3188 Papae,
859 3155 956 3189 quem
971 3145 1075 3179 solum
1102 3146 1135 3178 in
1146 3147 1236 3180 terris

297 3205 399 3242 habet
416 3199 605 3238 Dominum
628 3220 640 3238 ,
665 3196 698 3230 ὅ(
722 3194 798 3229 ideo
821 3200 881 3229 nee
918 3205 978 3238 pro
1005 3195 1200 3237 Imperatore
1225 3220 1236 3236 ,

298 3269 359 3292 nec
384 3264 442 3298 pro
464 3251 577 3295 Rege,
602 3258 662 3281 nec
673 3257 731 3290 pro
747 3245 856 3287 aliqua
874 3244 989 3278 mundi
1012 3245 1170 3288 potestate
1190 3245 1236 3279 di·

303 3306 470 3342 missurum
494 3326 505 3343 ,
541 3298 620 3342 quin
643 3298 751 3331 foveat
772 3305 832 3329 nos
851 3295 884 3328 ὅ(
906 3295 1034 3329 causam
1057 3294 1198 3328 nostram
1226 3320 1236 3335 ,

301 3353 457 3399 quamdiu
479 3348 603 3386 necesse
623 3346 718 3381 fuerit
738 3357 746 3377 ε
775 3345 932 3387 quoniam
952 3346 1043 3379 Deus
1066 3344 1234 3379 nobiscum

299 3405 347 3442 est
361 3420 372 3442 ,·
396 3404 429 3436 ὃς
448 3413 505 3445 pro
525 3396 647 3437 tuenda
665 3396 739 3443 lege
758 3395 854 3440 ipsius
873 3403 925 3430 tot
946 3395 1079 3441 injurias
1097 3395 1132 3430 dc
1149 3395 1236 3431 darn-

946 54 1502 118 EpisToLAE

1298 153 1341 180 na
1364 146 1576 182 sustinemus.
1604 145 1684 183 Hoc
1695 148 1854 193 responso·
1864 152 2020 191 consuas
2039 156 2182 200 dimisit,
2211 159 2247 198 δὲ

1299 197 1387 241 quod
1408 199 1439 232 ei
1450 198 1543 232 Deus
1567 198 1744 240 retribuat,
1770 200 1868 235 solito
1881 200 2050 247 benignior
2070 209 2104 244 &
2126 209 2240 246 libera.

1300 246 1362 281 lior
1373 248 1443 288 esi,
1469 246 1546 281 licet
1567 245 1728 293 benignus
1752 250 1787 284 ἀ
1810 250 1952 286 liberalis
1974 255 2090 299 semper
2114 260 2247 295 exstite-

1300 296 1359 331 rit.
1383 296 1477 332 Dicit
1490 307 1599 332 autem
1623 299 1655 332 se
1678 300 1934 342 probaturumin
1953 305 2048 339 causa
2069 308 2172 343 nostra
2184 310 2243 344 fini

1273 359 1276 362 ⁴
1300 346 1464 383 ceritatem
1486 349 1519 382 δε
1541 348 1690 393 vigorem
1704 348 1850 385 Ecclefiae
1864 351 2024 387 Romanae
2044 376 2055 393 ,
2079 355 2114 390 &
2131 361 2244 394 verita.

1301 407 1366 431 tem
1387 398 1530 434 Domini
1553 397 1668 442 Papa,
1697 400 1790 444 cujus
1812 400 1956 437 fidem&
1977 403 2191 443 constantiam
2207 410 2242 443 in

1300 457 1340 481 eo
1362 449 1573 483 commendat
1594 449 1773 492 plurimum
1798 475 1810 491 ,
1847 453 1936 496 quod
1960 453 2087 499 Regem
2116 453 2245 502 Angliae

1303 497 1336 530 in
1350 498 1564 541 petitionibus
1580 499 1706 543 injustis
1715 500 1808 536 abeo
1833 502 1954 546 gaudet
1973 505 2037 538 effe
2048 505 2211 549 repulsum
2233 532 2243 540 .

1300 546 1334 581 Si
1356 557 1464 583 tamen
1486 561 1559 585 vera
1583 549 1659 584 sunt
1681 575 1693 591 ,
1730 562 1798 595 quae
1817 551 1942 589 audivit
1965 553 1983 587 ὲ
2004 554 2208 600 rumigerulis
2234 580 2247 598 ‚

1299 596 1334 630 ἀ
1358 598 1523 635 Dominus
1558 598 1647 643 Papa
1670 603 1916 645 perseveraverit
1943 603 1978 638 in
1999 616 2041 639 eo
2064 629 2076 646 ,
2103 603 2195 649 quod
2216 607 2247 641 ei

1299 649 1441 690 promisit
1463 649 1506 684 de
1524 649 1641 685 nobis.
1670 651 1754 687 Sunt
1773 652 1809 686 in
1833 663 1923 697 parte
1934 655 2065 689 adversa
2076 679 2089 696 ,
2115 654 2248 699 quinos

1299 696 1483 733 ablatorum
1500 700 1738 735 restitutionem
1761 713 1868 746 petere
1889 704 2091 740 dissuadeant
2114 729 2126 745 ,
2165 705 2199 739 ὃ(
2223 704 2247 739 fi

1298 746 1382 782 forte
1401 747 1442 783 de
1463 760 1540 793 pace
1559 751 1724 795 agendum
1742 753 1838 788 fuerit
1861 779 1872 795 ,
1898 755 2012 790 omnia
2035 752 2250 799 perfunctorie

1300 799 1486 841 pertransire
1521 825 1533 842 ,
1568 812 1636 836 non
1658 802 1865 838 attendentes
1885 805 1982 848 quam
2022 804 2242 850 periculosum

1297 849 1372 882 esset
1395 850 1568 894 exemplo,
1593 851 1668 886 cum
1691 853 1782 886 lucro
1803 855 1953 899 succensa
1975 855 2135 898 cupiditas
2163 854 2244 889 hinc

1283 898 1432 933 animari
1454 900 1550 944 poffit
1569 926 1580 942 ,
1607 911 1644 936 ut
1660 912 1720 945 pro
1742 901 1839 938 libitu
1868 905 1987 950 releget
2009 906 2043 940 ἀ
2062 904 2244 949 proscribat

1296 959 1435 990 omnes,
1459 950 1493 984 ἀ
1514 950 1649 985 tandem
1672 952 1706 984 in
1725 953 1866 996 gratiam
1891 955 2037 989 Ecclefiae
2049 956 2157 990 redeat
2175 979 2188 996 ,
2212 955 2238 988 fi

1297 1008 1504 1043 quacumque
1526 1000 1645 1043 jactura
1669 1001 1757 1034 illius
1777 1002 2048 1048 qualemcumque
2066 1005 2179 1040 fecerit
2194 1014 2247 1048 pa-

1296 1059 1386 1083 cem.
1414 1049 1503 1083 Nam
1525 1047 1714 1094 hujusmodi
1733 1050 1946 1087 diffimulatio
1969 1054 2104 1097 cupidas
2126 1057 2241 1090 incen«

1296 1099 1346 1133 dit
1368 1099 1564 1143 potestates,
1601 1099 1636 1134 dt
1657 1101 1808 1144 perversis
1829 1099 2022 1137 hominibus
2045 1105 2247 1147 praestatem

1295 1149 1423 1184 daciam
1447 1149 1659 1192 delinquendi
1682 1176 1690 1184 .
1718 1151 1906 1194 Meliusque
1938 1152 2036 1189 nobis
2063 1153 2142 1188 esset
2158 1167 2160 1169 ·
2178 1156 2248 1187 nou

1295 1200 1390 1234 fuisse
1408 1210 1504 1234 natos
1516 1223 1528 1240 ,
1555 1199 1653 1244 quam
1674 1200 1709 1234 in
1725 1201 1903 1238 Ecclefiam
1926 1203 2092 1238 induxiffe
2124 1202 2248 1247 pestem

1294 1258 1362 1283 tam
1385 1249 1555 1293 perniciosi
1577 1251 1720 1293 exempli
1743 1263 1751 1282 :
1779 1252 1951 1295 praesertim
1978 1252 2055 1287 cum
2080 1253 2130 1287 illi
2150 1253 2251 1289 facile

1294 1299 1329 1332 sit
1349 1299 1470 1333 damna
1493 1309 1600 1332 rerum
1624 1299 1891 1336 immunitatibus
1910 1327 1922 1343 ,
1965 1303 2146 1347 privilegiis
2164 1326 2176 1344 ,
2206 1302 2249 1337 ’ἀ
2288 1334 2291 1338 .

1294 1347 1540 1393 posseffionibus
1565 1348 1699 1384 incultis
1734 1373 1746 1389 ,
1783 1351 1818 1384 dt
1839 1351 1912 1386 aliis
1941 1351 2110 1387 beneficiis
2130 1351 2245 1388 nostro

1294 1408 1458 1442 praeunte
1477 1398 1617 1432 confilio
1650 1410 1692 1432 ex
1721 1410 1810 1442 parte
1831 1401 1978 1436 maxima
2000 1403 2212 1447 compensare
2239 1427 2247 1435 .

1294 1449 1414 1492 Neque
1434 1445 1571 1487 hoe‚.fi
1593 1446 1761 1481 Dominus
1782 1448 1871 1491 Papa
1893 1449 2051 1484 adstiterit
2078 1474 2090 1490 ‚
2114 1452 2249 1486 difficile

1292 1497 1338 1531 est
1359 1497 1565 1540 extorqueri.
1592 1496 1684 1543 Qia
1707 1495 1783 1531 licet
1805 1497 1979 1541 praetendat
2003 1500 2131 1541 minas,
2157 1510 2248 1535 totus

1292 1556 1418 1581 terrore
1439 1545 1629 1581 concutitur
1641 1570 1653 1586 ,
1678 1557 1720 1581 ex
1730 1558 1797 1589 quo
1816 1558 2030 1584 contumaces
2044 1550 2222 1594 Episcopos
2235 1574 2247 1591 ,

1293 1597 1328 1631 dc
1348 1596 1431 1631 alios
1451 1595 1584 1631 malitias
1607 1597 1667 1630 suae
1687 1597 1866 1640 complices
1883 1622 1894 1640 ‚
1932 1599 1969 1634 δι
1998 1600 2155 1635 satellites
2180 1601 2246 1635 ini.-

1293 1647 1450 1690 quitatis‚
1479 1644 1629 1681 Sathanae
1644 1646 1727 1681 tradi
1759 1647 1843 1682 vidit
1865 1649 1900 1682 in
1922 1647 2095 1684 interitum
2117 1651 2247 1684 carnis.

1292 1696 1383 1731 Nam
1405 1697 1429 1731 fi
1453 1695 1505 1731 isti
1527 1696 1663 1731 contriti
1684 1697 1829 1737 fuerint,
1853 1698 1951 1733 citius
1972 1699 2005 1733 dc
2027 1698 2156 1734 facilius
2178 1710 2250 1744 per-

1291 1746 1504 1785 domabitur,
1529 1748 1564 1780 &
1585 1747 1713 1791 fulgura
1734 1747 1802 1790 ejus
1818 1749 1854 1782 in
1892 1749 2035 1792 pluviam
2057 1752 2248 1783 converten-

1291 1804 1362 1829 tur.
1391 1795 1542 1839 Expertis
1561 1795 1705 1835 credite,
1744 1798 1803 1839 qui
1830 1799 1983 1832 novimus
2011 1798 2158 1832 hominis
2176 1809 2245 1833 mo·

1290 1856 1364 1886 res,
1388 1845 1447 1889 qui
1466 1845 1667 1889 portavimus
1684 1844 1811 1889 pondus
1836 1845 1902 1880 diei
1928 1848 1962 1881 &
1983 1847 2095 1887 aestus,
2120 1859 2182 1882 nec
2194 1848 2245 1882 ad·

1290 1894 1355 1930 buc
1379 1905 1439 1939 pro
1459 1895 1611 1930 Domino
1631 1895 1666 1928 δε
1687 1896 1835 1930 Ecclefiae
1859 1896 2008 1931 libertate
2030 1897 2246 1933 formidamus

1291 1946 1499 1990 congressum
1514 1968 1523 1977 .
1551 1943 1687 1979 Credite
1705 1968 1717 1984 ‚
1746 1946 1882 1988 inquam
1898 1971 1910 1988 ,
1933 1948 2009 1990 quia
2031 1947 2097 1991 ejus
2117 1948 2244 1993 ingenii

1290 1993 1395 2029 homo
1415 1995 1461 2029 est
1474 2019 1486 2036 ,
1511 2002 1548 2028 ut
1567 2004 1637 2028 non
1661 1993 1755 2037 poffit
1779 1994 1840 2029 nifi
1865 1996 2030 2040 suppliciis
2049 1999 2216 2032 emendari
2229 2022 2238 2031 .

1291 2045 1335 2079 Et
1359 2044 1437 2086 quia
1460 2043 1562 2078 totius
1601 2043 1734 2078 malitia:
1770 2044 1840 2089 ejus
1875 2046 2027 2081 incentor
2064 2048 2244 2092 Episcopus

1289 2093 1552 2136 Londonienfis,
1578 2094 1633 2138 qui
1655 2105 1757 2137 nuper
1783 2095 1817 2128 in
1842 2105 1965 2131 tantam
1989 2097 2124 2139 prosiliit
2139 2098 2245 2142 impu-

1289 2145 1461 2186 dentiam,
1487 2153 1526 2180 ut
1548 2144 1667 2179 dixerit
1693 2145 1725 2179 se
1749 2145 1972 2180 Cantuarienli
1991 2146 2161 2187 Ecclesiae,
2187 2149 2241 2182 cui

1289 2194 1517 2239 professionem
1539 2194 1637 2235 fecit,
1666 2194 1790 2229 nullam
1811 2220 1822 2236 ,
1846 2207 1888 2230 ex
1906 2207 1977 2238 quo
1997 2197 2169 2231 translatus
2180 2198 2244 2238 est,

1288 2244 1403 2280 debere
1425 2243 1648 2280 obedientiam
1669 2269 1680 2285 ,
1714 2244 1874 2289 gloriatur
1898 2247 1998 2280 etiam
2020 2270 2032 2287 ,
2067 2248 2156 2291 quod
2165 2247 2239 2284 ’,Οι-

1288 2292 1438 2330 thedram
1460 2295 1586 2329 Archi·
1599 2295 1824 2339 Episeopalem
1842 2294 1882 2330 ad
1896 2296 2072 2331 Ecclesiam
2106 2297 2242 2331 Londo-

1289 2345 1435 2378 niensem
1459 2345 1623 2379 transferri
1646 2346 1766 2386 faciet,
1794 2346 1919 2380 necesse
1940 2346 1984 2380 est
2008 2347 2241 2391 tantaeiniqui-

1289 2395 1366 2430 tatis
1381 2405 1479 2438 caput
1503 2394 1655 2434 conteri,
1682 2405 1718 2428 ut
1741 2395 1931 2439 Anglicana
1955 2396 2097 2430 Ecclesia
2118 2392 2240 2430 conva-

1292 2445 1408 2480 lescat.
1433 2445 1667 2488 Opposuerunt
1690 2442 1721 2477 se
1745 2440 1794 2477 illi
1813 2455 1916 2486 nuper
1938 2444 2101 2479 scissuram
2124 2446 2240 2479 Eccle-

1290 2495 1339 2529 sia:
1360 2494 1512 2529 molienti
1530 2495 1641 2528 fratres
1663 2493 1697 2527 ὃ(
1722 2491 1919 2536 Coepiscopi
1943 2493 2062 2533 nostri,
2089 2494 2131 2530 ad
2147 2505 2232 2538 quos

1292 2543 1526 2579 subvertendos
1545 2544 1586 2578 de
1608 2543 1789 2577 cismarinis
1818 2542 1964 2586 partibus
1976 2543 2080 2588 Regis
2098 2544 2234 2579 Officia-

1292 2596 1339 2630 les
1360 2594 1516 2636 attraxit,
1541 2603 1577 2627 ut
1602 2605 1657 2636 per
1677 2604 1734 2627 eos
1757 2593 1968 2637 affligantur,
1993 2595 2048 2636 qui
2069 2605 2146 2628 cum
2167 2594 2237 2637 ipso

1293 2646 1432 2690 recipere
1452 2643 1665 2679 characterem
1690 2641 1795 2677 bestiae
1809 2655 1878 2678 non
1901 2643 2142 2686 acquieverint.
2162 2642 2235 2678 Plau

1291 2706 1363 2730 ceat
1387 2695 1498 2738 itaque
1510 2693 1696 2739 dignationi
1709 2693 1817 2727 vestrae
1832 2717 1843 2736 ,
1865 2703 1962 2737 quam
1974 2693 2006 2726 in
2021 2692 2237 2728 cantuarien·

1293 2747 1329 2780 fis
1355 2745 1503 2780 Ecclesiae
1526 2753 1735 2787 patronatum
1758 2742 1926 2778 Dominus
1951 2742 2142 2785 suscitavit,
2169 2742 2236 2778 haec

1293 2796 1333 2830 ad
1349 2806 1494 2830 mentem
1511 2793 1653 2829 Domini
1676 2793 1768 2836 Papae
1790 2793 1941 2827 reducere
1961 2817 1971 2832 ‚
2002 2793 2036 2827 ἀ
2065 2805 2123 2836 pro
2142 2804 2235 2828 more

1294 2846 1401 2880 vestro
1420 2845 1612 2880 confirmare
1638 2843 1674 2877 in
1703 2843 1918 2877 subventione
1942 2842 2088 2876 Ecclesiae
2113 2844 2235 2885 ,fratres

1292 2895 1436 2937 vestros,
1463 2896 1497 2929 &
1518 2896 1685 2938 impetrare
1705 2916 1716 2933 ,
1753 2902 1788 2925 ut
1810 2901 1864 2935 per
1885 2891 2068 2926 nostrarum
2090 2892 2236 2928 toleran-

1295 2946 1373 2981 tiam
1393 2946 1574 2989 passionum
1595 2941 1737 2987 acquirat
1759 2939 1951 2984 Apostolica
1984 2943 2082 2977 Sedes
2111 2943 2234 2989 Angli·

1296 3007 1382 3031 canat
1404 2994 1739 3030 Ecclefiaelibertatem
1753 3015 1760 3023 .
1788 2990 1878 3026 Nam
1902 2995 1985 3026 mori
2011 2992 2231 3037 praeelegimus

1296 3045 1332 3080 in
1348 3045 1437 3079 exilii
1455 3045 1629 3080 acerbitate
1651 3052 1709 3085 pro
1721 3041 1892 3083 Domino,
1921 3042 2019 3085 quam
2041 3043 2149 3077 videre
2170 3043 2233 3079 Ec·

1296 3095 1423 3131 cleliam
1445 3092 1631 3130 execrandis
1655 3101 1868 3134 tyrannorum
1901 3091 2133 3127 traditionibus
2150 3102 2228 3136 pro-

1298 3144 1433 3190 phanari
1455 3170 1467 3186 ,
1493 3146 1527 3180 &
1547 3142 1673 3179 Divinae
1694 3141 1774 3185 legis
1796 3143 1945 3177 evacuari
1968 3143 2114 3187 vigorem
2127 3165 2135 3174 .
2158 3142 2230 3176 Da-

1297 3206 1331 3230 te
1353 3195 1504 3236 veniam,
1529 3193 1604 3239 quia
1634 3190 1729 3226 verba
1749 3190 1933 3236 protrahere
1959 3193 2116 3236 protrasta
2137 3192 2231 3237 cogit

1299 3246 1485 3287 necessitas,
1510 3245 1544 3279 ὃ(
1564 3243 1722 3277 nonnulla
1744 3253 1815 3286 pars
1835 3242 1998 3278 solatiiest
2013 3244 2047 3275 in
2073 3253 2149 3276 aure
2160 3242 2230 3276 dub

1298 3297 1414 3332 ciffimi
1431 3295 1534 3330 Patris
1555 3293 1589 3328 δε
1610 3292 1739 3335 piissimi
1763 3292 1902 3326 Domini
1925 3292 2067 3336 proprias
2088 3292 2226 3328 effundo-

1300 3359 1331 3381 re
1351 3347 1573 3381 calamitates.
1601 3343 1767 3386 Siquidem
1792 3344 1882 3376 Dulce
1901 3343 1976 3384 loqui
2006 3340 2148 3385 miseris?
2175 3351 2225 3374 ve-

1297 3395 1426 3440 teresque
1445 3394 1578 3430 reducere
1602 3392 1746 3436 quaestus.
1777 3392 1820 3430 Et
1843 3402 1880 3430 ut
1903 3391 2101 3436 haecsssaepius
2112 3390 2151 3448 ad
2162 3400 2225 3423 mo·

2046 3449 2182 3476 moriam
