2358 3776
442 111 487 156 S.
532 106 831 157 THOMAE
891 104 1298 158 CANTUAR.
1347 103 1481 152 LIB.
1517 108 1588 154 11.

62 195 225 243 Regnum
234 193 333 228 etiam
348 217 359 234 ,
381 193 414 229 δε
426 204 528 236 cetera
539 219 550 236 ,
567 190 639 239 qua:
651 194 764 233 nostro
781 190 952 229 commissa
962 202 1007 225 re-

67 247 187 292 gimini
195 269 208 286 ‚
231 243 357 289 singula
369 244 385 279 a
397 245 547 279 Domino
557 246 591 280 &
603 246 760 284 Creatori:
771 242 886 281 nostro
908 241 1006 276 nobis

67 297 188 332 collata
199 294 319 338 scimus
331 294 364 328 &
375 295 562 338 profitemur
574 320 585 337 ,
609 295 643 330 δε
661 294 717 339 ipsi
740 293 800 328 soli
825 302 894 327 non
905 302 1007 337 quan*

68 344 282 381 tasdebemus
306 369 316 385 ,
342 346 498 388 quoniam
519 343 560 380 ad
581 345 617 382 id
637 356 706 383 nou
731 341 927 383 sufficimus,
952 339 1006 375 sed

66 405 146 440 quas
166 395 329 439 possumus
345 419 356 436 ‚
381 395 560 440 gratiarum
583 395 752 433 referimus
773 393 933 431 astiones.
962 391 1006 426 Et

67 446 193 480 utinam
202 445 371 480 Dominus
388 446 475 489 Papa
489 457 546 489 pro
569 444 667 482 nobis
689 443 877 481 Dominum
897 442 1007 486 depre-

62 506 176 536 cetur,
203 506 238 530 ut
248 495 402 535 Domino
414 494 607 534 &Creatori
620 492 732 532 nostro
752 492 895 531 debitam
915 490 1006 529 exhi·

65 544 140 579 bere
160 546 334 589 pommus,
359 546 394 580 &
415 546 552 584 sciamus
571 544 784 584 devotionem
806 543 841 581 δε
862 553 1007 581 reveren·

66 595 160 636 tiam,
194 597 275 630 &ut
285 596 342 640 ipsi
353 595 468 633 servire
483 618 495 636 ,
521 594 555 630 δε
576 593 683 638 ipsum
706 593 862 637 diligere,
891 593 926 626 in
949 602 1006 626 ter·

66 646 113 679 tia
124 645 238 681 saltem
250 657 314 690 qua
337 644 492 680 debemus
513 645 691 691 portione,
715 644 895 681 valeamus.
924 642 1006 681 Sane

64 695 166 739 licet,
192 696 352 740 quantum
363 706 404 730 ex
416 695 531 730 debito
549 705 716 735 tenemur,
742 694 847 738 ipsum
871 693 1006 737 diligere

65 746 251 781 &venerari
265 757 333 780 non
345 744 519 789 poffimus,
547 746 696 782 affectum
717 753 827 782 tamen
851 743 886 782 ὃς
907 742 1006 777 devo-

66 795 194 832 tionem
208 795 428 838 habemusipfi
443 796 475 828 in
489 794 621 839 singulis
636 793 793 830 deservire
804 817 815 834 ,
844 794 877 827 in
903 792 1007 827 omni·

68 844 127 879 bus
148 843 308 888 obsequi,
334 844 369 882 in
390 845 546 878 universis
567 843 720 878 obedire.
758 844 796 878 ln
820 843 1006 888 integritate

65 894 299 937 autem'gratiae
312 918 324 934 ,
347 894 380 927 δε
392 892 579 932 dilectionis
591 893 734 928 Domini
752 892 847 937 Papae
868 894 1007 930 libenter

66 944 263 988 perseverare
280 943 431 982 volumus
441 966 451 982 ,
475 943 510 982 ὃς
520 943 705 984 affectamus
718 968 729 984 ,
755 944 777 977 fi
790 943 886 979 nobis
900 944 933 978 δ(
946 943 1009 979 Re-

67 1004 136 1039 gno
148 993 258 1030 nostro
268 994 413 1029 eundem
428 993 614 1035 honorem,
639 995 674 1029 δε
695 992 832 1033 honoris
853 994 888 1029 ὅ(
901 994 1006 1038 digni-

66 1043 142 1078 tatis
164 1044 444 1081 conservationem
466 1043 685 1082 observaverit
698 1067 710 1084 ,
739 1055 837 1088 quam
858 1045 955 1078 sancti
975 1043 1008 1077 &

67 1092 196 1130 honesti
211 1093 356 1132 Romani
369 1093 547 1131 Pontifices
566 1093 641 1130 viris
664 1093 830 1132 nobilibus
849 1093 884 1127 &
896 1104 1008 1136 poten·

66 1143 158 1177 tibus
180 1143 456 1186 predecessoribus
476 1143 594 1183 nostris
616 1142 853 1182 exhibuerunt.
882 1143 1008 1179 Verun-

66 1202 178 1228 tamen
189 1192 423 1240 appellationes
432 1216 444 1235 ,
471 1204 550 1238 quas
561 1195 716 1238 proponit
730 1206 790 1228 nos
801 1190 1009 1237 prohibuisse,
1029 1225 1031 1228 ,

64 1242 100 1275 &
112 1254 152 1277 ne
162 1243 233 1286 quis
243 1242 284 1279 de
303 1243 424 1286 ,Regno
443 1243 554 1277 nostro
579 1243 718 1283 Curiam
740 1243 927 1277 Romanam
939 1241 1006 1275 visi-

67 1303 151 1329 taret
164 1316 175 1333 ,
203 1301 264 1329 nos
274 1292 380 1330 asserit
393 1290 569 1329 inhibuisse
579 1316 590 1331 ,
617 1291 754 1327 vestram
766 1292 922 1327 nolumus
933 1291 1007 1324 late·

9 1342 11 1344 ’
64 1352 100 1376 re
120 1338 323 1385 prudentiam
336 1363 348 1384 ,
373 1340 462 1384 quod
485 1340 719 1384 appellationes
731 1350 791 1379 nec
809 1339 1007 1377 visitationes

64 1391 268 1435 aliquatenus
281 1389 531 1436 impedivimus,
549 1391 631 1435 quin
641 1401 682 1427 eo
701 1390 827 1432 modo,
853 1391 1006 1426 earatio-

15 1464 24 1473 χ
65 1452 134 1481 ne,
157 1451 200 1479 eo
221 1440 337 1475 ordine
358 1441 461 1482 fiant,
496 1452 564 1488 quo
581 1440 784 1483 temporibus
805 1441 1007 1483 praedeceffo-

63 1502 138 1526 rum
149 1490 355 1535 nostrorum,
382 1490 541 1528 Virorum
565 1490 761 1534 illustrium,
785 1489 877 1534 juxta
896 1489 1007 1536 Regni

63 1540 169 1577 nostri
186 1538 480 1579 consuetudines&
491 1540 670 1585 dignitates
683 1540 831 1578 solebant
845 1540 915 1575 fieti
929 1565 937 1573 .
965 1541 1008 1575 Et

64 1588 633 1636 sieutantiquiotes&prudentiores
656 1590 768 1635 Regni
794 1590 913 1631 nostri,
941 1600 1007 1624 tam

66 1639 211 1681 Clerici,
238 1639 336 1683 quam
348 1640 441 1674 Laici
457 1664 467 1679 ,
479 1640 629 1674 recolunt
639 1640 671 1674 &
686 1641 858 1677 retrac'tant
871 1666 878 1673 .
906 1637 1010 1686 Qod

65 1690 145 1725 vero
174 1689 460 1724 confaederationis
490 1691 578 1724 fastae
612 1700 687 1724 cum
715 1690 1011 1727 excommunicatis

62 1750 126 1773 nos
145 1739 253 1786 arguit
271 1762 282 1778 ,
309 1739 343 1772 in
367 1738 432 1772 hoc
452 1751 521 1776 non
541 1738 734 1776 aestimamus
759 1750 820 1773 nos
842 1742 951 1774 Deum
963 1741 1011 1773 of·

65 1789 203 1826 fendiffe
212 1812 224 1827 ,
249 1799 309 1823 nec
320 1788 462 1823 obviasse
475 1788 594 1824 rationi
607 1800 619 1823 ,·
641 1788 716 1830 quia
728 1788 806 1821 ficut
818 1798 859 1820 ex
869 1798 927 1820 ore
941 1789 1010 1822 Do-

67 1838 150 1873 mini
174 1837 270 1880 Papae
290 1837 495 1879 accepimus,
523 1836 628 1878 ipsum
649 1836 837 1873 Dominum
860 1836 1008 1871 Frederi·

64 1899 142 1923 cum
166 1887 394 1924 Romanorum
415 1886 645 1930 Imperatorem
668 1886 837 1930 nunquatn
859 1896 918 1929 pro
954 1895 1007 1919 ex·

64 1937 312 1975 communicato
324 1935 437 1970 habuit
451 1960 462 1976 ,
489 1947 547 1971 nec
561 1935 668 1980 postea
692 1936 797 1979 ipsum
819 1946 1008 1971 excommu-

64 1989 211 2023 nicatum
223 1986 317 2025 fuisse
328 1986 465 2029 alicujus
486 1986 646 2019 relatione
666 1986 888 2031 eognovimus
911 2010 918 2022 ,
946 1985 1011 2022 Ve-

64 2039 137 2073 rum
152 2037 208 2072 etsi
223 2037 328 2075 filiam
340 2037 481 2073 nostram
494 2036 565 2072 filio
578 2035 783 2078 imperatoris
793 2036 828 2069 in
839 2035 1012 2071 Matrimov

65 2089 124 2122 nio
145 2087 421 2127 concesierimus,
453 2097 514 2123 nec
537 2086 570 2119 in
597 2083 740 2122 minimo
761 2096 822 2124 nos
841 2085 1011 2129 deliquisse

66 2137 230 2174 credimus
242 2161 255 2179 ,
280 2136 375 2174 sedid
391 2135 488 2172 nobis
499 2136 627 2171 licitum
639 2137 780 2172 essenon
801 2135 1008 2172 dubitamus:

67 2187 226 2231 quoniam
240 2211 252 2228 ‚
276 2188 340 2223 uta
364 2186 461 2220 simili
483 2187 648 2222 sumamus
658 2186 827 2230 exempla,
854 2185 888 2222 id
908 2184 1013 2219 excel-

68 2237 247 2272 lentiffimo
256 2236 289 2274 &
302 2236 526 2281 potentissimo
538 2236 624 2280 Regi
637 2232 788 2273 He'nrico
809 2236 888 2272 Avo
902 2234 1013 2272 nostro

67 2287 192 2326 licuisse
209 2286 385 2321 recolimus
401 2311 412 2325 ,
436 2286 493 2330 qui
516 2285 619 2320 filiam
642 2286 732 2322 suam
756 2286 907 2323 Henrico
919 2284 1014 2319 bonae

68 2335 397 2372 memoriaeRomano
408 2335 598 2379 Imperatori
613 2337 827 2373 matrimonio
836 2335 1010 2379 copulavit,

69 2386 146 2420 Nos
155 2386 252 2422 etiam
265 2387 283 2419 a
298 2385 573 2431 praedecessoribus
584 2385 702 2419 nostris
723 2386 849 2429 sumpta
862 2388 989 2419 ratione
1002 2408 1014 2429 ,

66 2436 316 2471 communicato
325 2433 464 2470 confilio
477 2434 673 2477 prudentum
687 2457 697 2474 ,
723 2435 809 2471 inter
832 2435 936 2470 filium
949 2436 1014 2469 lm-

67 2485 224 2529 peratoris
243 2509 254 2527 ,
279 2483 313 2517 δε
326 2483 428 2518 filiam
442 2484 584 2520 nostram
597 2483 750 2521 contrahi
761 2486 977 2520 concessimus
1003 2509 1011 2517 .

69 2534 222 2570 Praeterea
235 2558 246 2574 ,
271 2534 362 2576 quod
385 2533 481 2570 nobis
501 2534 644 2577 scripsit,
682 2545 719 2572 ut
739 2536 1013 2572 Cantuariensem

68 2584 386 2627 Archi-Episcopum
398 2607 408 2624 ‚
434 2595 532 2627 quem
543 2584 560 2616 a
573 2584 693 2629 Regno
708 2586 819 2620 nostro
833 2597 894 2620 nos
905 2586 1011 2621 asserit

69 2635 226 2678 apuliae
238 2658 248 2673 ‚
276 2633 311 2670 in
324 2633 443 2669 statum
457 2657 467 2673 ,
493 2633 511 2669 ὲ
528 2644 595 2679 quo
617 2634 738 2671 receffit
750 2659 761 2675 ,
787 2647 978 2674 revocemus
1003 2660 1014 2678 ,

70 2685 153 2720 &ad
178 2684 295 2721 Sedem
318 2684 407 2718 suam
428 2683 641 2724 reducamus,
666 2684 903 2720 evidentiffime
923 2686 1015 2719 novi-

69 2746 143 2769 mus
154 2734 352 2770 universitati
370 2734 477 2768 vestrae
488 2731 619 2777 liquido
630 2734 788 2775 constare,
805 2735 895 2778 quod
909 2735 1014 2779 ipsum

71 2784 240 2828 nunquam
251 2784 437 2828 expulimus
448 2808 458 2824 ,
486 2795 546 2818 nec
559 2784 576 2818 a
591 2784 712 2828 Regno
722 2785 834 2819 nostro
845 2786 934 2818 exire
944 2795 1015 2818 coe-

70 2835 197 2879 gimus.
222 2834 284 2870 Sed
296 2836 385 2879 ipse,
413 2835 474 2870 suae
497 2836 600 2878 magis
623 2834 766 2869 levitatis
791 2836 825 2869 δε
848 2836 1015 2878 pravitatis

70 2883 233 2926 impulsu,
256 2885 354 2928 quam
376 2883 482 2930 aliqua
495 2885 621 2920 ratione
643 2883 685 2918 ad
711 2882 776 2920 hoc
797 2886 902 2930 ipsum
921 2885 1013 2920 indu-

72 2944 186 2974 cente,
211 2935 322 2978 fugam
333 2937 490 2979 arripuit,
516 2934 703 2969 intentione
727 2936 760 2970 ὅ(
785 2936 950 2979 proposito
962 2936 1012 2970 ad-

70 2982 199 3019 versum
211 2994 270 3017 uos
287 2985 489 3030 malignandi
504 3010 514 3025 ‚
541 2986 574 3021 &
587 2983 724 3020 nobis&
744 2986 836 3023 famae
863 2985 979 3020 nostrae
1003 3010 1014 3027 ,

72 3033 162 3078 quod
176 3034 400 3079 nequaquam,
425 3045 461 3069 ut
471 3035 626 3071 omnibus
638 3035 740 3080 liquet
762 3060 773 3077 ,
799 3047 1012 3081 promeruera-

71 3094 167 3123 mus,
195 3083 337 3129 maligne
356 3084 554 3129 derogandi.
594 3085 626 3119 Si
655 3096 764 3121 autem
786 3086 873 3122 idem
896 3086 1013 3122 Archi-

73 3134 277 3177 Episcopus,
302 3133 382 3169 ficut
393 3144 432 3166 ex
448 3136 573 3178 propria
595 3134 766 3171 voluntate
785 3138 935 3182 aufugit,
961 3149 1011 3172 eo·

73 3183 150 3219 dem
171 3181 272 3217 modo
294 3183 476 3218 voluntarie
496 3186 607 3221 reverti
634 3185 790 3228 voluerit,
814 3189 848 3225 ἀ
862 3187 956 3222 nobis
970 3189 1012 3222 fe·

73 3233 152 3269 cerit
165 3257 176 3273 ,
201 3232 290 3275 quod
305 3234 456 3269 Domino
468 3233 501 3267 δε
513 3233 657 3278 Principi
669 3237 771 3272 facere
795 3237 926 3279 debuit,
952 3249 1012 3272 nos

55 3310 57 3313 ,
72 3284 179 3319 eidem
190 3282 281 3324 juxta
292 3282 496 3319 Clericorum
516 3284 550 3318 &
564 3284 915 3324 Laicorumconsilium
925 3313 935 3329 ,
945 3299 1011 3324 tam

76 3332 187 3377 Regni
201 3331 301 3365 nostri
315 3333 411 3376 quam
423 3333 731 3371 Transmarinorum
743 3361 753 3378 ,
780 3339 868 3382 quod
882 3338 1010 3381 debebi-

77 3393 149 3419 mus
160 3393 355 3424 exequemur
370 3408 377 3415 .
404 3381 529 3423 Verum
543 3385 644 3427 ipsum
657 3397 710 3430 per
721 3399 780 3424 nos
793 3387 1012 3425 revocandum

78 3442 146 3470 non
159 3434 327 3486 censemus
339 3457 351 3475 ,
365 3444 463 3479 quem
476 3435 492 3469 a
505 3434 626 3481 Regno
638 3435 748 3473 nostro
758 3441 844 3475 exire
858 3451 926 3476 non
940 3450 1013 3475 coe·

1072 3196 1112 3303 Ι

1066 191 1190 236 gimns.
1215 188 1363 232 ltaquesi
1386 187 1479 226 vobis
1498 188 1682 230 constiterit
1702 203 1762 233 nos
1781 192 1817 230 in
1830 194 1943 242 ,liquo
1953 192 2010 230 dea

1067 241 1213 287 liquisse,
1239 241 1274 280 δε
1295 237 1478 279 exceffiss'e‚
1500 239 1643 277 ,consilio
1665 241 1755 279 Cleri
1781 245 1815 279 &
1836 241 2007 283 Baronum

1067 293 1249 331 nostrorum
1267 290 1360 338 juxta
1379 287 1634 329 consuetudines
1651 313 1662 330 ‚
1687 290 1723 327 §t
1743 291 1920 336 ,dignitates
1932 319 1944 337 ‚
1972 284 2009 334 ἃ

1067 339 1271 382 celsitudines
1288 340 1401 388 Regni
1425 339 1526 379 nostri
1540 364 1552 380 ,
1578 338 1740 385 quidquid
1762 340 1969 381 debuerimus
1996 369 2011 388 ,

1068 394 1180 431 animo
1190 391 1306 429 libenti
1317 390 1493 429 faciemus,
1518 390 1551 426 Si
1564 388 1642 429 vero
1651 389 1846 437 aliquisjura
1858 414 1869 431 ,
1886 395 1919 431 ,ὃς
1931 407 2012 431 con.

1068 441 1274 483 suetudines,
1299 439 1645 487 &dignitatesRegni
1666 439 1768 477 nostri
1794 439 1954 484 impedire
1964 454 2011 479 at-

1068 493 1238 530 tentaverit
1250 517 1260 532 ,
1287 494 1340 527 seu
1348 491 1529 530 diminuere
1540 515 1551 530 ,
1573 492 1678 536 ipsum
1692 488 1862 534 publicum
1874 489 2013 530 hostem,

1067 543 1320 584 &manifestum
1334 540 1477 580 nominis
1488 540 1610 582 nostri,
1637 541 1672 576 ἀ
1683 539 1819 579 honoris
1829 565 1840 583 ,
1852 541 1887 579 ἀ
1901 539 2014 584 Regni

1067 592 1297 632 aestimabimus
1309 592 1482 629 inimicum
1494 615 1506 633 ,
1531 591 1567 628 ἀ
1578 601 1639 625 nos
1657 591 1723 625 vita
1733 591 1858 629 comite
1867 590 2015 635 ,dignita-

1068 654 1138 678 tum
1153 643 1476 682 &consuetudinum
1502 640 1614 687 Regni
1637 640 1739 675 nostri
1751 641 2016 678 diminutionem

1069 694 1254 733 nullatenus
1266 692 1517 733 sustinebimus,
1542 701 1622 736 quas
1640 690 1778 728 illustres
1800 690 1876 726 Viri
1895 689 2018 724 Praede-

1069 745 1203 780 cessores
1215 743 1315 781 nostri
1327 742 1533 783 habuerunt,
1551 739 1592 777 ’δι
1611 750 1786 777 tenuerunt
1807 740 2011 784 temporibus

1072 795 1250 831 sanstorum
1276 794 1504 831 Romanorum
1531 791 1735 830 Pontificum
1756 816 1765 828 2
1793 791 1846 825 De
1866 800 1980 825 caetero
2002 815 2015 832 ,

1071 844 1159 892 quod
1171 843 1339 883 mandavit
1350 855 1406 888 per
1417 854 1475 880 vos
1488 842 1584 881 nobis
1595 841 1842 883 insinuandum,
1870 852 1911 875 ne
1930 840 2020 875 scili-

1071 906 1123 929 cet
1134 894 1316 935 Ecclesias,
1347 893 1403 931 vel
1424 895 1576 941 personas
1599 892 1836 930 Ecclesiasticas
1858 891 2016 936 Regni&

1071 946 1181 980 Terrae
1202 946 1315 979 nostrae
1334 954 1541 989 gravaremus
1560 967 1570 983 ‚
1597 943 1647 979 vel
1672 942 1798 988 gravari
1820 942 2019 985 permittere-

1071 1007 1162 1037 mus,
1190 996 1281 1029 Deus
1303 994 1399 1028 nobis
1423 995 1512 1031 testis
1523 993 1593 1036 est,
1618 993 1652 1031 ἀ
1677 1004 1764 1028 mera
1775 992 1979 1027 conscientia
2006 1014 2018 1030 ,

1070 1046 1160 1093 quod
1173 1044 1206 1079 id
1220 1047 1320 1089 usque
1332 1044 1367 1078 in
1385 1042 1583 1080 hodiernum
1595 1043 1684 1079 diem
1695 1054 1754 1079 nec
1765 1043 1784 1078 a
1796 1041 1892 1078 nobis
1911 1042 2020 1078 aetum

1069 1097 1138 1144 est,
1163 1106 1224 1134 nec
1238 1095 1426 1145 permissum
1439 1120 1447 1128 .

1242 1242 1660 1281 EplsToLA
1742 1232 1847 1278 xm.

1118 1340 1241 1381 Thomae
1264 1339 1480 1382 Cantuarmtfi
1503 1338 1774 1383 Archi-Episcopo
1807 1339 1972 1374 Matbildis

1441 1395 1656 1435 Imperatr-ix,

1188 1491 1420 1529 ANDAVIT
1444 1489 1529 1527 mihi
1540 1490 1711 1527 Dominus
1733 1490 1821 1534 Papa
1834 1513 1846 1531 ,
1872 1490 1905 1523 ἀ
1925 1489 1960 1523 iu
1977 1500 2026 1523 re-

1212 1541 1398 1580 miffionem
1433 1551 1641 1585 peccatorum
1670 1550 1818 1574 meorum
1843 1538 1985 1582 injunxit
2011 1562 2023 1579 ,

1072 1604 1232 1635 quatenus
1244 1592 1286 1627 de
1305 1602 1384 1635 pace
1407 1592 1441 1630 ἀ
1466 1590 1643 1628 concordia
1657 1614 1668 1632 ‚
1694 1591 1778 1626 inter
1796 1588 1901 1624 filium
1913 1599 2024 1622 meum

1075 1644 1199 1689 Regem
1211 1643 1245 1677 ὃ(
1256 1653 1316 1680 vos
1327 1641 1532 1678 reformanda
1545 1640 1800 1677 intromitterem
1813 1663 1823 1680 ,
1849 1640 1883 1673 ὃς
1903 1650 1962 1673 vos
1977 1639 2025 1682 ip·

1075 1695 1144 1730 sum
1153 1694 1261 1727 eidem
1272 1691 1478 1729 reconciliari
1490 1691 1668 1732 satagerem
1681 1712 1689 1721 .
1715 1689 1797 1735 Inde
1807 1689 1907 1722 etiam
1917 1713 1928 1729 ,
1942 1690 2024 1723 sicus

1075 1744 1182 1781 scitis,
1208 1752 1261 1777 me
1273 1739 1465 1782 requisistis.
1496 1735 1602 1773 Unde
1623 1736 1747 1780 majore
1766 1736 1936 1771 affectione
1955 1746 2024 1771 tam

1074 1802 1133 1837 pro
1154 1790 1282 1823 honore
1305 1789 1395 1828 Dei,
1422 1787 1520 1832 quam
1544 1797 1604 1830 pro
1627 1784 1755 1823 honore
1778 1786 1931 1820 Ecclesiae
1954 1797 2025 1820 rem

1074 1840 1166 1878 istam
1181 1839 1343 1882 incipere,
1369 1836 1668 1877 &tractarecuravi
1685 1861 1693 1869 .
1719 1835 1783 1871 Sed
1805 1835 1947 1869 multum
1957 1848 2027 1880 gra·

1074 1902 1114 1926 ve
1125 1888 1251 1924 videtur
1262 1889 1371 1933 Regi,
1397 1889 1431 1927 &
1443 1886 1627 1925 Batonibus
1646 1886 1710 1924 suis
1723 1910 1735 1929 ,
1758 1895 1858 1930 atque
1868 1886 2023 1927 consilio,

1073 1941 1154 1975 sicut
1177 1950 1235 1973 vos
1252 1938 1391 1978 dilexit,
1415 1938 1450 1971 δε
1472 1936 1650 1974 honoravit
1669 1960 1681 1979 ,
1710 1946 1809 1978 atque
1832 1936 2025 1970 Dominum

1073 1991 1175 2028 ,totius
1188 1989 1299 2032 Regni
1313 1988 1360 2023 sui
1373 2011 1384 2027 ²
1410 1987 1608 2025 &omnium
1621 1995 1776 2023 terrarum
1791 1987 1919 2020 suarum
1943 1996 2025 2020 con-

1073 2040 1178 2074 stituit
1190 2063 1200 2078 ‚
1226 2038 1261 2074 &
1278 2038 1312 2071 in
1327 2037 1483 2084 maiorem
1494 2036 1628 2072 tandem
1640 2036 1802 2072 honorem
1817 2059 1828 2076 ‚
1857 2046 1955 2080 quem
1968 2035 2026 2070 ha-

1074 2088 1300 2126 bebatintota
1313 2098 1396 2123 terra
1408 2088 1490 2133 sua,
1513 2098 1572 2126 vos
1583 2086 1796 2127 sublimavit,
1820 2094 1857 2120 ut
1883 2085 1924 2120 de
1935 2097 2026 2120 caete-

1073 2151 1110 2175 ro
1122 2138 1214 2173 vobis
1235 2138 1379 2174 securius
1400 2137 1517 2175 debeat
1539 2137 1691 2178 credere,
1718 2134 1873 2183 praecipue
1892 2134 1967 2170 cum
1980 2137 2025 2170 as·

1074 2191 1199 2230 serant,
1224 2188 1438 2233 quodtotum
1461 2188 1554 2225 suum
1578 2187 1757 2236 Regnum,
1786 2196 1947 2230 quantum
1967 2197 2024 2229 po-

1074 2239 1206 2279 tuistis,
1231 2236 1383 2272 adversus
1393 2248 1468 2273 eum
1481 2237 1652 2280 turbastis,
1679 2249 1740 2272 nec
1748 2237 1898 2274 remansit
1917 2237 1952 2270 in
1965 2247 2023 2271 vo.

1073 2289 1123 2325 bis
1137 2313 1147 2329 ‚
1171 2287 1252 2333 quin
1264 2286 1389 2326 adeum
1409 2285 1681 2323 exhaeredandum
1700 2299 1760 2330 pro
1782 2287 2027 2321 viribusinten·

1073 2339 1201 2377 deritis.
1218 2338 1265 2372 Ea
1281 2346 1410 2384 propter
1421 2336 1520 2374 mitto
1533 2336 1625 2370 vobis
1640 2336 1769 2373 fidelem
1782 2337 2024 2371 &familiarem

1075 2391 1221 2424 nostrum
1236 2387 1451 2426 Laurentium
1470 2384 1801 2427 Archi-Diaconum,
1826 2396 1863 2420 ut
1881 2397 1935 2430 per
1946 2397 2024 2421 eum

1075 2441 1173 2478 sciam
1198 2438 1404 2473 voluntatem
1423 2438 1561 2471 vestram
1584 2438 1676 2480 super
1701 2435 1752 2472 his
1773 2436 1928 2469 omnibus
1950 2460 1961 2475 ‚
1986 2435 2023 2469 δε

1074 2488 1256 2534 cujusmodi
1271 2488 1420 2522 animum
1433 2497 1489 2520 vos
1505 2485 1629 2523 habetis
1641 2495 1717 2528 erga
1741 2484 1849 2520 filium
1871 2495 1983 2518 meum
2009 2509 2021 2526 ,

1075 2540 1258 2584 &qualiter
1271 2549 1329 2573 vos
1342 2538 1513 2572 continere
1535 2535 1728 2573 volueritis,
1755 2535 1777 2568 si
1801 2534 1982 2578 contigerit
2007 2558 2020 2574 ,

1075 2589 1164 2636 quod
1176 2589 1368 2633 petitionem
1381 2597 1485 2623 meam
1495 2608 1505 2626 ,
1532 2585 1566 2619 &
1579 2594 1705 2627 precem
1718 2583 1759 2621 de
1778 2583 1871 2618 vobis
1893 2582 1934 2617 ad
1958 2583 2021 2627 ple-

1076 2650 1156 2678 num
1165 2639 1320 2674 exaudire
1332 2637 1489 2671 voluerit.
1519 2633 1642 2670 Unum
1653 2644 1785 2677 quoque
1796 2634 1887 2667 vobis
1902 2634 2021 2668 veraci·

1076 2701 1123 2728 tet
1145 2690 1241 2730 dico,
1276 2687 1354 2730 quia
1371 2685 1427 2722 nisi
1452 2695 1506 2729 per
1526 2682 1745 2721 humilitatem
1768 2694 1924 2727 magnam
1945 2708 1955 2724 ‚
1982 2684 2020 2718 ἀ

1077 2741 1334 2777 moderationem
1345 2734 1618 2773 evidentiffimam
1633 2757 1643 2774 ,
1669 2733 1808 2779 gratiam
1821 2733 1923 2778 Regis
1933 2745 2020 2768 recu.

1076 2802 1184 2835 perare
1197 2801 1265 2824 non
1290 2786 1454 2830 poteritis.
1482 2784 1710 2818 Veruntamen
1735 2783 1814 2826 quid
1841 2785 1933 2827 super
1954 2783 2018 2817 hoc

1075 2843 1176 2880 facere
1188 2837 1355 2874 volueritis
1365 2860 1377 2877 ,
1402 2835 1540 2874 Nune-io
1553 2835 1686 2883 proprio
1699 2858 1710 2878 ,
1737 2834 1770 2871 δε
1784 2833 1896 2869 litteris
1908 2833 2019 2868 vestris

1077 2890 1161 2930 mihi
1170 2889 1349 2937 fignificate
1358 2910 1367 2921 .

1248 2983 1661 3024 EPISTOLA
1718 2983 1842 3023 ,Χῖ-ΙΙΙ.

1174 3065 1346 3127 Menander
1355 3090 1443 3134 Papa
1455 3088 1606 3125 Ludovico
1626 3088 1703 3130 Rege
1712 3088 1896 3122 Francorum
1910 3110 1917 3120 .

1112 3189 1253 3228 NTER
1277 3197 1389 3228 caetera
1399 3186 1754 3232 Magnificentiaetuae,
1782 3183 2014 3223 &devotionis

1137 3240 1299 3287 insignia,
1324 3238 1407 3274 illud
1432 3236 1610 3281 specialiter
1634 3238 1782 3273 animum
1809 3235 1954 3270 nostrum
1966 3244 2017 3266 ve-

1136 3291 1305 3327 hementer
1315 3286 1468 3325 accendit
1483 3311 1492 3327 ‚
1519 3287 1608 3330 quod
1624 3282 1854 3323 venerabilem
1867 3285 2014 3319 Fratrem

1072 3341 1217 3376 nostrum
1224 3340 1397 3375 Thomam
1407 3335 1722 3383 Archi-Episcopum
1732 3333 2013 3371 cantuariensem,

1073 3391 1190 3426 Virum
1211 3390 1367 3436 siquidem
1391 3387 1599 3433 Religiosum
1621 3410 1633 3426 ,
1657 3386 1827 3419 discretum
1851 3382 2013 3426 pariter&

1070 3440 1270 3485 honestum,
1294 3436 1476 3475 &nobis&
1490 3436 1639 3473 Ecclesiae
1661 3431 1727 3470 Dei
1750 3432 1885 3469 charum
1908 3433 2014 3517 ‹Er-nni·

1859 3494 1916 3519 mo
1942 3494 1969 3518 rs
