2358 3776
335 138 433 186 270

261 205 413 251 scopis&
435 202 579 240 Ecclesia
598 211 666 240 tota
688 203 913 239 indubitanter
935 203 1060 248 exiget.
1092 203 1209 243 Obser-

263 257 434 290 vationem
446 255 645 294 Canonium
670 255 721 293 sed
735 267 795 289 nec
823 254 998 298 Evangelii
1012 255 1164 289 mandata
1179 255 1207 287 se

263 304 454 349 impleturos
465 305 949 352 aliquijurarecompelluntur,·
978 302 1062 337 certe
1088 315 1205 339 nectu·

265 363 337 388 tum
348 356 425 389 esset
435 369 448 391 :
471 356 507 390 ἀ
518 355 722 399 Episcopi-ad
736 353 978 388 observantiam
999 354 1207 391 consuetudi·

264 415 347 438 num
359 405 408 440 vel
418 405 617 450 dignitatum
630 404 838 438 arc‘rabuntur
853 426 863 442 ,
879 402 1031 437 inaudito
1044 406 1208 448 exemplo,

262 453 438 498 juramenti
449 457 632 490 necessitate
641 456 655 491 1?
670 455 789 487 Forma
802 453 967 500 fidelitatis
982 454 1087 498 exigit
1098 454 1132 489 in
1152 456 1210 489 Ec·

266 504 359 539 clesia
372 506 546 543 Gallicana
559 506 590 541 &
612 504 755 547 Anglica
766 527 776 543 ,
805 514 842 538 ut
853 502 979 536 Praelati
993 502 1207 538 Ecclefiarum

263 553 589 598 Principibusjurent
602 555 633 588 se
645 556 821 588 servaturos
832 554 877 587 eis
892 553 991 587 fidem
1003 577 1013 595 ‚
1041 553 1076 589 in
1089 553 1211 594 indem-

262 605 367 638 nitate
378 604 471 644 vitae,
499 603 738 646 membrorum,
753 604 890 641 honoris
903 603 1021 637 terreni
1035 628 1044 643 ‚
1067 602 1158 646 salvo
1168 616 1209 638 or-

263 652 412 697 dinesuo:
440 655 475 688 dc
487 653 551 688 haec
563 654 666 691 forma
678 656 776 689 etiam
791 653 936 698 reprobis
959 654 1207 691 consuetudini·

262 702 323 738 bus
335 704 402 747 ejus
414 706 531 739 inserta
542 705 587 744 est
602 731 609 741 ,
636 706 673 743 ln
688 704 750 743 hac
761 706 867 743 forma
891 703 989 746 juravi
1002 728 1013 745 ‚
1039 705 1080 741 sic
1092 717 1144 740 me
1157 705 1209 749 ju-

264 756 342 788 rasse
353 755 482 798 publice
494 755 670 799 profitebor
680 781 691 799 ,
715 757 750 793 ἀ
762 754 822 789 hac
834 753 929 788 debet
943 754 1007 789 esse
1017 765 1207 790 contentus:

264 815 326 838 nec
339 816 403 849 ego
414 806 447 840 in
460 805 519 841 hac
534 817 624 852 parte
642 804 858 850 transgrediar
881 805 1003 839 temere
1022 808 1180 841 terminos
1192 806 1210 839 a

263 853 416 890 Patribus
431 858 627 894 constitutos
638 881 645 888 .
674 855 775 893 Instat
787 856 887 889 etiam
899 880 909 896 ,
937 857 973 891 ut'
985 854 1069 892 mihi
1084 857 1117 893 dc
1129 855 1210 890 meis

263 903 388 948 ablata,
419 907 524 942 immo
546 907 711 945 Ecclesiae‚
741 917 808 940 non
832 905 978 940 restituat
1007 916 1063 940 aut
1088 907 1211 942 satisfa-

262 955 353 997 ciat,
380 956 493 994 dicens
514 958 650 1003 majores
672 957 745 991 suos
765 980 776 999 ,
802 967 945 1000 quorum
968 957 1149 993 mensuram
1174 956 1209 989 in

261 1007 486 1051 persecutione
500 1008 645 1044 Ecclefiae
656 1007 771 1050 implet
780 1017 835 1040 aut
848 1006 1086 1051 supergreditur
1099 1031 1109 1047 ,
1129 1006 1210 1039 mul-

263 1057 316 1089 t'os
328 1056 369 1089 de
379 1058 459 1090 meis
468 1058 593 1106 fugasse
611 1057 789 1101 majoribus
799 1081 811 1098 ,
837 1056 956 1101 quibus
969 1055 1054 1092 nihil
1068 1057 1210 1102 unquam

264 1106 491 1141 restituerunt.
519 1107 580 1144 Sed
595 1120 635 1141 ne
649 1105 793 1142 trahatur
802 1107 844 1143 ad
854 1107 1123 1151 consequentiam
1136 1131 1147 1148 ‚
1169 1106 1216 1148 cis,

263 1155 329 1189 tius
338 1155 577 1199 providendum
590 1158 634 1195 est
644 1181 655 1198 ,
681 1168 716 1192 ut
729 1157 886 1202 pernicies
899 1157 1045 1192 deleatur
1061 1156 1214 1201 exempli.

264 1204 356 1240 Nam
378 1208 434 1249 qui
456 1208 590 1255 posteris
610 1208 767 1252 relinquit
788 1207 906 1242 erroris
919 1208 1129 1250 exemplum,
1155 1217 1211 1242 eos

264 1257 384 1292 merito
395 1259 428 1291 in
440 1259 570 1302 culpam
584 1259 745 1301 impulisse
756 1258 971 1292 convincitur
984 1282 991 1289 .
1013 1258 1104 1295 Sicut
1130 1258 1212 1293 Hie-

264 1307 401 1341 roboam
414 1309 501 1341 filius
513 1307 648 1344 Nabath
659 1308 780 1351 legitur
793 1307 901 1340 feciffe
913 1317 1045 1350 peccare
1069 1306 1212 1340 imitato·

261 1367 333 1394 rem
346 1357 392 1391 sui
405 1358 531 1394 sceleris
549 1357 662 1391 lsrael.
691 1357 779 1403 Qis
802 1366 913 1391 autem
935 1357 1079 1391 dimittet
1103 1367 1213 1399 pecca·

262 1416 337 1441 tum
347 1431 358 1447 ‚
384 1408 405 1441 si
416 1407 522 1443 ablata
540 1418 608 1443 non
619 1406 765 1442 restituat
779 1417 835 1442 aut
848 1406 1019 1440 satisfaciat
1036 1407 1052 1438 ?
1080 1406 1213 1450 Utique

266 1457 363 1490 omni
384 1454 609 1491 sollicitudine
629 1454 868 1500 procurandum
891 1456 937 1490 est
961 1479 972 1495 ,
998 1465 1035 1488 ut
1058 1455 1136 1491 sicut
1157 1456 1216 1488 ille

266 1504 502 1540 authoritatem
513 1504 661 1542 criminis
671 1504 689 1538 a
700 1504 918 1541 decessoribus
931 1501 1030 1541 trahit
1042 1527 1054 1543 ‚
1073 1504 1113 1538 Γιο
1127 1504 1214 1539 idem

267 1555 403 1600 posteris
423 1555 487 1590 suis
507 1554 668 1598 relinquat
688 1554 840 1598 exempla
862 1552 1092 1600 correClionis.
1121 1553 1217 1598 Atio<

266 1607 351 1650 quin
372 1606 552 1640 verendum
574 1605 642 1645 est,
677 1615 718 1641 ne
740 1604 795 1638 ille
817 1602 1047 1641 successoribus
1071 1604 1134 1638 suis
1158 1603 1216 1641 fiat

269 1657 477 1691 Hieroboam
490 1682 500 1698 ‚
529 1657 563 1691 &
576 1665 640 1699 ego
651 1680 661 1695 ,
688 1655 709 1687 si
720 1653 760 1688 de
771 1665 884 1689 caetero
898 1653 916 1687 a
929 1652 1040 1689 debita
1054 1655 1216 1689 cessavero

269 1708 497 1751 correptione,
523 1716 614 1742 meos
626 1704 713 1737 velut
733 1704 815 1737 alter
838 1704 941 1745 Heli,
967 1712 1022 1739 aut
1045 1704 1153 1749 potius
1164 1705 1216 1739 Sa·

268 1757 384 1792 cerdos
394 1756 595 1791 excelsorum
608 1777 618 1797 ,
644 1754 677 1787 in
699 1754 827 1789 ruinam
839 1753 1063 1788 damnationis
1074 1755 1217 1797 praecipi·

272 1818 359 1843 tem.
402 1806 476 1841 Nec
497 1816 550 1840 me
572 1804 745 1848 quisquam
767 1803 942 1838 detree‘tare
965 1802 1179 1837 concordiam
1204 1828 1215 1845 ,

268 1855 458 1894 dummodo
468 1855 571 1889 fiatin
585 1853 737 1888 Domino
749 1854 856 1888 &fine
882 1852 1010 1887 laefione
1033 1853 1180 1888 Ecclesiae
1206 1877 1217 1893 ,

272 1908 469 1943 mentiatur.
499 1905 590 1952 Qia
602 1915 671 1939 non
684 1904 752 1938 sum
765 1902 847 1938 adeo
868 1914 979 1938 vecors
997 1927 1007 1943 ,
1033 1914 1069 1938 ut
1087 1914 1157 1945 quae
1182 1904 1218 1937 in

270 1956 508 2002 temporalibus
523 1954 668 1988 maxima
678 1956 712 1988 &
725 1953 916 1988 hominibus
929 1953 1106 2001 gratissima
1125 1954 1220 1991 sunt,

230 2012 231 2016 ’
271 2019 364 2045 tanta
383 2007 541 2042 facilitate
559 2014 769 2041 contemnam
782 2028 792 2046 ‚
819 2004 878 2039 nisi
901 2003 977 2045 quia
991 2014 1049 2049 pro
1066 2000 1117 2037 his
1137 2002 1220 2039 nolo

273 2058 481 2103 dispendium
493 2059 605 2092 facerae
618 2065 811 2094 aeternorum
826 2080 833 2086 .
859 2053 974 2089 Nemo
993 2052 1074 2088 dum
1099 2064 1152 2088 me
1172 2064 1222 2087 ac·

273 2109 410 2145 cusatin
422 2117 638 2151 contemptu,
664 2107 756 2142 suum
771 2107 804 2140 in
818 2105 964 2151 appetitu
990 2115 1079 2138 vanae
1103 2103 1224 2150 quietis
1246 2112 1248 2141 j

274 2171 331 2196 aut
360 2157 534 2194 mundanae
553 2156 761 2203 supellectilis
784 2165 915 2190 tueatur
935 2165 1076 2190 errorem
1102 2167 1109 2188 :
1148 2153 1223 2198 quia

274 2212 369 2247 Deus
381 2209 503 2244 irrideri
518 2221 585 2243 non
597 2210 700 2252 potest
714 2233 720 2240 .
750 2204 925 2241 Revelabit
936 2205 971 2239 in
986 2204 1076 2239 brevi
1091 2228 1102 2243 ,
1116 2215 1224 2248 quan*

276 2261 322 2296 do
333 2271 408 2295 ante
419 2260 584 2296 Tribunal
595 2259 663 2303 ejus
674 2256 873 2294 adstabimus
884 2263 1000 2289 omnes
1011 2277 1022 2292 ,
1050 2263 1112 2296 qua
1136 2263 1226 2286 men·

277 2321 310 2346 te
322 2311 395 2354 quis
406 2309 522 2343 vixerit
536 2334 543 2340 .
572 2309 672 2344 Illum
685 2305 895 2341 conscientiae
910 2302 1122 2346 inspectorem
1135 2303 1169 2336 &
1182 2310 1226 2335 te-

278 2361 360 2396 stem
371 2360 498 2398 habeo,
524 2358 619 2392 illum
630 2356 782 2399 exspersto
802 2353 944 2397 judicem
957 2375 968 2392 ,
995 2363 1091 2395 quern
1107 2363 1221 2386 contra

279 2411 462 2455 aequitatem
475 2407 584 2442 nullus
595 2406 679 2443 fallit
693 2404 833 2444 astutia,
862 2414 921 2437 nec
948 2401 1068 2437 viribus
1093 2402 1192 2437 flestit
1219 2426 1227 2435 ,

283 2461 458 2500 Recolite,
485 2458 603 2497 Pater,
629 2464 752 2499 quanta
775 2464 835 2487 vos
848 2453 903 2487 ille
914 2452 1119 2487 miseratione
1131 2453 1226 2496 respe-

282 2514 354 2553 xit,
381 2507 552 2555 quomodo⁴
565 2506 709 2545 vestroS,
735 2504 837 2538 immo
852 2503 1001 2538 Ecclesia:
1025 2503 1065 2537 ad
1086 2503 1227 2548 gloriam

284 2561 430 2597 nominis
441 2559 488 2596 sui
502 2556 688 2603 protriverit
701 2554 856 2588 inimicos
868 2577 879 2593 ‚
906 2553 939 2586 &
949 2563 1024 2587 cum
1035 2553 1227 2597 coexsurgi-

285 2623 318 2649 te
332 2614 366 2646 in
385 2609 584 2656 adjutorium
596 2606 685 2649 ejus,
714 2605 770 2648 qui
795 2604 828 2637 in
853 2602 1008 2637 membris
1027 2605 1091 2639 suis
1112 2602 1230 2645 injuste

285 2660 516 2706 proscribitur,
543 2666 736 2702 torquetur,
763 2655 797 2689 &
817 2652 1017 2698 crucifigitur
1037 2679 1043 2686 .
1070 2652 1195 2688 Audite
1219 2678 1229 2693 ,

288 2714 311 2748 fi
329 2712 432 2755 placet
444 2734 454 2749 ,
482 2707 615 2742 miseros
627 2705 754 2740 nostros
766 2729 776 2744 ‚
802 2705 835 2738 ὃ(
848 2715 980 2752 preces,
1007 2714 1086 2748 quas
1105 2715 1159 2749 per
1175 2715 1231 2736 eos

291 2762 387 2797 vobis
398 2758 540 2805 porrexit
552 2782 564 2799 ,
589 2758 621 2791 &
633 2754 742 2790 adhue
754 2755 889 2798 porrigit
913 2753 1158 2790 Cantuarienfis
1172 2754 1232 2787 Ec-

293 2813 385 2848 clesia
404 2836 414 2852 ,
455 2806 650 2846 clementius
670 2804 842 2843 exaudite,
870 2814 906 2838 ut
929 2805 946 2837 ὲ
969 2816 1055 2848 patre
1078 2805 1137 2839 suo
1161 2804 1231 2848 post

294 2872 401 2898 tantas
413 2861 552 2895 miserias
564 2855 826 2892 consolationem
839 2853 982 2888 debitam
995 2856 1026 2890 se
1039 2855 1179 2901 gaudeat
1191 2866 1233 2888 re-

293 2912 426 2956 cepisse.
454 2908 627 2943 Conterite
650 2906 862 2949 persecutores
882 2904 949 2946 ejus
964 2929 974 2945 ,
1002 2905 1035 2940 &
1054 2916 1127 2944 eos,
1153 2915 1234 2947 quos

298 2962 445 2998 Sathanae
466 2959 658 2994 tradidimus
681 2956 714 2989 in
737 2954 906 2990 interitum
928 2956 1037 2989 carnis
1059 2980 1070 2996 ,
1097 2965 1234 2998 quorum

299 3012 436 3047 nomina
458 3008 551 3043 vobis
572 3007 813 3051 exprimentur,
841 3004 863 3037 s1
886 3003 926 3037 ad
940 3016 996 3038 vos
1020 3007 1168 3039 venerint
1182 3014 1237 3039 aut

301 3064 471 3101 miserint,
498 3055 828 3094 excommunicatos,
854 3052 961 3087 donec
990 3056 1134 3089 Ecclesiae
1173 3055 1238 3088 Dei

302 3108 669 3147 satisfaciant&nobis,
696 3104 807 3140 haberi
821 3103 965 3138 faciatis.
994 3105 1120 3139 Nuncii
1135 3105 1240 3144 vobis,

304 3174 374 3207 quae.
387 3163 512 3196 fuerant
525 3158 662 3193 dicenda
674 3181 684 3197 ,
711 3153 903 3199 supplebunt
917 3153 991 3189 licet
1002 3155 1172 3189 cumulum
1185 3155 1241 3188 mi-

305 3215 457 3248 seriarum
479 3209 626 3244 Ecclefiae
638 3207 831 3254 Anglicanae
846 3215 913 3238 non
937 3204 1099 3238 sufficiant
1111 3230 1121 3246 ,
1148 3214 1242 3248 prout

308 3262 473 3298 necessitas
492 3261 594 3304 exigit
608 3284 618 3299 ,
652 3256 840 3304 explanate.
868 3253 986 3291 Valeat
999 3256 1122 3298 semper
1142 3255 1176 3290 &
1202 3255 1244 3289 vi-

310 3323 382 3362 geat
395 3314 542 3349 sanctitas
552 3309 652 3346 vestra
670 3332 677 3343 .

308 3414 336 3427 *x

955 117 1340 169 EPISTO

1376 122 1508 171 LAE

1443 245 1862 292 EPlsTo‘LA
1957 223 2040 293 'tva

1380 355 1512 393 Thomas
1536 355 1763 399 Cantuariensr‘s
1790 342 1918 401 ostiens?
1939 357 2106 403 Episcopo.

1369 506 1607 544 RAT1881M1
1632 508 1786 544 Oratoris
1796 508 1944 554 prae'clara
1957 508 2117 545 sententia
2127 505 2182 544 ἰη’
2199 525 2213 545 .-

1392 559 1469 602 quia
1478 558 1584 602 primo
1595 557 1702 603 decipi
1714 584 1726 601 ,
1742 560 1993 596 incommodum
2005 573 2015 604 ;
2043 554 2188 595 secundo
2200 583 2214 601 ,

1272 606 1431 652 stultum,·
1458 609 1575 650 tertio,
1603 619 1715 656 turpe,
1739 610 1803 645 Sed
1816 611 1945 647 utinam
1965 610 2094 646 Nuncii
2106 610 2228 656 Regis.

1274 656 1479 701 Anglorum,
1506 660 1632 696 dolis&
1651 660 1750 695 minis
1772 661 1916 703 armati,
1940 660 2033 697 Sedis
2046 659 2231 705 Apostoli-''

1272 709 1317 741 car
1327 707 1537 755 Religionem
1549 720 1599 748 ter
1617 720 1795 755 quaterque
1815 718 1895 746 non·
1908 711 2072 747 elufiffent
2099 735 2111 751 ,
2135 711 2159 744 si
2172 715 2219 755 ta&

1274 767 1348 792 men
1361 756 1402 792 de
1413 759 1692 796 circumventione
1712 762 1801 806 queri
1824 758 1956 806 possunt
1969 786 1981 804 ‚
2009 761 2067 806 qui
2079 761 2218 795 scientes

1271 808 1304 857 <St
1326 808 1497 855 prudentes
1516 820 1571 853 per
1590 811 1884 847 dissimulationem
1911 812 2063 847 criminis
2085 809 2218 855 publice

1273 858 1478 900 peccantibus
1511 859 1726 905 delinquendi
1760 862 1931 897 audaciam
1968 861 2179 907 praestiterunt
2208 866 2231 893 .“

1273 909 1456 956 Qomodo
1476 910 1569 944 enim
1589 911 1697 955 potuit
1723 911 1865 947 Ecclesia
1887 912 2044 948 Romana
2060 936 2071 953 ,
2096 910 2228 955 quasin,

1273 960 1456 995 universum
1468 959 1581 998 orbem
1594 957 1798 1006 providentie
1808 961 1862 1006 sue
1870 962 1986 997 oculos
1999 959 2234 998 circumducit*

1275 1010 1306 1043 ὅ(
1321 1008 1360 1043 ad
1375 1009 1472 1052 quam
1485 1008 1733 1058 provinciarum
1742 1010 1876 1055 negotia
1897 1012 2079 1058 referuntur
2102 1034 2113 1050 ‚
2125 1006 2234 1056 igno-f

1274 1071 1340 1094 rare
1352 1057 1442 1104 quod
1455 1059 1571 1103 Lippis
1582 1059 1615 1098 ὅς’
1628 1057 1839 1108 Tonsorib‘us
1852 1056 2037 1106 notunsest'
2050 1084 2061 1101 ,
2086 1057 2232 1107 quodid

1274 1110 1386 1154 plateis
1397 1108 1616 1154 praedicatur„
1635 1109 1723 1154 quod
1735 1105 1887 1146 cantatur
1897 1109 1933 1145 in
1944 1108 2101 1154 compi-tis
2120 1108 2229 1157 Asca?
2266 1132 2268 1134 v

1274 1160 1383 1196 lonis?
1412 1152 1690 1204 proscriptionem
1704 1168 1811 1195 meam
1823 1161 1857 1196 δε
1879 1166 2030 1195 meorum
2054 1148 2238 1207 jam'quin'ff‘

1274 1210 1420 1254 quennio
1434 1210 1548 1254 pertuli
1562 1232 1576 1253 ,¹
1598 1210 1639 1245 ad
1653 1221 1710 1244 vos
1725 1221 1791 1246 tarn
1807 1204 1959 1247 Ecclesiae
1973 1209 2072 1254 quam
2084 1199 2238 1257 ριξοῄὲὶᾷἒ

1273 1260 1442 1303 deploravi
1463 1259 1596 1301 injurias
1613 1284 1625 1301 ‚
1654 1261 1908 1296 eoexulantium
1975 1258 2024 1293 ihi
2046 1255 2163 1294 funera
2180 1251 2234 1293 'iu''

1272 1308 1428 1349 Christo,
1455 1320 1513 1351 pro
1534 1319 1600 1351 quo
1625 1309 1700 1352 paffi
1725 1311 1820 1351 sunt,
1845 1309 2084 1344 dormientium
2105 1302 2245 1353 partim&

1274 1358 1415 1399 vidistis,
1441 1355 1577 1402 &plura
1589 1358 1739 1393 audistis.
1774 1358 2067 1407 *Ettamenijegis
2092 1351 2230 1406 A‘njg'ib-

1274 1421 1370 1450 rum,
1393 1408 1485 1451 cujus
1507 1409 1542 1444 in
1562 1407 1797 1451 depreffionern
1821 1404 2024 1454 Ecclesiae&
2040 1397 2237 1446 sannorum*

1274 1457 1566 1493 conculcationem
1577 1461 1694 1491 manus
1707 1452 1851 1492 extenta*
1867 1454 1916 1491 est
1925 1463 1938 1500 ‚j
1958 1447 2238 1503 'furor1noddiiffi'

1275 1507 1451 1542 cohibetur
1462 1507 1480 1541 a
1495 1505 1589 1541 vobis
1600 1531 1608 1539 .
1637 1506 1712 1541 Ubi
1727 1507 1833 1551 quaeso
1846 1530 1858 1547 ,
1870 1503 1872 1505 “
1882 1504 1985 1551 'Pater
1995 1514 2019 1547 ,‘
2035 1495 2239 1554 νόίὶὲὲάᾲῆὖῗ

1275 1558 1362 1592 dotii
1380 1556 1480 1592 Zelus
1494 1581 1505 1598 ,
1533 1567 1601 1599 quo
1611 1556 1643 1590 se
1667 1554 1861 1591 Patriarchae
1876 1580 1888 1598 ,
1913 1550 2119 1602 Prophetap'“,*
2133 1547 2234 1602 Ab&

1276 1606 1376 1649 stou,
1400 1608 1434 1642 ac
1448 1605 1722 1650 Apostoliciviri
1743 1600 2032 1651 principa-tibin&
2055 1596 2233 1654 Ρὸὲςῐὲιῖἰέ

1278 1658 1337 1692 bus
1346 1657 1569 1703 opposuerunt
1581 1665 1640 1700 pto
1651 1657 1767 1693 Domo
1783 1655 1956 1702 Domini,
1982 1646 2156 1701 stadiesiss
2195 1695 2197 1699 ,
2221 1641 2236 1665 ³

1279 1709 1325 1742 lio
1338 1708 1372 1742 in
1387 1708 1441 1742 die
1453 1706 1669 1750 discriminis,
1679 1706 1714 1743 &
1728 1718 1782 1752 per
1795 1705 1962 1742 fidem'Re
1985 1710 2030 1740 'na
2043 1702 2212 1753 vincentes.

1279 1757 1441 1799 Nunquid
1454 1755 1522 1790 haec
1534 1756 1649 1800 scripta
1657 1758 1750 1803 sunt,
1761 1765 1798 1791 ut
1809 1755 2000 1792 fabulae‘fint
2014 1746 2237 1804 narrauftidns,

1280 1817 1348 1840 non
1373 1806 1521 1849 exempla
1543 1815 1673 1839 morum
1695 1806 1729 1839 ἀ
1742 1805 1848 1840 forma
1859 1804 2018 1852 vivendi?
2044 1804 2127 1839 Haec
2140 1798 2241 1854 'enim‘

1280 1855 1524 1900 praedicatorum
1539 1855 1718 1890 volvuntur
1729 1855 1764 1889 in
1778 1866 1836 1890 ore
1846 1879 1859 1896 ,
1884 1852 1938 1889 sed
1949 1853 2040 1899 qu‘od
2060 1849 2239 1889 fine'niboss

1274 1918 1312 1955 Vre
1323 1907 1356 1941 δε
1370 1906 1484 1941 dolore
1496 1916 1563 1939 non
1577 1905 1718 1950 eloquor
1728 1930 1739 1946 ‚
1767 1904 1858 1949 quod
1870 1906 1937 1939 vita
1949 1904 2122 1939 convincit
2133 1928 2146 1946 ,
2161 1897 2233 1940 no⁸n

1275 1956 1442 1991 habentur
1456 1955 1491 1989 in
1513 1955 1633 1989 corde.
1661 1955 1732 1989 Aut
1753 1955 1842 1989 certe
1864 1956 1886 1988 fi
1910 1955 2140 1990 retinentur‘in
2154 1953 2235 1988 coti-

1283 2006 1438 2045 scientia,
1464 2004 1553 2047 quafi
1566 2003 1709 2048 quaedam
1724 2005 1884 2040 inanimo
1896 2004 2079 2039 scribuntur
2105 2003 2233 2047 justiffi·

1285 2055 1336 2090 me
1347 2066 1460 2090 eorum
1472 2079 1483 2094 ,
1510 2054 1566 2099 qui
1580 2053 1667 2090 bona
1679 2055 1802 2090 docent
1820 2055 1862 2089 &⁴
1875 2065 1944 2089 non
1967 2055 2094 2090 faciunt
2106 2079 2117 2095 ,
2143 2052 2233 2087 darn-

1286 2105 1430 2140 nationis
1442 2115 1632 2149 argumenta
1644 2128 1651 2136 .
1680 2104 1724 2140 Et
1736 2102 1964 2150 quidemvmihi
1979 2116 2041 2148 prae
2058 2103 2173 2149 ceteris
2193 2103 2235 2137 ti-

1285 2168 1359 2189 meo
1370 2180 1380 2196 ,
1408 2166 1449 2188 ne
1461 2154 1590 2198 sanguis
1604 2154 1751 2190 Eccleliae
1763 2154 1889 2189 tamdiu
1907 2178 1917 2194 ,
1944 2154 1977 2188 δε
1988 2163 2054 2188 tam
2071 2154 2236 2192 atrociter,

1284 2207 1316 2239 ὃ(
1332 2207 1436 2249 palam
1458 2204 1584 2239 afflistae
1596 2229 1606 2245 ,
1632 2204 1666 2238 &
1689 2203 1794 2239 adhuc
1807 2204 1919 2238 inultae
1932 2203 2000 2238 cito
2024 2204 2203 2248 requiratur
2215 2202 2235 2237 a

1287 2267 1336 2289 me
1352 2269 1360 2288 ε
1386 2256 1427 2289 eo
1443 2255 1532 2299 quod
1560 2255 1597 2289 iu
1620 2254 1708 2289 brevi
1721 2254 1875 2289 stabimus
1887 2265 2004 2289 omnes
2021 2252 2238 2307 anthribu·

1288 2306 1340 2339 nal
1364 2304 1507 2344 Christi,
1533 2305 1602 2339 fine
1625 2305 1818 2351 acceptione
1839 2301 2050 2347 'personarum
2071 2293 2237 2346 reddituri

1287 2355 1445 2389 rationem
1457 2354 1499 2388 de
1520 2354 1673 2398 operibus
1690 2355 1723 2389 ἀ
1743 2353 2057 2388 dissimulationibus
2080 2347 2235 2388 nostrisa.

1287 2403 1348 2440 Sed
1361 2404 1508 2448 Regem,
1536 2403 1626 2446 quod
1649 2405 1735 2437 ratio
1756 2402 1932 2446 exigebat,
1959 2411 1996 2436 ut
2018 2403 2232 2436 convincere·

1289 2467 1338 2489 tur
1360 2454 1484 2488 malitia
1506 2452 1595 2498 ejus,
1621 2452 1771 2486 voluistis
1796 2451 1905 2495 saepius
1929 2451 2135 2486 commoneri
2165 2475 2176 2491 ,
2202 2452 2236 2485 &

1289 2504 1512 2540 commonitus
1524 2514 1578 2547 per
1594 2501 1714 2537 litteras
1727 2503 1758 2536 ὃς
1779 2501 1815 2535 N
1819 2501 1934 2535 uncios
1953 2510 2151 2542 extraneoS,
2181 2511 2235 2545 per

1289 2555 1537 2593 Subdiaconos,
1563 2564 1617 2597 per
1638 2552 1831 2587 Cardinales
1858 2551 2005 2591 vestros,
2032 2562 2086 2595 per
2101 2549 2236 2594 Episco-

1291 2617 1370 2650 pos,
1399 2615 1452 2648 per
1474 2602 1621 2637 Abbates
1641 2627 1652 2643 ,
1679 2602 1711 2635 &
1738 2612 1825 2635 nunc
1850 2600 1983 2636 tandem
2006 2601 2040 2634 in
2062 2600 2130 2633 fine
2155 2599 2236 2633 anni

1290 2653 1398 2699 quinti
1409 2654 1495 2699 quasi
1511 2652 1734 2697 peremptorio
1754 2651 1863 2686 edicto
1874 2661 1928 2696 per
1951 2650 2140 2684 Dominum
2154 2649 2236 2698 Gra<

1292 2709 1418 2740 tianum
1433 2728 1444 2744 ,
1468 2703 1502 2737 δε
1524 2702 1715 2747 magistrum
1735 2700 1917 2736 Vivianum
1931 2725 1942 2742 ,
1966 2700 2000 2734 <Sc
2015 2701 2139 2743 semper
2153 2700 2236 2734 faeta

1293 2757 1365 2790 sunt
1380 2754 1549 2789 novissima
1560 2752 1627 2796 eJus
1638 2751 1798 2787 deteriora
1811 2750 1970 2796 prioribus
1980 2775 1988 2783 .
2018 2749 2153 2785 Referet
2170 2748 2237 2793 hoc

1294 2805 1460 2841 Dominus
1470 2803 1649 2838 Gratianus
1660 2827 1671 2842 ,
1697 2802 1754 2845 qui
1782 2803 1918 2835 intanta
1931 2801 2110 2835 sinceritate
2123 2801 2155 2834 δι
2170 2807 2236 2832 mat-⁷

1296 2859 1428 2891 turitate
1450 2853 1657 2889 conversatus
1675 2852 1720 2885 est
1742 2853 1776 2884 iu
1802 2850 1866 2885 hoc
1889 2850 2051 2896 negotio,
2075 2862 2113 2898 ut
2126 2848 2237 2885 Dei&

1298 2907 1472 2940 hominurn
1497 2907 1648 2948 ma'g‘nam
1671 2901 1808 2946 gratiam
1826 2899 1943 2935 debeat
1971 2900 2134 2934 meruisse.
2163 2898 2238 2949 Nec

1300 2969 1351 3001 per
1376 2966 1450 2989 eum
1476 2954 1586 2993 stetit,
1613 2963 1671 2985 nec
1693 2961 1748 2994 per
1761 2962 1843 2990 nos,
1870 2948 1959 2994 quod
1974 2961 2035 2993 pax
2060 2950 2237 2984 reformati

1304 3017 1369 3041 non
1384 3004 1447 3038 est.
1475 3004 1538 3038 Sed
1549 3002 1624 3049 quia
1636 3001 1708 3034 Rex
1721 2999 1823 3034 modo
1835 3001 1880 3033 ait
1893 3025 1903 3041 ,
1930 3001 2032 3034 modo
2057 3010 2174 3044 negat,
2201 2998 2236 3033 δε

1301 3055 1507 3091 versibilitate
1519 3051 1651 3097 prothea
1665 3050 1788 3091 vincit,
1816 3049 2000 3085 Gaufredus
2022 3061 2153 3095 quoque
2175 3049 2234 3082 Ar-

1302 3105 1540 3142 chi-Diaconus
1553 3102 1616 3146 jam
1629 3099 1694 3134 fere
1706 3100 1824 3134 fastam
1836 3100 2008 3144 impedivit
2019 3103 2127 3143 pacem
2136 3122 2146 3138 ,
2169 3101 2236 3141 per·v

1305 3151 1441 3191 suadens
1455 3154 1562 3198 Regi,
1588 3149 1725 3184 utnulla
1738 3151 1865 3186 ratione
1875 3159 2088 3195 componeret
2099 3174 2110 3188 ,
2123 3148 2179 3182 nisi
2191 3159 2234 3192 ex

1304 3218 1376 3242 tota
1386 3205 1589 3251 obligatione
1599 3200 1825 3235 servandarum
1837 3200 2112 3236 consuetudinum
2126 3223 2137 3239 ,
2159 3195 2237 3249 quas¹

1308 3267 1343 3292 ut
1356 3255 1486 3291 facilius
1498 3252 1643 3289 obtineat
1652 3274 1662 3290 ‚
1687 3251 1906 3285 favorabiliori
1921 3250 2055 3285 nomine
2067 3250 2236 3292 nuncupat

1310 3309 1469 3351 dignitates
1483 3329 1490 3338 .
1518 3294 1591 3347 Ego
1605 3300 1678 3336 vero
1695 3302 1868 3342 concedo,
1893 3302 1926 3335 ὅ(
1947 3311 2076 3345 gratum
2098 3298 2202 3333 habeo
2223 3321 2234 3337 ,

1311 3366 1346 3392 ut
1358 3356 1447 3390 salvo
1457 3349 1572 3387 o'rdine
1584 3354 1658 3386 meo
1670 3352 1799 3386 valeant
1810 3348 1845 3386 δὲ
1867 3351 1998 3396 vigeant
2010 3360 2124 3384 ornnes
2135 3346 2235 3390 Regis

1312 3408 1344 3442 &
1366 3405 1475 3449 Regni
1498 3402 1694 3448 dignitates.
1731 3402 1792 3437 Sed
1810 3412 1849 3436 ut
1866 3401 2104 3435 observantiam
2125 3407 2234 3431 earum

1312 3458 1433 3503 jurem,
1463 3452 1715 3496 nonadquiesco
1728 3476 1736 3485 .
1764 3451 1898 3501 Qippe
1919 3452 1974 3497 qui
1996 3461 2055 3484 nec
2065 3449 2239 3489 Ca'nones,

2132 3506 2193 3530 nec
