2358 3776
599 149 877 198 RERUM
914 148 1005 195 ET
1041 152 1507 200 VERBORUM.

102 240 244 283 Joannes
259 233 463 278 Marefihalus
481 233 608 269 obtinet
620 236 637 270 ὲ
651 239 742 283 Rege
755 246 870 270 terram
890 233 930 290 de
943 235 1003 268 Mu
1010 248 1042 269 n.

158 292 252 327 deam
268 316 279 332 ,
303 294 493 336 spestantem
506 289 546 323 ad
561 290 733 324 Ecclesiam
754 286 1038 341 Cantuariensem:

157 344 268 387 paucis
289 342 404 377 diebus
424 342 495 385 post
515 341 709 379 moriturum
731 362 743 378 ,
769 346 852 372 nutu
873 334 1000 370 Divino
1023 350 1040 379 s,

157 405 233 428 cum
247 393 310 427 suis
322 391 449 427 Liberis
461 417 468 424 .
872 433 879 440 ⁸
899 387 994 440 ¹276.
1007 403 1036 428 2-

99 448 242 489 Joannes
265 443 471 477 Piaavienfis
495 441 689 487 Episcopus,
716 438 780 472 s'uit
802 433 970 495 familia-ris
994 440 1035 473 D,

156 492 300 527 Thomae
322 492 509 527 abineunte
522 501 632 526 astate.
654 490 711 535 64.
722 500 752 524 2-
781 488 948 522 Convenit
961 501 1036 524 cum

153 544 198 579 D.
214 543 352 578 Thema
376 543 462 578 circa
487 542 671 577 libertatem
692 537 944 573 Ecclesiasticam
965 540 1037 573 ibid.

155 593 366 638 Apprecatur-
378 594 423 627 D.
450 591 592 627 Thomae
612 590 759 634 spiritum
781 588 984 623 fortitudinis
1004 591 1036 624 &

152 641 412 688 perseverantiae.
439 641 493 691 63.
526 652 553 676 1.
581 641 660 684 Ejus
679 637 1001 674 solicitudo&labor
1026 663 1037 679 ,

152 705 189 729 ut
212 694 341 729 consilii
363 693 498 737 reperiat
519 689 645 735 aliquid
667 714 680 730 ,
707 689 740 722 in
763 689 906 722 favorem
929 690 1036 724 Eccle-

149 745 218 777 siae.
245 746 300 791 63.
312 754 343 779 2.
374 743 506 787 Accipit
527 742 644 776 secreta
660 737 947 784 mandataaRt-ge
969 740 1035 773 An-

148 795 245 839 gliae,
274 794 317 828 ne
330 794 362 827 se
382 801 529 837 opponat
540 789 707 824 violentiis
721 789 937 825 saecularibus.
964 789 1035 822 ibid.

149 845 209 878 Ille
236 844 311 878 vero
333 844 433 877 sciens
458 843 489 875 se
511 839 588 873 huic
600 838 756 873 mandato
779 851 839 873 nec
849 851 957 883 parere
965 842 1034 884 pos-

147 895 181 928 se
205 906 267 928 nec
290 893 495 938 pariturum,
519 891 665 933 expediat
675 888 834 930 exilium,
859 889 1036 925 decernens

148 943 210 976 sibi
232 943 448 977 Conventum
475 940 790 975 Pontiniacensem:
816 951 914 982 quem
933 940 966 974 δι
991 941 1034 974 D.

144 991 291 1028 Thomae
314 990 526 1026 commendat
546 1015 554 1023 .
582 989 637 1036 65.
656 999 686 1023 2.
713 991 884 1032 expectans
917 1001 1036 1026 merce·

146 1043 223 1078 dem
235 1044 254 1081 a
275 1042 345 1078 solo
357 1042 434 1078 Deo
453 1066 466 1087 2
490 1040 548 1077 ubi
560 1039 732 1075 destitutus
742 1039 788 1074 est
801 1038 977 1075 hominum
988 1043 1036 1076 so-

148 1093 239 1130 latio.
816 1140 825 1148 .
890 1101 943 1147 77.
957 1102 984 1127 1.
1002 1103 1032 1127 2.

88 1144 230 1196 Joan‘nes
265 1140 489 1184 saresberiensis
521 1141 586 1176 fuit
610 1140 731 1185 primus
770 1150 828 1196 qm.
848 1142 950 1196 exilio
987 1141 1030 1174 est

143 1195 340 1234 mulsia-tus,
367 1190 458 1237 quod
478 1191 658 1227 crederetur
681 1192 786 1224 favere
806 1189 949 1224 libertati
974 1190 1030 1223 Ec·

143 1244 341 1280 elefiasticae.
363 1242 464 1283 66⁴.
495 1242 573 1287 Ejus
586 1240 770 1274 constantia
784 1263 794 1279 ,
821 1240 942 1282 spernit
962 1250 1030 1272 om-

143 1294 200 1329 nia
212 1292 403 1338 temporalia
415 1317 425 1332 ‚
453 1302 513 1333 pro
535 1290 686 1323 libertate
704 1288 855 1340 'Ecclesiae
875 1289 995 1320 tuenda
1008 1311 1030 1343 ·.

110 1339 113 1341 ’
142 1352 222 1391 231.
238 1355 269 1379 2.
297 1342 386 1375 mori*
405 1338 557 1382 mavult,
582 1347 679 1379 quam
702 1345 804 1377 jurare
825 1337 1028 1370 eonsuetudi-

75 1398 77 1401 ’
143 1403 202 1426 nes
222 1390 365 1435 Regales
391 1413 399 1420 .
423 1387 492 1434 196.
525 1398 558 1423 2.
585 1385 788 1419 Sollicitatur
810 1395 846 1418 ut
867 1387 910 1418 D.
937 1385 1032 1419 Tho·

143 1451 234 1476 mam
256 1438 418 1483 relinquat
435 1462 446 1477 ,
474 1436 619 1480 juretque
646 1434 748 1478 Regis
785 1433 977 1469 fidelitatem
997 1436 1030 1474 ὅ(

144 1489 419 1527 consuetudines.
453 1484 531 1523 182.
560 1497 589 1522 1.
615 1484 748 1519 Mavult
759 1493 889 1517 manere
910 1485 946 1518 in
966 1486 1029 1518 exi-

127 1528 215 1580 ¹lio,
240 1540 389 1582 quamne
412 1538 523 1571 Deum
546 1534 731 1570 offendere.
757 1534 829 1567 ibid.
856 1534 1030 1569 Trasiatur

141 1591 184 1627 de
194 1591 285 1625 illius
298 1600 392 1634 pace.
419 1588 456 1621 ln
481 1597 594 1630 pacem
619 1586 865 1625 admitteretur,
891 1586 924 1618 ὅ(
948 1585 1030 1642 redi·

145 1651 192 1678 tet
210 1639 386 1679 abexilio,
412 1638 551 1681 fijurare
566 1635 681 1679 vellet,
709 1636 784 1670 sein
808 1635 951 1680 partibus
974 1636 1027 1669 Cr-

140 1692 292 1739 smarinis
304 1703 372 1725 non
384 1689 478 1724 fuisse
488 1700 603 1724 eontra
625 1689 751 1734 Regem
763 1714 770 1722 .
798 1686 954 1724 Consulit
969 1689 1027 1723 Pa-
1053 1713 1056 1716 >

72 1749 74 1751 ’
140 1751 241 1786 pam,
267 1753 307 1776 an
339 1741 536 1785 jurandum?
563 1739 726 1784 Negatur.
760 1739 820 1773 Ille
844 1739 891 1773 nil
915 1740 1027 1774 volens

74 1792 90 1798 ”
138 1782 371 1842 ιεεῐόσοηῑτα
397 1791 655 1828 conscientiam,
681 1790 826 1832 expectat
849 1789 1025 1833 mitigatio.

74 1846 75 1849 ’
141 1844 285 1878 n'emirae
305 1841 432 1886 Regiae.
464 1849 539 1886 113.
552 1848 584 1872 2.
614 1838 694 1871 Non
714 1836 845 1893 adbaesit
862 1840 905 1872 D.
932 1837 1025 1874 Tho.

123 1884 198 1928 ''xnae
220 1901 348 1938 propter
375 1889 572 1927 Thomam,
596 1888 648 1921 sed
666 1897 796 1931 propter
832 1888 986 1929 justitiam
1014 1903 1025 1922 .-

137 1944 309 1978 nonenim
322 1942 426 1975 fuerat
439 1937 779 1981 Thomaeobligatus.
809 1936 883 1970 ibid.
911 1938 1024 1972 Relin-

137 1989 211 2037 quit
223 1993 311 2026 illius
319 1989 522 2025 consortium
536 2011 546 2028 ,
574 1998 641 2021 non
654 1987 752 2021 fidem
765 1987 798 2020 ὅ(
810 1986 1021 2022 charitatem.

133 2043 204 2090 ²115.
218 2055 250 2079 2.
275 2038 470 2076 Confulitur
482 2038 501 2071 a
514 2039 557 2072 D.
571 2036 725 2071 Thema.
756 2036 834 2079 Ejus
846 2038 880 2070 in
898 2038 1021 2081 respon-

132 2078 245 2129 dendo
269 2090 436 2126 humilitas
452 2113 460 2122 .
492 2088 566 2133 156.
595 2097 622 2121 1.
651 2087 846 2120 Generosior
868 2088 1022 2122 omnibus

133 2142 243 2177 scribit
256 2140 368 2183 Papae,
396 2138 541 2183 aperiens
555 2137 672 2171 statum
694 2137 862 2178 Ecclesiae,
887 2138 920 2171 &
945 2140 1025 2181 peri·

133 2193 247 2227 culum
269 2193 361 2225 famae
372 2188 567 2227 pontificis,
595 2187 652 2219 nisi
667 2186 893 2220 Ecclesiasticae
904 2198 1019 2222 occur-

131 2254 178 2278 rat
194 2233 356 2276 libertati.
385 2249 464 2284 213.
483 2247 511 2273 1.
538 2236 699 2270 Plurimas
711 2237 831 2280 scripsit
847 2237 1018 2280 Epistolas,

132 2292 174 2327 ad
186 2292 345 2335 plurimos
359 2314 366 2321 .
395 2290 472 2322 Vide
491 2293 625 2329 primum
646 2287 791 2320 indicem.
819 2286 897 2329 Ejus
910 2287 1019 2322 Mater

131 2343 318 2386 responsum
331 2348 497 2382 acceperat
509 2337 661 2381 aspiritu
672 2337 813 2377 Sansto,
841 2337 872 2370 se
891 2349 958 2370 non
975 2338 1018 2371 vi-

130 2395 237 2427 suram
261 2400 422 2430 mortem,
448 2388 506 2422 nisi
529 2387 651 2421 videret
670 2387 774 2420 Filios
799 2387 897 2426 suos,
924 2387 1017 2430 Joan-

130 2442 248 2476 nem&
262 2441 410 2473 Fratrem
421 2437 509 2480 ejus,
536 2436 706 2470 redeuntes
728 2435 770 2470 ab
787 2436 908 2469 exilio.
939 2448 1019 2483 352.

130 2504 163 2528 2.
192 2490 270 2524 1²0st
282 2490 403 2532 septem
416 2485 748 2525 annorumexilium,
777 2485 859 2519 redit
881 2484 920 2518 ad
946 2485 1017 2520 Ma·

129 2551 234 2579 trem,
262 2549 359 2582 quam
397 2536 522 2569 invenit
561 2537 784 2569 infirmantem
802 2559 809 2567 .
838 2534 911 2567 ibid.
938 2534 1016 2572 Post

130 2590 331 2632 Martyrium
343 2588 387 2620 D.
403 2584 551 2618 Thomae
559 2585 595 2617 fit
608 2583 817 2616 Carnotensis
828 2585 1019 2628 Episcopus.

128 2652 185 2688 55.
201 2652 228 2677 1.
256 2635 418 2672 Describit
430 2636 529 2668 vitam
545 2634 587 2667 D.
599 2633 744 2666 Thomae
757 2658 764 2664 .
945 2645 971 2668 1.
990 2645 1016 2668 ¹.

76 2682 222 2739 Jhimnes
244 2685 481 2723 Saresberienfis
508 2684 686 2726 Episcopus
707 2707 717 2723 ,
753 2683 875 2719 excidit
912 2695 1016 2727 gratia

130 2740 251 2785 Regis,
280 2748 378 2782 quam
391 2747 444 2779 per
466 2735 510 2768 D.
530 2733 703 2767 Thomam
726 2743 890 2776 recuperat
904 2734 944 2767 ad
969 2734 1016 2767 in-

61 2788 63 2790 ’
129 2790 281 2825 stantiam
303 2787 415 2831 Papae.
449 2782 553 2820 18t.i.
581 2785 684 2817 Senex
706 2793 793 2823 erat,
833 2784 865 2816 &
889 2793 1016 2826 propter

127 2834 250 2873 senium
265 2849 331 2872 non
343 2834 481 2871 audebat
498 2833 633 2867 resistere
647 2832 731 2877 Regi
758 2833 908 2877 Angliae,
935 2835 1014 2867 iram

127 2891 197 2932 ejus
218 2898 370 2931 expertus
406 2885 512 2928 saepius
530 2908 537 2916 .
568 2884 639 2916 ibid.
667 2883 771 2930 Quod
808 2883 1017 2918 considerans

126 2939 239 2982 Papa,
265 2937 404 2982 rogat&
430 2934 580 2974 mandat,
609 2944 643 2966 ut
657 2935 699 2967 D.
727 2932 878 2967 Thomas
902 2935 1013 2967 mitius

130 3001 208 3024 cum
230 2999 271 3022 eo
284 2998 359 3032 agat
373 3011 380 3019 .
406 2985 476 3017 ibid.
504 2983 590 3026 Papa
616 2984 691 3017 vero
716 2982 843 3016 amabat
863 2995 941 3017 eum
963 2996 1013 3018 te-

128 3038 267 3074 nerrime
295 3062 302 3069 .
330 3037 401 3068 ibid.
442 3034 575 3074 vultque
595 3045 670 3067 eum
694 3032 766 3066 ideo
789 3034 895 3077 excipi
917 3034 934 3067 ὲ
958 3046 1013 3067 nu-

125 3101 217 3123 mero
230 3085 628 3123 excommunicandorum
643 3109 651 3116 .
940 3084 1009 3116 ibid,

72 3142 256 3186 jocelinus,
283 3133 322 3171 in'
341 3133 468 3169 Schoiis
491 3133 632 3167 existens
669 3158 679 3174 ,
715 3143 780 3167 erat
801 3143 1015 3177 contemptor

1105 235 1108 239 ⁴
1148 237 1340 271 oxeneford
1354 260 1365 276 ‚
1388 239 1709 280 excommunicatum
1729 271 1740 287 ,
1765 259 1880 285 contra
1901 251 2032 288 manda-⁴

1122 297 1219 323 atum
1251 287 1292 319 D.
1320 286 1463 322 Thomae
1483 290 1516 323 ἃ
1543 290 1662 333 Papae.
1705 304 1778 331 120.
1810 310 1838 335 1.
1865 301 1907 334 D.
1933 301 2029 335 Tho-

1151 347 1220 378 mas
1241 360 1251 376 ,
1278 337 1374 378 exul,
1403 338 1567 382 suspendit
1588 340 1682 375 illum
1704 341 1780 376 ideo
1800 371 1811 386 ,
1835 350 1867 383 &
1895 351 1974 386 citat
1991 352 2029 388 ἦι-

1125 399 1127 402 ⁴
1151 386 1220 419 lum
1248 387 1456 429 personaliter
1481 389 1520 422 ad
1546 391 1578 424 se
1604 414 1611 421 .
1640 391 1711 423 thid.
1739 403 1769 428 2.
1797 395 1891 436 Jubet
1925 410 1960 434 ut
1982 401 2030 438 di·

1149 436 1234 468 &um
1256 437 1415 480 joannem
1438 437 1554 473 habeat
1573 448 1729 484 tanquam
1755 453 1822 476 non
1851 444 2028 485 decanum.

1149 485 1223 518 ibid.
1261 486 1418 530 Appellat
1441 488 1482 522 ad
1507 488 1629 532 Papam
1656 517 1664 524 .
1699 488 1994 539 Caussatnaallegat
2019 524 2033 541 ,

1151 535 1240 577 quod
1262 537 1343 571 dista
1365 538 1529 582 suspensio
1552 540 1589 572 sit
1614 541 1738 582 prolata
1759 552 1874 577 contra
1899 554 1966 579 non
1979 557 2034 580 au·

1149 585 1360 626 ditum‚non
1374 588 1530 628 citatum,
1561 590 1727 624 absentem
1749 616 1761 632 ,
1784 591 1994 629 'indefensum
2023 620 2031 628 .

1153 645 1227 671 122.
1261 645 1289 670 1.
1317 637 1488 671 Submittit
1523 640 1555 673 se
1585 642 1776 683 protestioni
1797 641 1892 688 Papae
1914 669 1922 675 .
1958 644 2031 678 ibid.

1150 685 1318 720 Reccurrit
1340 688 1381 721 ad
1405 688 1529 732 Regem
1549 687 1743 735 obtinetque
1769 716 1781 733 ,
1816 693 1850 726 in
1872 692 1960 727 hunc
1996 696 2033 728 fi-

1150 746 1226 768 nem
1265 758 1276 775 ,
1323 737 1610 773 commendatitias
1642 740 1684 774 ab
1708 740 1809 775 Archi
1831 759 1843 767 -
1866 743 2034 788 Episcopo

1151 784 1373 819 Londoniensi
1399 812 1406 819 .
1433 788 1504 820 ibid.
1543 800 1573 826 2-
1603 789 1715 835 Rogat
1735 792 1994 828 ·Londonienfis
2020 817 2033 835 ‚

1150 845 1185 868 ut
1212 834 1287 868 Rex
1319 836 1504 878 Jocelinum
1537 838 1577 872 ad
1610 841 1641 874 se
1669 850 1787 874 evocet
1831 842 1903 877 ibid.
1942 843 2031 887 Papa

1149 884 1320 919 confirmat
1371 888 1563 922 sententiam
1603 891 1647 924 D.
1699 889 1842 925 Thomae
1876 903 1950 940 130.
2002 906 2032 932 1.

1148 944 1275 977 poterat
1308 936 1472 978 Jocelinus
1502 939 1605 973 redire
1647 940 1680 973 in
1700 942 1838 985 gratiam
1854 942 1909 981 ·„D.
1936 943 2036 978 Tho-

1149 996 1207 1018 mae
1239 1007 1249 1023 ,
1275 985 1295 1018 si
1317 986 1402 1021 hanc
1425 988 1610 1032 postulasset
1637 1014 1648 1031 ,
1680 990 1714 1024 δε
1736 992 1962 1036 Appellationi
1983 1005 2032 1029 re·

1147 1035 1321 1069 nuntiasset
1347 1061 1353 1067 .
1384 1047 1456 1082 123-
1484 1048 1510 1071 1.
1543 1037 1618 1085 158·
1641 1049 1672 1073 2.
1700 1042 1762 1074 Sed
1791 1054 1865 1077 cum
1890 1043 2033 1086 persiste·

1147 1095 1218 1117 ret:
1245 1085 1338 1119 nullo
1355 1089 1459 1120 modo
1482 1089 1552 1121 vult
1571 1100 1646 1123 eum
1668 1090 1709 1123 D.
1745 1091 1899 1126 Thomas
1926 1094 2033 1128 absol·

1146 1144 1240 1174 vere,
1266 1146 1566 1181 quantumcumque
1581 1140 1700 1174 instent
1716 1143 1834 1183 amici,
1862 1145 1938 1186 quia
1963 1156 2034 1188 prae·

1144 1183 1215 1218 buit
1238 1186 1379 1219 formam
1403 1187 1616 1223 inobediendi
1636 1192 1754 1224 caeteris
1774 1217 1785 1233 ,
1807 1194 1855 1226 ἀ
1887 1194 2031 1228 adhaere-

1145 1232 1199 1265 bat
1221 1235 1444 1269 Londoniensi
1467 1237 1631 1282 Episcopo
1652 1266 1658 1272 .
1691 1239 1767 1286 158.
1794 1252 1834 1276 2„
1866 1243 1919 1277 Ad
1943 1244 2031 1278 diem

1146 1283 1307 1323 praefixum
1329 1308 1339 1323 ,
1376 1286 1492 1317 Romae
1518 1290 1577 1319 nec'
1597 1298 1790 1330 comparens
1822 1304 1875 1332 per
1906 1295 1936 1326 se
1970 1306 2031 1327 nec

1145 1342 1201 1372 per
1221 1342 1459 1373 procuratorem
1473 1353 1493 1374 ,-
1510 1335 1751 1370 condemnatur
1773 1338 1790 1369 a
1815 1339 1901 1380 Papa
1915 1364 1923 1372 .
1963 1350 1991 1386 ¹5
2001 1353 2031 1389 3.

1146 1391 1177 1416 2.
1207 1381 1520 1415 Excommunicatur
1540 1383 1558 1415 a
1591 1385 1634 1416 D.
1662 1385 1800 1420 Thoma
1823 1389 1901 1434 265.
1930 1400 1956 1425 1.
1987 1392 2033 1425 Et

1146 1429 1262 1462 iterum
1298 1431 1502 1474 suspenditur
1538 1456 1548 1471 ,
1575 1433 1651 1476 quia
1685 1434 1803 1476 juravit
1825 1439 2030 1475 consuetudi-

1145 1490 1202 1514 nes
1221 1504 1232 1519 ,
1269 1480 1303 1514 ἀ
1324 1481 1473 1514 interfuit
1493 1483 1704 1517 coronationi
1728 1486 1831 1530 Regis
1863 1488 1998 1534 Angliae
2019 1516 2028 1526 .

1145 1529 1220 1576 356.
1256 1539 1287 1564 2.
1323 1530 1529 1574 cooperatus
1566 1533 1612 1567 est
1652 1534 1722 1569 neci
1762 1536 1805 1569 D.
1846 1537 1992 1575 Thomae
2016 1567 2026 1576 .

1146 1582 1221 1626 362.
1248 1592 1279 1617 2.
1532 1607 1536 1610 f

1093 1628 1221 1663 Irrideri
1247 1629 1349 1667 homo
1373 1634 1499 1677 potest,
1525 1646 1592 1669 non
1619 1636 1709 1672 Deus
1732 1651 1742 1670 .·
1771 1637 1826 1680 qui
1850 1637 2032 1676 irrisoribus

1143 1679 1271 1726 flagella
1296 1693 1447 1727 praeparat
1470 1709 1481 1724 ,
1519 1687 1553 1719 ἀ
1572 1686 1688 1720 -duros
1709 1687 1871 1727 malleos,
1898 1693 2032 1726 cervici·

1141 1733 1201 1768 bus
1221 1734 1253 1767 ὃς
1270 1733 1369 1768 dorfis
1381 1744 1646 1776 contemptorum
1661 1761 1668 1767 .
1919 1741 1982 1776 ¹116.
2000 1753 2029 1777 1-

1091 1785 1189 1827 Judaei
1206 1784 1412 1817 tetenderunt
1434 1782 1568 1817 Christo
1594 1785 1723 1819 infidias
1746 1810 1756 1825 ,
1796 1786 1836 1820 ne
1859 1789 2031 1834 Principes

1109 1832 1112 1834 ’
1141 1834 1350 1868 Sacerdotum
1374 1834 1542 1876 perderent
1561 1836 1670 1878 gentis
1695 1837 1910 1878 potestatem:
1937 1842 1992 1875 sed
2018 1865 2031 1882 ,

1139 1882 1344 1918 venientibus
1365 1883 1525 1918 Romanis
1561 1907 1573 1924 ‚
1612 1884 1824 1928 perdiderunt
1857 1890 1968 1925 locum
1995 1893 2029 1928 <Sc

1136 1942 1268 1979 gentem
1287 1959 1293 1966 .
1826 1963 1843 1969 -s
1905 1951 1979 1989 199-
1996 1955 2026 1981 2-

1087 1985 1192 2027 Judici
1216 1985 1455 2028 incompetenti
1475 1985 1579 2033 quise
1594 1986 1782 2028 submittit,
1806 1999 1946 2025 meretur
1960 2004 2029 2035 per-

1134 2035 1209 2068 dere
1230 2035 1283 2069 sua
1309 2035 1396 2078 jura.
1920 2044 1978 2077 116.
1997 2053 2026 2079 1.

1076 2086 1203 2129 judicis
1223 2084 1375 2126 inferioris
1395 2098 1453 2118 non
1476 2086 1512 2124 est
1537 2111 1548 2127 ,
1569 2086 1732 2130 superioris
1752 2090 1935 2134 sententiam
1955 2091 2019 2135 [οῖ-

1133 2146 1203 2168 vere
1225 2149 1236 2168 .-
1272 2135 1343 2169 SIC
1381 2136 1536 2171 NULLI
1574 2138 1830 2175 HOMlNUM
1867 2143 2015 2177 LICET

1130 2185 1428 2224 INFIRMARE‚
1456 2186 1605 2233 QUOD
1631 2190 1774 2224 SEDES
1815 2192 2020 2229 APOSTO-

1130 2234 1242 2268 LlCA
1271 2235 1545 2270 DECREVH'.
1897 2254 1972 2291 359.
1987 2255 2020 2281 2.

1080 2284 1227 2327 Iudicem
1249 2282 1429 2317 saecularem
1453 2285 1532 2319 dum
1554 2288 1684 2332 eligunt
1704 2291 1825 2325 Clerici
1852 2315 1863 2330 ,
1900 2294 2019 2334 rejesto

1127 2332 1232 2377 judice
1253 2332 1500 2375 Ecclesiastico,
1526 2336 1706 2379 sequuntur
1716 2339 1865 2381 Iudaeos,
1891 2342 1947 2385 qui
1961 2342 2025 2388 abg

1129 2384 1218 2416 sente
1240 2383 1360 2426 Moyse
1382 2407 1393 2424 ,
1420 2383 1460 2416 ab
1484 2384 1596 2417 Aaron
1622 2387 1806 2426 petiverunt
1827 2389 1918 2423 Deos
1938 2403 2024 2433 con.=

1127 2432 1266 2472 flatiles,
1293 2443 1328 2466 ut
1353 2431 1563 2475 praecederent
1590 2434 1694 2467 cosin
1718 2434 1859 2470 deserto.
1881 2449 1959 2476 200·
1983 2453 2000 2477 1
2023 2438 2025 2440 ’

1127 2482 1359 2524 Videnturque
1377 2482 1517 2514 clamare
1536 2493 1612 2516 cum
1633 2483 1746 2526 judaeis
1768 2510 1780 2527 ‚
1816 2492 1890 2521 Non
1909 2490 1985 2523 habe
1999 2486 2008 2494 ’

1128 2544 1194 2565 mus
1215 2537 1323 2575 Regem
1345 2529 1401 2570 m‘fi
1421 2528 1594 2573 caesarem.
1895 2539 1968 2573 ibid.
1984 2529 2022 2573 2t

1077 2583 1242 2627 Judicium
1259 2591 1443 2615 extremum
1466 2580 1512 2614 est
1533 2581 1616 2624 apud
1642 2583 1736 2618 illum
1761 2611 1772 2626 ‚
1810 2590 1864 2632 qui
1887 2586 2020 2632 judicari

1125 2643 1241 2675 corpus
1259 2631 1292 2663 &
1305 2630 1449 2663 animam
1461 2654 1468 2662 .
1498 2630 1551 2664 Sic
1564 2632 1721 2674 judicium
1734 2647 2015 2682 rsxtremumapu·

1125 2681 1275 2716 homines
1292 2680 1337 2714 est
1357 2691 1456 2723 penes
1475 2680 1674 2722 Ecclesiam,
1700 2696 1770 2728 quae
1790 2687 1913 2729 judicat
1935 2693 2010 2735 spi2·

1127 2742 1244 2766 ritum.
1797 2764 1804 2774 ,
1959 2766 1970 2774 .

1075 2781 1238 2827 Judicium
1256 2790 1442 2815 extremum
1466 2781 1510 2815 est
1529 2782 1773 2820 formidandum
1801 2752 2019 2832 Ρτὶηείζτῗὸυς

1123 2833 1155 2866 &
1176 2829 1324 2875 Regibus
1346 2845 1356 2864 :
1399 2831 1489 2878 Qia
1516 2831 1561 2866 ibi
1586 2845 1655 2868 non
1680 2834 1876 2877 iudicabitur
1908 2836 2022 2875 secun'

1123 2880 1201 2915 dum
1222 2880 1479 2915 consuetudines
1494 2882 1604 2927 Regni
1618 2885 1743 2926 avitas,
1774 2889 1825 2921 sed
1854 2891 1916 2923 Dei
1929 2898 2016 2925 aeter·

1123 2943 1196 2966 nas:
1224 2931 1280 2965 ubi
1305 2942 1410 2975 neque
1430 2932 1596 2967 fortitudo
1632 2959 1643 2974 ,
1681 2947 1788 2976 neque
1827 2941 1973 2980 potentia
2003 2954 2015 2970 ³

1122 2993 1182 3015 nec
1199 2981 1343 3021 divitiae,
1371 2992 1431 3015 nec
1452 2982 1541 3026 leges
1570 2983 1733 3017 saeculares
1755 2997 1908 3028 poterunt
1925 2991 2014 3032 juva.

1120 3043 1155 3065 re
1175 3042 1400 3074 quemquam:
1446 3043 1505 3066 nec
1535 3032 1626 3066 aliud
1664 3034 1842 3078 quidquam
1874 3041 2015 3081 proderit

1116 3081 1316 3124 iudicando,
1344 3082 1403 3114 nist
1429 3081 1541 3115 divina
1557 3082 1741 3118 Clementia
1755 3108 1766 3125 ,
1793 3087 2013 3130 &praeceden.

1115 3133 1196 3165 tium
1218 3142 1355 3174 operum
1380 3132 1525 3165 frustus-
1888 3149 1962 3173 101.
1983 3152 2010 3185 Ι,

122 3189 268 3234 pecunia:
290 3210 301 3226 ,
326 3185 379 3220 fed
407 3194 518 3218 avarus
541 3184 574 3216 δε
601 3184 737 3226 cupidus
755 3184 858 3218 laudis
886 3186 918 3217 dc
940 3183 1010 3227 glo·
1065 3182 1187 3225 Iudicii
1210 3180 1296 3215 illius
1316 3181 1428 3225 jugem
1451 3181 1646 3216 memoriam
1667 3183 1754 3229 Regi
1770 3185 1900 3230 Angliae
1915 3191 2007 3228 ineu,

119 3241 198 3274 ηε,
227 3237 345 3274 162-2-
376 3235 431 3269 Fit
455 3234 634 3276 Episcopus
656 3233 915 3268 Saresberienfis.
944 3235 1008 3267 Oc-

1114 3232 1157 3265 tit
1178 3231 1351 3265 Romanus
1377 3229 1554 3265 Pontifex.
1880 3246 1956 3283 244.
1974 3250 2011 3286 1·

119 3289 227 3324 cultus
250 3287 295 3320 D.
305 3285 450 3320 Thomae
472 3282 612 3317 amicus.
645 3280 695 3318 18.
709 3295 738 3320 2.
763 3284 888 3318 Contra
901 3285 1006 3326 ipsum
1063 3281 1184 3324 Iudicis
1209 3282 1298 3316 illius
1323 3290 1504 3323 numquam
1528 3281 1573 3314 est
1603 3282 1864 3340 obliviscendum
1876 3310 1892 3341 ,ι
1923 3298 2002 3323 ante

124 3340 195 3374 exit
217 3337 372 3372 Edlstum
393 3334 536 3379 Regium
559 3355 571 3372 2
598 3332 649 3366 vel
670 3335 713 3367 D.
738 3334 909 3368 Thomam
920 3334 1004 3367 dese·
1111 3331 1203 3374 cujus
1221 3329 1363 3365 tribunal
1386 3331 1584 3365 constitutos
1603 3332 1670 3366 sola
1692 3344 1806 3367 veritas
1826 3335 1998 3379 judicabit,

0 3382 12 3404 ι
60 3390 65 3395 ·
116 3400 167 3424 rat
189 3412 201 3428 ‚
227 3387 279 3422 vel
302 3386 469 3419 mutiletur
492 3384 526 3416 in
548 3381 707 3426 supplicio
730 3407 737 3415 .
766 3395 818 3430 19.
842 3397 872 3421 2.
902 3383 1004 3417 Tho—
1110 3382 1222 3414 amoto
1252 3381 1370 3414 timore
1398 3380 1430 3414 &
1470 3380 1587 3415 fiducia
1622 3390 1754 3416 terrenae
1786 3382 1958 3421 potestatis
1983 3410 2010 3430 ,ε

119 3450 189 3474 mas
211 3437 340 3473 amabat
363 3446 438 3468 eum
459 3433 613 3467 teneriter
638 3457 645 3465 .
677 3442 753 3479 159.
774 3444 806 3468 2,
834 3434 928 3467 Mem
952 3433 1011 3473 ad.
1114 3441 1188 3476 ¹25·
1210 3443 1241 3467 2,
1272 3479 1281 3488 ·
1357 3479 1363 3487 Ι
1626 3480 1633 3487 .

121 3489 225 3525 mittit
246 3488 287 3522 ad
309 3487 517 3521 Decanatum
532 3483 680 3518 Ecclefiae.
701 3485 762 3518 suae
782 3484 942 3528 Ioannem
963 3483 1005 3523 de
1057 3481 1192 3526 Iudicio
1216 3481 1284 3515 Det
1320 3479 1430 3526 aliqua
1469 3480 1545 3514 sunt
1575 3479 1790 3524 relinquenda

171 3537 281 3581 Christ.
295 3541 371 3580 Lupi
385 3540 483 3578 Opera
494 3537 571 3568 Tom.
582 3535 624 3566 X.
1618 3531 1649 3566 L
1673 3531 1685 3566 Ι

1824 3498 1832 3518 :
1863 3486 1946 3520 adeo
1969 3498 1991 3523 u

1887 3546 1956 3573 non
