2358 3776
422 151 462 197 S.
511 147 803 197 THOMAE
853 145 1245 194 CANTUAR.
1296 144 1430 190 LIB.
1467 148 1570 191 111.

29 231 190 272 Domini.
219 232 370 268 Erillum
383 233 514 277 quidem
524 232 590 277 jam
599 230 812 276 apprehendit
828 226 960 263 maledi-

30 288 97 321 etio
106 312 118 328 ,
139 286 299 328 quoniam
311 285 413 327 culpis
425 282 631 328 exigentibus
641 281 774 316 traditus
787 279 832 314 est
849 276 962 313 Satha-

30 335 296 384 naeininteritym
308 335 429 375 carnis,
454 334 488 366 δε
509 332 686 367 charactere
713 326 959 372 bestizinfigni-

30 396 104 427 tus,
127 386 144 419 a
153 384 302 421 fratribus
314 385 349 419 ἀ
358 382 557 427 coepiscopis
569 406 580 423 ,
606 381 663 424 qui
676 381 795 415 redium
807 378 934 422 sapiunt
947 400 960 417 ,

25 437 170 470 evitatus
179 460 191 476 ,
210 447 251 469 ne
262 446 319 470 eos
327 445 368 468 ex
380 433 624 478 participatione
634 431 726 474 leprae
736 429 863 464 macula
870 426 960 461 dam·

25 485 174 520 nationis
184 484 325 520 inficiat.
355 479 670 528 Accingiminiergo
688 480 750 514 filii
774 487 923 523 potentes
948 500 960 517 ‚

26 536 66 570 ἀ
79 535 182 569 estote
195 535 295 579 parati
307 544 420 570 contra
442 532 678 567 subversionem
697 528 844 564 Ecclefiae
855 529 961 561 vestrae

30 585 67 620 in
80 585 239 628 praelium.
269 584 387 628 Siquis
402 582 544 617 Domini
567 580 631 623 est,
658 580 811 625 jungatur
830 577 924 611 nobis
951 601 962 618 ‚

27 635 67 669 ἀ
82 636 227 680 quisquis
237 634 410 669 conatibus
430 633 499 676 ejus
521 633 609 666 favet
630 631 768 670 animo,
793 627 963 662 manifeste

28 682 190 720 cohaereat
203 684 270 719 illi.
297 681 431 718 Amodd
442 693 582 726 namque
592 678 720 715 duobus
730 678 888 714 Dominis
906 680 964 712 ser-

30 735 181 769 virenon
199 735 367 778 poteritis,
393 732 469 776 quia
492 732 657 767 Dominus
675 728 893 764 ventilabrum
917 728 964 771 ju-

27 783 111 818 dicii
122 786 172 819 sui
184 786 268 819 milit
280 785 314 818 in
323 794 441 818 terram
454 806 465 823 ,
476 793 511 816 ut
521 793 621 826 grana
632 781 650 814 a
668 779 766 823 paleis
786 779 965 813 discernan-

27 843 101 868 tur.
131 835 202 880 Qri
226 833 304 868 veri>
323 834 373 867 illi
391 830 599 872 cohaeserint,
626 830 702 865 Deo
723 829 918 873 propitiante
931 829 966 862 fi-

31 883 130 919 miles
139 885 183 918 eis
192 893 285 917 erunt
296 883 330 916 in
350 881 516 916 interitum
531 881 636 914 carnis
648 903 659 920 ,
683 880 761 914 fasti
778 881 812 914 in
835 878 967 913 combu-

33 931 450 977 stionem&cibumignis.
480 928 575 965 Nulli
596 931 688 965 enim
709 929 752 964 de
772 940 890 964 caetero
903 939 969 972 par-

29 993 144 1017 cemus
161 1006 172 1022 ,
196 983 275 1026 quin
299 993 358 1025 pro
379 980 480 1016 modo
502 982 603 1024 culpat
622 989 810 1015 exerceatur
833 980 867 1014 &
883 980 968 1014 ratio

34 1032 198 1066 vindieiae.
224 1030 330 1067 Unde
340 1032 415 1075 quia
439 1031 677 1065 universitatem
696 1030 831 1065 vestram
844 1053 855 1070 ,
880 1029 970 1073 quod

16 1081 127 1116 'Deus
140 1081 253 1123 novit,
279 1082 396 1115 lincera
406 1080 565 1115 charitate
574 1078 769 1126 diligimus,
799 1081 832 1114 ὅ(
854 1091 914 1125 pro
924 1078 972 1122 ju-

33 1143 70 1167 re
80 1131 199 1165 Matris
210 1131 326 1165 nostrae
345 1132 366 1166 S
384 1130 627 1166 Cantuarienlis
647 1131 817 1171 Ecclesiae,
843 1139 880 1164 ut
901 1141 974 1174 prz-

35 1182 108 1216 sens
119 1181 241 1215 indicat
252 1180 320 1215 dies
331 1203 342 1221 ,
367 1181 389 1214 fi
409 1191 457 1214 res
477 1181 610 1226 exigat,
628 1179 828 1215 decrevimus
848 1181 973 1213 animas

34 1241 183 1274 ponere,
209 1230 300 1265 vobis
310 1231 532 1270 consulendo,
560 1231 749 1269 monendo,
773 1231 806 1265 δι
824 1230 859 1264 in
874 1229 974 1263 virtu-

33 1291 70 1316 te
93 1279 285 1315 obedientia
321 1280 535 1322 precipiendo
556 1280 747 1314 mandamus
772 1302 785 1319 ,
813 1278 973 1321 quatenus

34 1329 170 1365 duosde
181 1329 333 1364 fratribus
353 1328 462 1362 vestris
473 1352 484 1368 ‚
510 1339 592 1371 quos
604 1329 644 1361 ad
663 1327 727 1360 hoc
739 1351 750 1366 ,
762 1328 868 1360 vestro
880 1336 972 1360 cotn-

35 1380 208 1415 munitate
218 1378 377 1418 consilio,
402 1378 592 1411 necessarios
612 1376 839 1417 decrevimus,
864 1386 974 1421 prepa-

33 1429 132 1470 retis,
157 1439 194 1462 ut
213 1427 407 1462 sufficienter
430 1427 574 1462 instructi
598 1426 718 1470 poffint
739 1434 906 1461 occurrere
919 1426 977 1463 ho·

35 1479 123 1514 mini
135 1489 202 1512 tam
214 1477 403 1511 malitioso.-
429 1478 464 1511 δι
480 1488 522 1511 ex
547 1477 701 1519 rescriptis
727 1477 975 1521 privilegiorum

41 1528 233 1563 nostrorum
241 1526 427 1562 Dominum
438 1526 559 1571 Papam
573 1528 608 1562 ἀ
626 1525 763 1560 Curiam
788 1526 975 1561 Romanam

36 1578 200 1613 sufficiant
210 1578 420 1620 prauumue,
446 1577 526 1611 &in
539 1575 704 1611 auditorio
724 1576 790 1619 ejus
804 1587 975 1620 expugna-

33 1638 76 1663 ·re
86 1652 98 1669 ‚
123 1627 159 1663 ὃ(
169 1637 327 1671 proterere
338 1625 472 1670 publicae
483 1626 592 1661 salutis
603 1625 729 1661 hostem
739 1650 748 1659 .
777 1627 810 1661 N
815 1638 877 1660 unc
887 1627 976 1660 enim

38 1677 205 1722 apparebit
217 1701 228 1716 ‚
255 1687 319 1719 qua
329 1675 394 1711 fide
405 1699 417 1717 ,
442 1687 505 1720 qua
515 1677 692 1711 devotione
705 1699 715 1716 ,
732 1688 799 1720 quo
812 1676 882 1711 zelo
895 1676 978 1720 quis-

35 1738 101 1772 que
111 1728 227 1761 vixerit
237 1724 414 1767 hactenus,
440 1727 475 1761 dt
499 1727 689 1762 militaverit
715 1726 862 1761 Ecclefiae
882 1728 946 1760 suae
969 1752 975 1759 .

0 1799 1 1802 =
35 1776 439 1818 Diffimulavimuseulpas
450 1787 584 1815 eorum,
610 1777 668 1819 qui
680 1776 978 1810 excommunicatis

39 1826 160 1861 nostris
169 1825 514 1863 communicaverunt,
541 1823 618 1857 licet
641 1825 780 1858 nomina
797 1834 909 1858 eorum
921 1834 978 1866 pro

38 1886 159 1921 magna
174 1879 263 1917 parte
272 1883 440 1908 teneamus
461 1872 602 1917 expreffa
615 1897 626 1912 ‚
654 1873 708 1907 sed
729 1871 769 1906 de
794 1883 908 1908 caetero
922 1874 979 1906 nist

37 1924 296 1969 cautiusegerint
308 1921 591 1965 ,'’'diffimulationi
604 1934 673 1957 non
693 1924 754 1958 erit
775 1923 866 1958 locus
879 1948 887 1957 .
917 1923 980 1957 Ex-

43 1975 282 2011 communicati
307 1973 384 2008 vero
405 1974 479 2007 sunt
499 1997 510 2013 ,
535 1982 673 2016 quornm
694 1974 830 2008 nomina
852 1973 982 2007 subscri-

40 2026 165 2062 buntur
175 2022 308 2058 inferius
320 2049 330 2064 ‚
359 2023 519 2067 nobisque
529 2034 595 2056 tam
608 2022 648 2056 de
661 2022 781 2064 justitia
792 2047 802 2062 ,
830 2024 926 2065 quam
940 2023 980 2056 de

42 2073 215 2110 elementia
228 2074 318 2109 Sedis
329 2072 702 2117 Apostolicaeindultum
714 2073 758 2106 est
770 2097 780 2113 ,
807 2085 841 2106 ut
862 2072 982 2106 nullius

45 2124 274 2169 appellationis
285 2124 424 2158 obtentu
435 2124 621 2158 differamus
631 2124 666 2157 in
677 2134 736 2157 eos
757 2124 900 2167 rigorem
924 2122 984 2156 Ec-

47 2175 256 2210 clefiasticum
267 2184 412 2208 exercere
425 2199 432 2205 .
459 2173 548 2207 Nam
561 2172 728 2207 Dominus
741 2171 828 2217 Papa
849 2173 983 2217 cognita

44 2224 169 2259 malitia
179 2224 419 2260 adversantium
433 2248 443 2264 ‚
469 2234 540 2264 quae
551 2223 646 2266 perse
664 2232 776 2267 patens
801 2223 846 2258 est
859 2247 869 2263 ,
897 2224 930 2257 ἀ
942 2222 984 2264 ju·

45 2274 134 2308 stitia
149 2274 257 2307 nostra
269 2297 281 2316 ,
307 2284 375 2317 quae
385 2273 508 2307 cunctis
528 2273 630 2315 liquet
649 2298 659 2314 ‚
686 2273 731 2308 ita
748 2274 862 2317 procul
881 2273 985 2307 dubio

45 2325 81 2363 in
93 2324 187 2359 causa
199 2324 306 2358 nostra
319 2322 484 2368 procedit,
510 2323 590 2357 licut
613 2325 647 2356 in
666 2324 772 2357 fratris
792 2323 908 2357 uterini
933 2333 985 2357 ne·

46 2373 319 2417 ceffitatejudicat
329 2372 586 2417 procedendum.
616 2373 754 2407 Eramus
766 2373 807 2407 ad
829 2373 983 2407 consola-

48 2425 176 2458 tionem
199 2421 334 2457 vestram
354 2423 511 2465 ampliora
533 2421 667 2462 dicturi,
695 2423 748 2456 sed
770 2422 918 2457 consulta
937 2433 983 2457 ra-

51 2474 146 2508 tione
154 2472 353 2507 substitimus
372 2496 382 2512 ,
407 2472 539 2507 interim
549 2472 764 2516 exspestantes
775 2473 808 2507 δε
820 2483 948 2507 orantes
974 2497 985 2513 ,

50 2533 87 2558 ut
108 2522 163 2557 fiat
190 2522 341 2556 omnium
365 2521 510 2556 nostrum
520 2533 577 2555 cor
594 2523 741 2557 uuum&
754 2523 862 2556 anima
874 2533 938 2556 una
951 2523 984 2555 in

50 2572 203 2607 Domino
215 2596 225 2612 ‚
254 2582 295 2606 ne
307 2572 423 2614 aliquis
435 2582 505 2614 quae
517 2572 570 2605 sua
591 2574 665 2606 sunt
674 2564 791 2621 quirat
807 2597 818 2613 ‚
844 2573 899 2607 sed
917 2568 986 2617 quae

51 2624 124 2667 Jesu
136 2621 279 2662 Christi,
306 2622 339 2655 ἀ
351 2620 440 2664 quod
453 2619 588 2663 publicz
599 2622 736 2656 utilitati
755 2622 906 2666 expediat
918 2648 928 2662 ,
953 2624 987 2657 &

51 2672 194 2707 libertati
208 2671 356 2706 Ecclefiae
366 2672 400 2705 δε
410 2670 566 2715 dignitati
590 2671 800 2714 imposterum
813 2696 821 2704 .
847 2672 989 2706 Consor-

53 2721 168 2758 tamini
181 2721 414 2765 pusillanimes,
442 2721 518 2765 quia
532 2720 628 2764 prope
638 2719 683 2755 est
706 2731 740 2755 ut
764 2720 901 2755 videatis
910 2722 988 2766 glo-

51 2772 133 2807 riam
145 2772 222 2812 Dei,
256 2771 521 2805 &confusionem
542 2769 576 2805 δε
597 2770 815 2816 ignominiam
837 2782 951 2805 eorum
977 2795 988 2811 ‚

51 2822 108 2867 qui
120 2821 291 2856 Ecclesiam
303 2822 367 2856 Dei
387 2823 619 2866 persequuntur
630 2846 637 2853 .
667 2821 749 2855 Non
759 2820 905 2855 confidat
917 2821 988 2866 quis

52 2872 90 2906 in
102 2871 264 2906 mundana
276 2872 459 2916 supellectili
471 2897 482 2912 ‚
509 2871 561 2905 vel
574 2870 746 2906 satellitum
759 2872 988 2912 familiaritate,

55 2924 133 2966 quia
149 2932 204 2954 non
216 2921 303 2956 babet
316 2931 440 2957 eventus
447 2920 570 2966 sordida
586 2923 699 2965 praeda
715 2921 803 2957 bonos
818 2946 826 2956 .
855 2921 897 2955 Et
919 2923 989 2956 infi-

55 2970 178 3006 delium
190 2970 279 3004 nulla
289 2971 334 3005 est
348 2972 426 3006 fides
440 2997 447 3005 .
475 2973 519 3005 Et
531 2972 600 3007 nea
625 2971 722 3006 nobis
740 2970 911 3006 distridlius
923 2973 985 3006 exi·

57 3032 152 3066 gatur
163 3044 174 3062 ,
184 3021 205 3054 fi
215 3031 328 3054 eorum
339 3023 393 3065 qui
409 3022 580 3056 Ecclesiam
593 3022 836 3067 persequuntur,
848 3023 881 3056 ἀ
893 3034 990 3067 quos,

58 3081 96 3108 ut
120 3070 312 3116 poenitentia
350 3081 481 3115 agerent
506 3096 517 3112 ,
552 3072 585 3106 in
610 3072 713 3108 multa
744 3073 897 3116 patientia
925 3073 989 3116 jam

57 3121 123 3158 sere
143 3131 217 3156 toto
235 3119 464 3164 quinquennio
488 3123 748 3166 supportavimus
772 3147 782 3162 ,
809 3134 942 3168 magnas
957 3125 990 3158 δι

59 3170 243 3208 manifestas
252 3169 363 3214 culpas
374 3169 506 3204 ulterius
530 3171 835 3207 diffimulaverimus
847 3199 856 3213 ,
882 3174 989 3208 frater-

58 3221 154 3255 nitati
181 3220 287 3254 vestrae
306 3220 541 3255 denunciamus
552 3232 610 3255 nos
623 3221 749 3265 publice
767 3224 987 3258 excommuni-

56 3271 139 3306 eass‘e
150 3269 353 3304 Gaufredum
365 3269 632 3305 Cantuariensem
645 3271 952 3308 Archi-Diaconum
979 3300 988 3315 ‚

60 3319 285 3356 &Robertum
302 3320 370 3363 ejus
381 3320 550 3354 Vicarium
563 3345 573 3360 ‚
601 3319 800 3358 Richardum
814 3323 853 3358 de
866 3324 990 3357 Welce-

59 3368 139 3409 stre,
162 3368 389 3406 VVilhelmum
408 3370 535 3404 Giffard
549 3395 560 3410 ,
587 3369 786 3407 Richardum
809 3374 849 3408 de
871 3374 952 3408 Luci
981 3400 991 3415 ‚

60 3417 168 3454 Adam
179 3418 219 3452 de
230 3418 394 3464 Cheringe
404 3444 415 3461 ‚
442 3421 476 3455 ὅ(
488 3421 566 3453 item
580 3431 636 3455 eos
647 3422 701 3465 qui
713 3422 820 3457 officia
835 3425 885 3458 vel
898 3425 993 3459 bene-

60 3468 134 3508 ficia
145 3468 362 3504 Ecclessastica
375 3481 488 3504 contra
500 3471 659 3506 sacrorum
671 3470 846 3508 Canonum
866 3474 993 3509 institu-

159 3517 262 3560 Clm'ft.
276 3523 356 3564 Lupi
369 3524 467 3564 Opera
477 3522 556 3554 Tom.
573 3522 613 3555 X.

1018 231 1139 266 tionem
1149 230 1190 266 de
1201 240 1301 266 manu
1312 229 1413 266 Laica
1423 238 1616 272 acceperunt
1627 253 1640 271 ,
1665 233 1717 267 vel
1731 246 1767 271 ea
1780 239 1950 281 usurpave.

1018 293 1091 316 runt
1104 280 1228 326 propria
1240 280 1422 314 temeritate
1434 304 1442 312 .
1460 279 1627 314 ⁴Similiter
1635 281 1669 315 δε
1681 282 1753 316 illos
1763 289 1818 326 qui
1832 286 1950 322 Domi.

1019 333 1052 365 ni
1063 331 1154 376 Papae
1166 331 1200 365 N
1204 331 1319 365 uncios
1331 329 1379 364 vel
1391 329 1518 364 nostros
1529 353 1541 369 ‚
1568 339 1609 364 ne
1627 329 1778 367 Ecclefiae
1788 336 1949 373 neceffita.

1019 391 1066 417 tes
1079 383 1309 427 prosequantur
1322 404 1334 422 ,
1361 379 1544 425 impediunt
1556 404 1567 415 ,

1169 528 1574 566 EPISTULA
1682 529 1808 566 xvm.

1120 631 1273 669 Thomas
1294 629 1534 667 Cantuarienfis
1557 627 1860 676 Archi-Episcopus

1346 682 1478 717 cuidam
1490 680 1631 716 Amico.

1075 783 1204 818 Thomas
1218 782 1272 816 Dei
1280 787 1384 826 gratia
1403 779 1622 823 cantuarienfis
1645 779 1911 824 Archi-Eptsiopus

1149 830 1314 875 dilec‘losuo
1336 837 1383 866 N.
1394 858 1401 864 .
1415 858 1423 865 .
1435 857 1442 864 .
1448 831 1579 876 salutem
1589 830 1749 874 &fintene
1759 832 1819 864 dale
1827 847 1838 855 -

1362 882 1466 917 Bionis
1486 876 1624 924 affl-Eum
1636 906 1644 914 .

1135 1033 1295 1070 OSCAT
1320 1031 1450 1068 dileetio
1473 1042 1530 1068 tua
1556 1043 1655 1074 nos,
1693 1031 1819 1067 Divina
1842 1033 1972 1066 favente

1159 1086 1262 1131 gratia
1280 1108 1291 1125 ,
1316 1085 1412 1119 sanos
1432 1083 1661 1119 &incolumes
1677 1105 1690 1124 ‚
1711 1083 1747 1118 δι
1767 1081 1880 1117 omnia
1902 1081 1973 1115 fore

1033 1137 1179 1181 prospera
1191 1160 1198 1167 .
1224 1135 1278 1168 De
1291 1144 1353 1168 ωε
1365 1133 1499 1178 quidem
1520 1132 1706 1169 dileaionis
1727 1132 1908 1167 sinceritate
1920 1128 1974 1163 ad-

1034 1186 1170 1221 modum
1182 1184 1358 1227 plenariam
1370 1185 1458 1228 spem
1467 1183 1657 1219 obtinentes
1669 1193 1769 1227 atque
1781 1181 1936 1216 fiduciam
1963 1202 1975 1219 ,

1033 1236 1098 1270 tibi
1107 1234 1300 1269 mandamus
1311 1258 1322 1274 ,
1341 1233 1502 1277 quatenus
1513 1243 1568 1277 per
1587 1234 1741 1268 Latorem
1757 1229 1975 1275 praesentium,

1013 1311 1015 1316 ,
1035 1285 1085 1318 vel
1099 1295 1154 1326 per
1163 1283 1263 1316 alium
1278 1306 1289 1321 ,
1315 1293 1385 1325 quae
1401 1281 1507 1315 Matri
1527 1292 1591 1315 tua
1611 1282 1732 1315 Sanctae
1751 1276 1978 1315 Cantuarienfi

1038 1333 1183 1367 Ecclefiae
1193 1332 1226 1366 &
1239 1330 1337 1364 nobis
1350 1354 1360 1370 ,
1388 1328 1562 1364 sollicitius
1579 1327 1747 1373 inquirent
1758 1351 1768 1368 ,
1789 1328 1917 1362 noveris
1925 1337 1983 1360 ex-

1036 1383 1164 1428 pedire,
1194 1381 1313 1423 absque
1330 1379 1490 1415 dilatione
1512 1379 1668 1415 maturius
1690 1388 1841 1424 procures
1863 1374 1983 1422 fignifi-

1036 1443 1129 1469 care.

1214 1527 1624 1564 EPlsToLA
1713 1527 1806 1562 XIX.

1110 1634 1140 1675 J
1142 1640 1251 1666 oannes
1265 1626 1482 1670 Saresberienfis
1495 1632 1664 1664 conventui
1676 1631 1837 1663 cantuarie
1842 1625 1882 1669 nfi
1890 1652 1899 1659 .

1139 1780 1268 1815 oLEo
1279 1801 1290 1817 ,
1315 1775 1509 1812 dilectissimi
1531 1801 1542 1818 ,
1568 1776 1603 1810 ἀ
1624 1775 1804 1810 admodum
1827 1774 1927 1810 doleo
1950 1774 1986 1808 in

1164 1829 1214 1862 his
1226 1852 1237 1868 ,
1263 1839 1333 1871 quae
1345 1825 1385 1860 de
1399 1827 1500 1861 vestra
1514 1827 1714 1861 fraternitate
1735 1824 1817 1860 dista
1832 1827 1906 1859 sunt
1921 1825 1987 1858 mi·-

1042 1879 1076 1914 hi
1091 1904 1102 1920 ,
1128 1878 1286 1924 quoniam
1298 1876 1468 1911 schismata
1482 1876 1514 1909 in
1528 1875 1621 1911 vobis
1642 1877 1715 1909 sunt
1729 1899 1740 1916 ,
1767 1886 1802 1909 ut
1817 1886 1884 1909 non
1899 1873 1986 1908 idem

1043 1929 1187 1964 sentiatis
1198 1953 1208 1968 ,
1235 1938 1291 1962 aut
1302 1926 1418 1961 dicatis
1431 1928 1466 1960 in
1480 1926 1632 1960 Domino
1646 1951 1653 1958 .
1683 1925 1771 1959 Nam
1784 1949 1794 1965 ,
1831 1934 1866 1958 ut
1879 1925 1985 1966 ajunt,

1043 1979 1098 2023 qui
1111 1977 1394 2012 conversationem
1409 1976 1544 2010 vestram
1559 1975 1750 2009 familiarius
1773 1973 1947 2018 inspexisse
1975 1996 1987 2012 ‚

1043 2029 1075 2062 δε
1087 2026 1299 2071 perspicacius
1312 2025 1506 2060 intellexisse
1519 2025 1692 2060 creduntur
1705 2050 1715 2066 ‚
1743 2025 1829 2059 alius
1848 2024 1988 2058 vestrum

1044 2078 1125 2112 dicit
1139 2091 1150 2110 .·
1177 2080 1241 2120 Ego
1245 2074 1315 2118 sum
1326 2079 1415 2119 Regis
1434 2098 1444 2114 ‚
1469 2086 1519 2119 ego
1532 2075 1655 2117 Ranulfi
1672 2098 1682 2114 ‚
1707 2087 1756 2119 ego
1770 2071 1934 2116 fortunam
1945 2071 1988 2116 se·

1044 2139 1120 2170 quar
1134 2152 1144 2167 ,
1171 2129 1205 2161 &
1221 2125 1412 2160 vincentibus
1434 2125 1608 2160 adhaerebo.
1637 2126 1728 2160 Inter
1751 2123 1816 2159 haec
1837 2134 1925 2158 rarus
1937 2121 1991 2156 ad-

1045 2177 1182 2211 modum
1193 2177 1238 2210 est
1251 2200 1261 2215 ,
1287 2177 1309 2208 ss
1323 2175 1394 2219 quis
1407 2185 1517 2209 tamen
1529 2201 1539 2217 ,
1565 2176 1621 2220 qui
1634 2177 1694 2212 suae
1719 2186 1845 2210 memor
1871 2173 1991 2218 profes·

1046 2228 1142 2261 lionis
1156 2223 1480 2267 Archi-Episcopum
1493 2251 1503 2266 ,
1529 2226 1581 2259 cui
1604 2236 1755 2269 oporteat
1778 2224 1927 2263 obediri,
1958 2224 1992 2256 se

1046 2277 1166 2312 recolat
1177 2274 1312 2314 habere,
1341 2274 1398 2316 qui
1411 2274 1543 2308 verbum
1556 2275 1622 2309 Dei
1636 2276 1792 2318 loquatur
1816 2286 1893 2309 cum
1913 2271 1996 2307 fidu⁴

1047 2328 1096 2361 cia
1110 2351 1120 2367 ‚
1145 2327 1203 2370 qui
1215 2323 1344 2368 publice
1357 2323 1521 2367 protestari
1533 2324 1668 2364 audeat,
1687 2323 1777 2367 quod
1791 2325 1868 2358 Deo
1882 2323 1993 2367 potius

1048 2387 1177 2420 oportet
1188 2375 1287 2419 quam
1299 2373 1493 2407 hominibus
1504 2373 1655 2407 obedire.
1686 2375 1794 2408 Miror
1809 2399 1819 2414 ‚
1845 2374 1866 2407 fi
1880 2384 1991 2407 tamen

1050 2438 1122 2461 vera
1134 2427 1207 2459 sunt
1219 2435 1290 2468 quae
1302 2423 1456 2458 dicuntur
1467 2449 1474 2456 .
1498 2424 1540 2456 Et
1560 2425 1685 2457 utinam
1699 2424 1777 2456 falsa
1791 2431 1993 2465 apparerent,

1050 2476 1138 2518 quod
1149 2476 1190 2509 lic
1202 2485 1269 2509 tam
1282 2475 1351 2508 cito
1364 2473 1591 2507 transferimini
1605 2474 1623 2506 a
1635 2472 1686 2505 via
1699 2471 1840 2505 Domini
1854 2471 1886 2503 in
1902 2469 1991 2504 aliud

1052 2524 1270 2570 Evangelium
1280 2547 1291 2563 ‚
1318 2521 1405 2569 quod
1420 2523 1564 2556 Ecclesiae
1578 2520 1760 2555 Catholicae
1771 2520 1923 2554 subvertit
1937 2531 1992 2554 au-

1051 2576 1256 2616 thoritatem,
1286 2575 1320 2609 ὅ(
1336 2574 1382 2608 eis
1402 2572 1459 2616 qui
1483 2571 1605 2605 meritis
1623 2570 1831 2615 exigentibus
1844 2570 1993 2605 Sathanae

1051 2626 1162 2661 traditi
1183 2625 1279 2665 sunt,
1305 2622 1453 2665 indulget
1475 2621 1748 2654 communionem
1759 2621 1904 2655 fidelium
1923 2643 1933 2659 ‚
1959 2620 1992 2654 ὅ(

1051 2677 1092 2711 ad
1107 2675 1311 2719 participium
1324 2671 1501 2713 voluptatis
1516 2672 1565 2704 vel
1580 2671 1658 2704 lucri
1672 2680 1749 2704 cum
1761 2670 1971 2714 praedonibus
1984 2694 1995 2711 ,

1052 2726 1192 2767 furibus,
1219 2721 1472 2759 fornicatoribus
1497 2745 1508 2761 ,
1534 2720 1568 2754 &
1591 2720 1787 2755 simoniacis
1814 2719 1910 2755 docet
1934 2721 1994 2754 ini·

1052 2777 1184 2821 quitatis
1195 2784 1316 2821 ponere
1329 2773 1515 2816 portionem
1528 2795 1536 2803 .
1562 2770 1669 2819 Qod
1683 2771 1815 2813 quidem
1831 2770 1907 2805 inde
1929 2781 1993 2804 cre·

1052 2826 1139 2861 ditur
1150 2825 1300 2864 evenisse,
1311 2820 1400 2867 quod
1409 2821 1469 2855 sint
1480 2821 1583 2865 aliqui
1594 2823 1628 2855 in
1641 2821 1788 2865 Corpore
1801 2821 1919 2861 vestro,
1932 2820 1989 2865 qui

1054 2887 1110 2910 vos
1121 2874 1319 2911 conturbant
1335 2897 1345 2912 ,
1371 2873 1405 2906 δε
1417 2871 1472 2906 alii
1485 2873 1564 2906 foris
1575 2897 1585 2913 ,
1612 2872 1668 2915 qui
1684 2883 1771 2906 coeca
1790 2871 1879 2906 dusti
1893 2871 1996 2906 ambi-

1053 2927 1144 2960 tione
1157 2951 1167 2966 ,
1193 2927 1272 2959 dum
1285 2923 1379 2958 vobis
1389 2931 1545 2966 appetunt
1570 2920 1757 2962 dominari,
1779 2921 1909 2956 blandis
1924 2932 1993 2965 pro·

1054 2976 1260 3011 missionibus
1270 2975 1286 3007 ὲ
1298 2973 1531 3008 conformitate
1542 2973 1667 3006 ordinis
1685 2970 1802 3013 vestri,
1813 2971 1994 3015 &exquili-

1053 3028 1093 3061 tis
1101 3027 1187 3060 dolis
1200 3023 1462 3059 circumveniunt
1474 3022 1700 3057 innocentiam
1713 3022 1850 3056 vestram
1866 3047 1872 3054 .
1898 3021 1959 3054 Sed
1969 3021 1991 3054 st

1054 3088 1119 3111 non
1132 3076 1206 3110 estis
1217 3075 1299 3109 adeo
1311 3075 1428 3108 mentis
1439 3072 1572 3116 stupidae
1585 3097 1595 3113 ,
1622 3083 1658 3105 ut
1674 3073 1853 3107 brutissima
1872 3072 1994 3106 anima·

1054 3127 1095 3160 lia
1108 3125 1284 3160 stoliditate
1295 3124 1430 3158 vincatis
1446 3147 1455 3163 ‚
1483 3125 1554 3157 luce
1565 3121 1681 3156 clarius
1694 3123 1826 3165 potestis
1849 3122 1967 3156 intueri
1982 3144 1993 3160 ‚

1054 3177 1088 3210 in
1101 3186 1197 3218 quem
1209 3177 1308 3209 finem
1325 3173 1458 3208 illorum
1483 3171 1654 3206 molimina
1679 3172 1860 3217 dirigantur
1873 3197 1880 3204 .
1909 3172 1994 3204 Ecce

1054 3227 1142 3260 euim
1152 3224 1392 3259 Londonienfis
1405 3224 1583 3266 Episcopus
1595 3221 1724 3264 publice
1739 3234 1805 3257 non
1820 3223 1884 3255 fine
1899 3220 1992 3254 dolo-

1055 3288 1086 3309 re
1102 3276 1247 3310 fidelium
1270 3273 1465 3318 protestatus
1477 3272 1521 3306 est
1536 3296 1548 3313 ‚
1573 3272 1661 3315 quod
1684 3273 1790 3315 prima:
1813 3269 1994 3303 Britannia-

1055 3337 1124 3359 rum
1139 3325 1211 3359 Sedi
1227 3350 1238 3366 ,
1264 3323 1414 3358 videlicet
1428 3322 1656 3357 Cantuariensi
1674 3322 1816 3355 Eccleliae
1828 3343 1839 3358 ‚
1867 3318 1993 3352 nullam

1055 3376 1149 3409 debet
1159 3374 1377 3410 obedientiam
1391 3397 1400 3412 ,
1426 3372 1459 3406 &
1473 3371 1559 3415 quod
1573 3372 1772 3406 Cathedram
1797 3368 1994 3411 Metropoli-

1054 3428 1153 3460 ticam
1165 3426 1243 3459 illuc
1254 3422 1416 3459 transferri
1428 3421 1592 3461 faciet‚ubi
1605 3432 1675 3454 eam
1687 3420 1750 3453 effe
1758 3417 1873 3452 debere
1884 3417 1993 3462 fingit,

1057 3488 1096 3512 ne
1119 3476 1226 3511 dicam
1249 3473 1404 3509 mentitur
1419 3497 1430 3513 ‚
1458 3472 1580 3506 scilicet
1597 3469 1638 3504 ad
1663 3469 1838 3504 Ecclesiam
1860 3467 1993 3502 Londo-

1460 3521 1492 3555 Y
1793 3516 1950 3558 niensem,
