2358 3776
537 44 547 65 ἴ

313 141 356 186 S.

105 223 230 264 Fra-,suli
245 248 255 266 ‚
281 223 317 258 &
327 223 373 258 eis
384 222 441 267 qui
454 234 529 257 cum
545 223 615 268 ipso
627 232 716 258 erant
732 246 742 263 ‚
755 222 842 256 ‘sicut
861 220 1047 257 certaminis

104 275 264 323 palaestra,
288 283 352 316 qua
365 271 650 314 exercitabantur-‚³
671 272 761 306 ita&
782 272 927 315 quaedam
951 272 1045 306 virtu-

104 337 173 363 tum
186 323 297 360 schola
307 349 318 366 ,
345 336 407 369 qua
418 323 647 358 erudiebantur
666 321 706 356 ad
720 322 864 365 praelium
877 346 885 354 .
936 348 942 354 „

281 419 652 458 CAPUT
754 420 870 456 XIV.

131 529 180 560 De
196 523 408 568 proftriptione
422 524 513 556 totius
533 524 712 564 cognationis
735 520 844 555 Archi·
858 520 997 565 Episcopi
1015 546 1022 553 .

301 621 360 650 *W
392 619 406 652 1
434 620 463 654 L
490 619 526 652 H
554 620 582 653 E
609 619 638 653 L
665 619 705 653 M
734 620 774 655 U
802 622 841 656 S.

210 673 272 710 EX
291 679 399 704 autem
411 681 487 704 curn
506 669 713 704 redeuntibus
732 671 877 706 Nunciis
890 672 962 706 sein
986 672 1050 706 suis

233 719 445 767 petitionibus
466 718 626 754 dicidiffet
643 720 806 764 repulsum
834 746 843 762 ‚
869 732 916 756 res
937 733 1051 756 omnes

110 774 236 808 Archi·
251 771 431 813 Episcopi,
458 771 652 813 suorumque
674 771 845 805 confiscari
871 773 1019 815 praecepit
1041 784 1050 814 ς

110 832 212 858 totam
225 820 293 863 ejus
304 820 563 865 cognationem,
590 822 773 865 omnesqui
786 832 861 855 eum
885 822 1052 856 familiari-

108 883 174 908 tate
184 871 358 913 velquovis
378 869 479 903 titulo
499 870 758 913 contingebant,
787 873 982 916 proscriptos
1002 872 1054 906 ad—

109 921 323 957 dixitexilio.
352 919 433 953 Non
455 919 575 953 infanti
597 921 758 964 vagienti,
797 932 866 956 non
887 923 1053 965 decrepito

110 971 203 1011 seni,
228 981 296 1004 non
321 970 354 1002 in
378 971 548 1013 puerperio
558 970 686 1004 mulieri
705 971 884 1006 decubanti
909 971 1058 1016 parceba-

108 1031 182 1056 tur.
212 1019 365 1054 Proceffit
390 1019 524 1053 ulterius
544 1021 633 1054 furor
655 1020 783 1061 inanis,
809 1023 917 1066 &piis
928 1022 1057 1056 auribus

110 1070 270 1106 horrenda
282 1068 472 1103 crudelitas.
501 1069 589 1104 Nam
602 1072 757 1114 compulsi
770 1074 843 1106 sunt
855 1071 956 1107 adulti
977 1073 1056 1115 jura·

109 1132 168 1161 re,
195 1119 285 1164 quod
304 1119 520 1153 contristandi
542 1121 648 1154 caussa
670 1121 796 1156 Archi·
811 1122 1008 1166 Episcopum
1047 1146 1058 1162 ,

111 1170 309 1212 ubicumque
317 1170 507 1212 reperiretur
518 1193 529 1209 ,
554 1180 760 1213 expeterent.
783 1171 1060 1214 prohibitumque

427 134 808 184 THOMAE
876 133 1817 183 CANTUARIENSIS.

110 1220 156 1254 est
168 1243 181 1259 ‚
207 1230 249 1252 ne
258 1229 315 1261 pro
326 1228 368 1251 eo
379 1229 484 1252 oraret
495 1219 634 1252 Ecclesia
646 1245 656 1261 ,
682 1221 770 1265 quod
783 1233 842 1265 pro
853 1222 1010 1256 haereticis
1018 1222 1051 1255 δε
1068 1245 1071 1270 ,

110 1268 324 1304 schismaticis
345 1266 447 1302 faeere
472 1269 641 1303 consuevit
665 1294 672 1303 .

110 1328 184 1354 eum
195 1328 282 1351 nova
294 1317 429 1351 exulum
444 1318 631 1353 confluebat
652 1321 850 1356 multitudo:
882 1323 939 1355 nisi
961 1321 1051 1364 quod

113 1365 284 1413 plerique&
297 1367 426 1410 praefato
442 1368 627 1410 juramento
639 1369 838 1406 authoritate
859 1372 1052 1415 Apostolica

109 1417 251 1454 absoluti
261 1417 294 1450 in
309 1417 462 1451 Flandria
475 1419 700 1455 remanserint.
737 1422 786 1455 Hi
810 1422 975 1465 ptaesertim
996 1422 1052 1465 qui

110 1477 241 1513 propter
251 1468 351 1501 aetatis
374 1469 424 1502 vel
444 1469 536 1502 sexus
559 1465 784 1505 infirmitatem
798 1496 808 1512 ,
834 1473 1016 1506 &multam
1044 1497 1053 1512 ‚

111 1529 180 1562 quae
197 1527 277 1552 tunc
289 1527 355 1552 erat
368 1543 378 1558 ,
407 1518 648 1555 inclementiam
661 1522 814 1566 temporis
821 1523 937 1566 absque
949 1522 1054 1556 multo

111 1567 159 1603 sui
169 1567 342 1612 dispendio
351 1568 392 1602 ad
409 1568 528 1603 Archi·
544 1569 711 1606 Praesulem
725 1597 736 1612 ‚
762 1572 1052 1616 ficutjuraverant,

111 1618 272 1662 proficisci
282 1628 352 1652 non
382 1619 549 1653 valebant.
578 1621 693 1655 Caeteri
715 1623 794 1655 vero
816 1624 964 1665 quotidie
984 1623 1056 1665 glo-

111 1668 227 1702 merati
249 1667 424 1700 veniebant
445 1667 485 1699 ad
503 1678 579 1717 curn
599 1669 756 1711 ejulantes
774 1671 808 1703 δε
828 1672 1020 1715 plangentes
1045 1693 1057 1710 ,

113 1716 205 1761 quod
215 1717 316 1750 essent
326 1715 397 1749 fica
417 1715 519 1749 natali
530 1718 600 1750 solo
622 1719 764 1759 expum,
792 1719 888 1751 bonis
899 1721 963 1752 suis
985 1728 1056 1760 pro-

115 1767 249 1807 seripti,
275 1764 310 1796 ἀ
336 1763 378 1795 ab
392 1762 561 1796 Amicis&
574 1765 731 1805 proximis
742 1766 805 1798 suis
818 1766 982 1810 elongati.
1011 1764 1054 1798 Et

111 1816 158 1849 ita
167 1811 318 1858 quotidie
326 1811 432 1844 vitum
440 1810 507 1846 Dei
520 1812 695 1847 movebant
709 1838 715 1845 .
744 1814 878 1860 Qanta
889 1815 990 1860 igitur
1000 1825 1054 1848 an-

114 1862 258 1902 xietate,
284 1870 398 1905 putaS,
425 1861 628 1905 premebatur
643 1887 653 1903 ‚
675 1873 751 1897 cum
772 1863 893 1899 assidue
903 1876 965 1909 prae
976 1875 1053 1898 ocu-

112 1914 153 1948 lis
166 1913 297 1948 haberet
311 1934 322 1952 ,
349 1922 489 1954 quorum
501 1914 632 1947 miseriae
642 1914 747 1948 caussa
769 1925 857 1956 erat,
883 1916 916 1949 ὅς
937 1915 1056 1959 quibus

113 1975 224 2010 praeter
237 1961 492 2005 compassionem
503 1963 615 2006 parum
633 1964 683 1997 vel
703 1961 946 2000 nihilconferre
970 1975 1056 2009 pote-

111 2015 184 2050 rat-⁸
211 2012 380 2046 Nimirum
394 2012 476 2046 inter
489 2014 640 2047 incudem
651 2015 683 2048 ὃς
696 2014 849 2048 malleum
865 2015 1057 2055 versabatur,

114 2066 149 2100 &
161 2074 210 2098 tot
223 2064 257 2096 in
269 2063 299 2096 se
311 2063 546 2106 persecutiones
556 2065 684 2107 excepit
695 2088 702 2095 .
732 2064 825 2098 Hinc
838 2075 912 2099 ante
925 2066 1057 2107 Marty-

114 2125 199 2149 num
210 2113 338 2156 Martyr
349 2114 447 2147 factus
465 2114 508 2147 est
523 2139 533 2154 ,
571 2125 647 2148 ante
670 2115 836 2149 tunsiones
858 2115 1058 2149 latomorum

115 2163 615 2209 angularilapidiconquadatus
628 2189 637 2204 ,
665 2174 739 2197 ante
759 2165 923 2198 fornacem
937 2175 977 2198 ex
1001 2174 1059 2196 aere

117 2217 150 2249 in
172 2223 363 2259 argentum,
389 2224 465 2247 ante
490 2214 614 2247 molam
635 2226 675 2247 ex
698 2215 788 2256 palea
809 2215 842 2248 in
860 2214 1059 2248 frumentum

117 2265 359 2298 transformatus
382 2286 392 2302 ‚
428 2264 462 2296 &c
483 2266 560 2296 citra
582 2264 752 2297 fracturam
773 2263 932 2298 Alabastri
966 2263 1058 2298 nardi

119 2316 312 2348 suavitatem
339 2311 514 2345 redolevit.
545 2312 608 2346 Vir
624 2316 734 2356 itaque
756 2314 988 2358 Apostolicus,
1026 2314 1059 2347 &

118 2365 266 2399 Fratrum
278 2362 492 2401 potentatus,
519 2361 681 2396 Nationes
701 2364 734 2396 ὅ(
756 2365 892 2408 Regna,
929 2364 1061 2398 audien·

119 2424 168 2448 tes
178 2413 245 2446 haec
256 2422 332 2445 mox
345 2409 580 2454 obstupuerunt
591 2437 601 2452 ‚
627 2413 661 2446 &
672 2414 791 2448 factum
803 2413 982 2449 admodum
994 2424 1062 2458 pro-

118 2464 264 2498 fanantes
275 2485 285 2502 ‚
313 2458 415 2494 Archi
427 2456 575 2495 -Praesuli
590 2464 624 2496 ὅ(
637 2464 694 2498 tali
719 2475 755 2498 ac
768 2475 864 2499 tantae
886 2465 1062 2508 ejeetorum

80 2542 84 2544 ,
119 2513 220 2548 turbae
244 2512 324 2546 totis
335 2511 462 2556 pietatis
474 2511 648 2549 visceribus
669 2515 823 2559 compassi
836 2516 924 2549 sunt.
956 2513 1063 2549 Unde

119 2562 458 2606 Archi-Episcopus,
484 2561 526 2595 εὸ
546 2563 635 2606 quod
648 2573 774 2598 tantam
799 2565 927 2600 turbam
951 2566 1060 2599 secum

120 2616 199 2649 ferre
210 2623 277 2647 non
292 2612 412 2657 posset,
439 2611 525 2655 ipsos
536 2624 591 2656 per
612 2613 753 2648 diversas
774 2616 963 2650 nationes&
986 2614 1063 2649 Pro·

121 2663 265 2704 vincias,
290 2674 328 2697 ac
339 2663 479 2697 diversas
507 2665 656 2707 personas
667 2664 854 2699 cumliteris
877 2666 940 2699 suis
950 2665 1065 2708 suppli—

120 2716 251 2749 catoriis
273 2713 526 2748 transmittebat.
557 2714 627 2760 Qi
646 2724 762 2748 omnes
781 2716 822 2749 ab
835 2717 901 2755 eis,
927 2716 966 2750 ad
980 2726 1062 2758 quos

120 2763 204 2800 miffi
225 2765 320 2804 sunt,
347 2774 418 2797 turn
440 2774 538 2799 tantae
559 2765 694 2798 malitiae
715 2764 795 2800 odio
821 2790 831 2806 ,
857 2775 927 2798 tum
951 2767 1063 2799 favore

121 2812 304 2854 mittentis,
330 2813 472 2858 benigne
495 2814 630 2858 suscepti
642 2815 734 2849 sunt.
762 2815 930 2849 Omnibus
951 2815 1064 2858 itaque

122 2866 164 2899 sic
178 2864 372 2908 propitiante
387 2864 537 2899 Domino
559 2865 723 2907 provisum
749 2864 794 2899 est
819 2866 852 2899 in
875 2865 989 2903 brevi,
1029 2875 1065 2898 ut

130 2914 212 2949 inter
226 2915 311 2958 ipsos
320 2925 418 2958 egens
430 2915 536 2949 nullus
547 2915 622 2948 esset
635 2928 645 2947 .·
673 2915 812 2950 Plurimi
825 2916 922 2951 etiam
937 2915 1064 2950 felicius

125 2964 289 3005 inexilio,
316 2966 458 3009 quamin
481 2966 582 3010 patria
595 2965 768 3010 degerent.

325 3065 693 3101 CAPUT
793 3065 880 3101 XV.

180 3167 330 3209 ,Quomodo
347 3165 435 3198 Archi
447 3185 454 3191 -
468 3165 633 3209 Episcopus
654 3171 740 3210 coepit
756 3166 866 3201 arazar
892 3171 1012 3202 vlvere.

166 3266 175 3271 ”
236 3267 382 3302 ERUM
409 3266 462 3299 etfi
477 3267 656 3310 proscriptis
676 3268 751 3303 Deo
761 3268 931 3303 miserante
943 3269 983 3302 fic
997 3279 1066 3311 pro-

262 3317 363 3350 visum
374 3316 468 3350 fuerit
482 3341 491 3356 ‚
519 3317 619 3351 Archi
629 3317 760 3352 -Praesui
772 3330 880 3352 tamen
894 3320 1067 3353 attendens

130 3367 162 3401 in
177 3377 266 3401 tanta
286 3366 534 3409 proscriptorum
558 3368 770 3402 multitudine
792 3370 885 3403 suum
913 3380 1062 3412 aggrava·

129 3468 192 3502 una
205 3466 442 3509 &poenitentiae
463 3468 524 3500 suae
547 3476 721 3510 aggravare
732 3468 974 3504 >&strumonem
988 3492 999 3510 ,
1025 3478 1061 3503 ut

204 3537 206 3540 >
223 3516 335 3557 Christ.
361 3520 438 3558 Lupi
456 3521 554 3559 Opera
573 3519 650 3550 Tam.
676 3519 715 3550 X.

709 1270 872 1318 Qotidie
892 1272 992 1316 igitur
1011 1271 1051 1305 ad
1068 1272 1071 1308 l

1928 151 1991 190 ²9

1109 229 1217 266 praeter
1229 219 1311 253 illud
1325 244 1336 260 ‚
1362 218 1452 263 quod
1467 218 1616 261 quotidie
1639 221 1810 263 portabat,
1836 221 1982 259 cilicium
1995 225 2052 264 ,ἀ

1107 270 1230 305 crebras
1240 294 1250 309 ,
1277 280 1356 312 quas
1371 270 1554 315 flagellatus
1565 269 1701 303 furtivas
1711 272 1891 313 accipiebat
1912 274 2053 319 discipli-

1110 332 1166 355 nas
1178 321 1214 359 ,.i
1219 320 1271 362 pse
1285 318 1416 364 quoque
1428 318 1602 355 districtius
1616 318 1716 354 solito
1738 318 1857 354 viveret
1868 346 1875 354 .
1904 325 2054 361 Unde&

1108 371 1164 405 uni
1177 371 1326 404 Fratrum
1339 394 1350 410 ,
1376 370 1431 414 qui
1442 370 1497 414 ipsi
1508 371 1543 404 iu
1556 370 1668 405 mensa
1683 369 1865 405 ministrare
1884 376 2055 409 consueve-

1090 430 1179 470 aar,
1207 430 1270 454 una
1284 420 1589 454 dieruminstillavit
1611 418 1781 459 secretius,
1807 429 1845 454 ut
1868 421 1951 455 inter
1973 425 2054 458 alios

1089 470 1261 504 *lautiores
1281 469 1394 511 cibos,
1420 470 1538 514 quibus
1560 470 1607 505 uti
1631 471 1744 505 solitus
1754 480 1821 504 erat
1835 494 1845 510 ‚
1871 472 1966 505 caute
1986 477 2059 515 qui-

1109 520 1183 554 dem
1194 545 1204 560 ,
1231 521 1276 554 ita
1291 531 1325 555 ut
1340 521 1448 555 nullus
1459 519 1636 554 adverteret
1649 542 1661 559 ,
1684 519 1833 565 quotidie
1849 520 2058 557 Conventua-

1112 571 1175 604 lem
1187 569 1432 613 fibiapponeret
1443 570 1577 610 cibum,
1603 569 1720 613 quibus
1735 570 1811 604 solis
1822 570 1871 605 uti
1897 571 2062 614 disposue-

1111 630 1158 654 rat
1171 645 1178 652 .
1206 621 1310 667 Qod
1324 631 1359 654 ut
1369 620 1495 655 cautius
1505 620 1593 654 fieret
1604 621 1638 653 &
1650 620 1798 655 secretius
1811 623 1920 656 mensa
1943 622 2000 666 ipsi
2014 623 2062 656 so·

1111 670 1133 703 li
1150 671 1273 704 seorsim
1287 670 1379 704 esuis
1392 671 1575 713 ponebatur
1596 671 1764 713 quotidie.
1793 671 1837 704 Et
1858 673 1903 706 ita
1927 671 2061 715 quidem

1111 732 1166 764 per
1180 720 1307 764 aliquot
1319 721 1388 755 dies
1400 722 1476 755 solis
1488 722 1714 764 pulmentariis
1735 720 1835 754 aridis
1845 721 2037 765 &insipidis
2051 745 2063 761 ‚

1112 772 1202 814 juxta
1215 769 1303 813 quod
1325 770 1542 806 Cistertiensis
1561 770 1698 806 Ordinis
1724 771 1903 815 Regularis
1930 766 2064 808 institu-

1112 822 1161 854 tio
1175 820 1292 861 habet,
1319 820 1506 855 vescebatur
1519 846 1526 852 .
1565 819 1692 856 Verum
1714 832 1768 864 pet
1790 821 1916 865 aliquot
1936 832 2064 866 tempus

1113 871 1156 905 sic
1177 871 1208 904 se
1229 872 1450 910 mortificans,
1475 871 1518 904 fic
1530 880 1646 906 contra.
1669 871 1804 905 solitum
1827 873 1941 905 vivens
1956 896 1966 912 ‚
1989 872 2063 916 post*

1113 922 1238 965 aliquot
1252 921 1320 954 dies
1329 921 1420 965 gravi
1444 920 1592 955 decretus
1614 921 1804 956 valetudine
1824 920 1997 956 decubuit.
2024 922 2065 955 ln

1114 971 1240 1006 deliciis
1253 971 1341 1004 enim
1353 972 1372 1005 a
1384 970 1533 1015 primaeva
1554 980 1647 1005 aetate
1669 972 1833 1006 enutritus
1845 996 1856 1012 ,
1883 972 2002 1016 absque
2022 972 2067 1006 sa-

1115 1022 1193 1055 lutis
1212 1020 1411 1056 detrimento
1433 1021 1641 1066 groffioribus
1666 1022 1714 1055 uti
1729 1033 1796 1056 non
1822 1032 1968 1066 poterat.
1995 1021 2065 1057 Ve-

1115 1071 1186 1105 rum
1197 1071 1237 1105 ad
1250 1071 1416 1114 cujusdam
1428 1072 1595 1105 familiaris
1616 1071 1663 1105 sui
1688 1070 1953 1107 admonitionem
1971 1097 1983 1113 ‚
2008 1071 2064 1108 cui

1116 1120 1320 1167 aegritudinis
1333 1123 1395 1156 suae
1416 1124 1557 1156 caussam
1579 1122 1688 1162 hanc,
1717 1134 1775 1156 nec
1799 1133 1908 1157 tamen
1919 1123 1987 1156 fine
2011 1122 2071 1156 im·

1118 1172 1329 1214 portunitatis
1341 1171 1495 1206 instantia
1508 1196 1519 1212 ‚
1546 1170 1867 1216 secretiusjudicavit
1879 1198 1889 1214 ‚
1913 1172 2070 1215 congruis

1117 1222 1175 1255 fibi
1198 1222 1365 1255 alimentis
1386 1245 1397 1262 ‚
1421 1221 1658 1262 sobrietateque
1681 1223 1803 1255 comite
1826 1246 1837 1261 ,
1881 1221 2066 1255 utebatur.

1120 1272 1227 1309 Unde
1244 1271 1320 1305 Deo
1339 1272 1490 1312 favente,
1515 1270 1551 1305 in
1584 1271 1673 1305 brevi
1700 1272 1867 1308 restitutus
1895 1271 1940 1306 est
1968 1271 2070 1306 inco-

1120 1321 1218 1357 lumis
1231 1345 1240 1354 .

1293 1422 1327 1457 C
1377 1419 1410 1456 A
1462 1422 1491 1456 P
1542 1422 1583 1458 U
1633 1420 1672 1455 T
1773 1420 1807 1455 X
1822 1421 1855 1456 V
1874 1423 1898 1456 1.

1206 1526 1253 1557 Dc
1278 1527 1409 1558 Nuncus
1435 1526 1527 1566 Regis
1555 1523 1589 1556 Θ
1616 1521 1881 1567 Archi-Episcopi
1899 1523 1985 1563 nu'ffis

1393 1574 1437 1604 ad
1461 1575 1622 1604 Dominum
1649 1574 1772 1611 Papam
1789 1596 1796 1604 .

1422 1667 1759 1710 ALANUS.

1215 1763 1569 1802 ISCURREBANT
1579 1765 1712 1799 interim
1726 1764 1909 1807 hincinde,
1933 1766 2077 1803 &etiam

1239 1817 1258 1849 ὲ
1270 1817 1422 1850 Domino
1441 1815 1529 1859 Papa
1541 1814 1757 1850 mittebantur
1782 1817 1909 1852 Nuncii
1932 1818 1973 1852 ad
1989 1821 2077 1862 pacis

1119 1867 1384 1902 reformationem
1399 1889 1406 1898 .
1419 1864 1577 1900 Tandem
1592 1866 1669 1899 vero
1682 1866 1804 1909 placuit
1815 1868 1992 1912 utrobique
2006 1870 2079 1903 Do·

1118 1918 1246 1951 minum
1260 1916 1425 1960 Papam&
1438 1915 1565 1961 Regem
1592 1917 1717 1950 statuto
1739 1917 1793 1950 die
1803 1916 1836 1950 δε
1848 1916 1926 1951 loco
1939 1919 1980 1952 ad
1994 1918 2077 1953 invi-

1119 1979 1192 2002 cem
1202 1967 1404 2006 convenire‚
1429 1975 1465 2000 ut
1476 1978 1532 2010 per
1556 1977 1710 2000 mutuum
1734 1977 1850 2000 eorum
1864 1967 2077 2010 colloquium

1123 2018 1173 2051 via
1187 2019 1274 2061 pacis
1302 2016 1398 2060 poffit
1421 2017 1550 2050 facilius
1573 2015 1728 2049 inveniri.
1758 2016 1834 2050 Rex
1859 2018 1904 2050 ait
1929 2017 1970 2051 ad
1987 2018 2021 2051 id
2044 2019 2079 2052 se

1124 2077 1322 2104 venturum,
1350 2065 1447 2099 sedin
1474 2064 1764 2109 Archi-Episcopi
1789 2066 1958 2100 absentia.-
1985 2068 2076 2115 Qia

1122 2128 1163 2151 eo
1176 2113 1512 2160 praesentedemandat
1532 2126 1593 2149 nec
1615 2115 1758 2149 Domini
1784 2115 1875 2159 Papae
1897 2117 2014 2152 faciem
2045 2119 2077 2151 se

1126 2168 1264 2200 visurum
1277 2190 1284 2197 .
1313 2165 1465 2199 Domino
1478 2165 1573 2209 Papae
1587 2165 1692 2199 Archi
1705 2182 1715 2190 ·
1728 2166 1908 2210 Episcopus
1917 2167 2078 2211 fignificat

1127 2217 1215 2250 nulla
1224 2216 1354 2249 ratione
1366 2215 1467 2258 Regis
1478 2217 1526 2249 uti
1541 2216 1712 2258 colloquio
1725 2217 1791 2249 sine
1814 2217 1859 2250 sui
1875 2218 2037 2260 praesentia
2065 2242 2076 2258 ,

1123 2265 1401 2300 cuimoresillius
1416 2266 1655 2299 notifuissent:
1682 2266 1887 2307 enimenim,
1918 2269 1963 2301 ait
1987 2291 1998 2306 ‚
2022 2276 2079 2309 po·

1124 2323 1194 2350 terit
1211 2315 1366 2357 Apostolica
1382 2321 1590 2348 circumveniri
1603 2317 1715 2359 Religio
1736 2328 1774 2349 ex
1793 2322 1944 2351 varietate
1972 2317 2078 2351 verbo-

1125 2378 1189 2399 rum
1199 2369 1307 2409 Regis,
1326 2364 1422 2407 finon
1433 2365 1539 2409 adeffet
1560 2364 1684 2408 sedulus
1705 2369 1856 2408 Interpres
1873 2391 1884 2406 ,
1910 2371 2077 2411 quiRegiae

1125 2422 1232 2450 mentis
1240 2414 1415 2458 propositum
1426 2427 1464 2449 ex
1479 2414 1568 2457 ipfius
1581 2422 1677 2448 anim}
1697 2418 1775 2457 poffit
1798 2417 1924 2451 latebris
1938 2419 2040 2450 elicere
2066 2430 2075 2449 z

1125 2464 1311 2511 ‚Quoniamss
1319 2470 1383 2498 Rex
1395 2466 1559 2508 infirmiora
1573 2471 1694 2499 Domini
1706 2469 1799 2508 Papae
1808 2465 1971 2508 praenoscet
1983 2491 1994 2507 ‚
2015 2471 2079 2500 exl-

1125 2527 1174 2551 tus
1187 2523 1309 2551 viarum
1319 2514 1439 2559 suarum
1461 2517 1615 2557 obstrueret
1635 2515 1839 2556 offendiculum
1851 2541 1858 2548 .
1887 2517 1968 2563 Qo
1990 2527 2079 2550 acce·

1126 2578 1206 2612 pto,
1232 2567 1401 2601 moderata
1433 2567 1639 2610 responsione
1660 2567 1746 2610 Regi
1767 2566 1938 2600 renunciat
1959 2565 2080 2601 Domi-

1127 2628 1185 2652 nus
1198 2617 1288 2661 Papa
1299 2616 1362 2651 hoc
1377 2616 1561 2650 inauditum
1573 2616 1590 2648 ὲ
1602 2615 1715 2657 seculis
1727 2638 1737 2654 ‚
1764 2616 1952 2649 Romanam
1966 2615 2078 2651 Eccle-

1126 2669 1200 2703 siam
1212 2668 1252 2701 ad
1276 2667 1411 2709 alicujus
1433 2666 1594 2708 Principis
1619 2673 1735 2699 nutum
1756 2663 1952 2709 quemquam
1972 2666 1991 2699 ὲ
2017 2666 2076 2700 suo

1127 2718 1289 2754 conductu
1304 2717 1452 2759 rejicere,
1482 2714 1625 2749 maxime
1645 2726 1704 2758 pro
1727 2715 1849 2758 justitia
1871 2716 2077 2750 exulantem.-

1128 2769 1180 2803 sed
1194 2768 1270 2802 &id
1284 2766 1490 2811 privilegii&
1513 2764 1722 2799 authoritatis
1732 2766 1794 2799 effe
1806 2765 1972 2799 indultum
1985 2764 2077 2809 Apo-

1127 2819 1245 2853 stolicae
1267 2815 1340 2851 Sedi
1355 2841 1365 2857 ,
1403 2825 1440 2850 ut
1464 2815 1614 2850 exulibus
1634 2816 1666 2849 &
1688 2815 1841 2859 oppressis
1866 2815 2035 2849 subveniat
2061 2838 2076 2855 ,

1125 2870 1225 2904 etiam
1236 2875 1349 2901 contra
1369 2865 1561 2909 Principum
1584 2866 1665 2906 iras,
1693 2866 1727 2899 δε
1748 2865 1911 2899 violentos
1934 2866 2075 2909 impetus

1127 2919 1348 2962 malignorum
1372 2942 1379 2949 .
1419 2914 1632 2962 Indignantes
1654 2915 1755 2960 igitur
1780 2915 1908 2950 Nuncii
1946 2916 2074 2950 recesse-

1127 2981 1224 3007 runt,
1251 2967 1315 3001 haec
1340 2967 1426 3011 Regi
1450 2967 1654 3001 nunciaturi.
1695 2966 1863 3000 Dominus
1887 2965 1962 2999 vero
1983 2965 2074 3008 Papa

1127 3021 1270 3053 Romam
1282 3018 1533 3051 reversurusiter
1557 3017 1758 3061 ingreditur,
1785 3027 1884 3059 quem
1907 3017 2074 3059 proseque-

1128 3069 1219 3103 batur
1230 3067 1333 3105 Atchi
1343 3083 1355 3091 ·
1367 3067 1546 3111 Episcopus
1556 3067 1652 3110 usque
1664 3066 1847 3100 Bituricum
1860 3091 1866 3098 .
1897 3065 1970 3100 Ubi
1983 3075 2074 3099 acce-

1127 3129 1181 3162 pta
1204 3119 1336 3154 lieentia
1366 3119 1400 3152 ἀ
1444 3117 1672 3151 benedifflone
1693 3116 1870 3160 regreditur
1902 3113 2074 3149 Pontinia»

1127 3182 1224 3209 cum,
1249 3167 1390 3212 amplius
1412 3167 1553 3201 Domini
1577 3166 1672 3210 Papae
1696 3167 1815 3200 faciem
1836 3167 1871 3201 in
1894 3176 1987 3200 carne
2013 3163 2072 3198 ista

1129 3231 1197 3254 non
1221 3217 1343 3257 viffitus
1358 3243 1365 3249 .

1331 3266 1887 3301 HERJBERTUS.

1176 3320 1237 3354 131
1267 3319 1367 3364 igitur
1389 3318 1422 3350 in
1446 3317 1648 3357 solitudine,
1675 3318 1760 3351 inter
1782 3313 1930 3358 petras&
1951 3312 2073 3347 Mona·

1127 3367 1205 3404 chos
1232 3368 1393 3404 solitarius
1415 3367 1644 3404 delitescebat,
1671 3364 1891 3406 asaeculojam
1912 3374 2069 3402 remotus,

128 3428 199 3450 tum
235 3417 391 3456 exilium,
416 3417 448 3450 &
470 3428 596 3459 poenam
617 3418 834 3461 exasperatam
862 3443 873 3459 ,
907 3407 1084 3461 disposuitl
1128 3420 1167 3453 eo
1188 3419 1319 3455 liberius
1339 3417 1406 3458 quo
1435 3418 1577 3460 quietius
1602 3439 1612 3454 ,

1128 3480 1235 3506 mente
1263 3465 1482 3514 spiritualibus
1505 3466 1676 3501 intendens
1693 3487 1701 3494 .

1649 3418 1680 3448 ὅ(
1705 3415 1745 3447 eo
1777 3412 1966 3447 fructuosius
1999 3423 2069 3447 tota

1751 3462 1882 3498 Tantus
1907 3463 2068 3505 fiquidem

1611 3514 1641 3547 C
1694 3522 1711 3560 3
1913 3514 2020 3547 Sacra-
