<?xml version="1.0" encoding="UTF-8"?>
<!DOCTYPE html PUBLIC "-//W3C//DTD XHTML 1.0 Transitional//EN"
    "http://www.w3.org/TR/xhtml1/DTD/xhtml1-transitional.dtd">
<html xmlns="http://www.w3.org/1999/xhtml" xml:lang="en" lang="en">
 <head>
  <title>
</title>
<meta http-equiv="Content-Type" content="text/html;charset=utf-8" />
  <meta name='ocr-system' content='tesseract 3.04.00' />
  <meta name='ocr-capabilities' content='ocr_page ocr_carea ocr_par ocr_line ocrx_word'/>
</head>
<body>
  <div class='ocr_page' id='page_1' title='image "./operaomniastudio10lupuuoft_0427.png"; bbox 0 0 2358 3776; ppageno 0'>
   <div class='ocr_carea' id='block_1_1' title="bbox 662 162 1566 218">
    <p class='ocr_par' dir='ltr' id='par_1_1' title="bbox 662 162 1566 218">
     <span class='ocr_line' id='line_1_1' title="bbox 662 162 1566 218; baseline -0.001 -3"><span class='ocrx_word' id='word_1_1' title='bbox 662 165 934 215; x_wconf 88' lang='lat' dir='ltr'>RERUM</span> <span class='ocrx_word' id='word_1_2' title='bbox 970 163 1064 218; x_wconf 74' lang='lat' dir='ltr'>ET</span> <span class='ocrx_word' id='word_1_3' title='bbox 1101 162 1566 215; x_wconf 81' lang='lat' dir='ltr'>VERBORUM..</span> 
     </span>
    </p>
   </div>
   <div class='ocr_carea' id='block_1_2' title="bbox 127 251 1060 548">
    <p class='ocr_par' dir='ltr' id='par_1_2' title="bbox 127 251 1060 548">
     <span class='ocr_line' id='line_1_2' title="bbox 129 251 1059 298; baseline -0.002 -8"><span class='ocrx_word' id='word_1_4' title='bbox 129 255 296 297; x_wconf 20' lang='lat' dir='ltr'>Principia,</span> <span class='ocrx_word' id='word_1_5' title='bbox 316 253 519 290; x_wconf 78' lang='lat' dir='ltr'>vehementia</span> <span class='ocrx_word' id='word_1_6' title='bbox 537 267 652 291; x_wconf 89' lang='lat' dir='ltr'>cavere</span> <span class='ocrx_word' id='word_1_7' title='bbox 685 255 829 298; x_wconf 68' lang='lat' dir='ltr'>debent,</span> <span class='ocrx_word' id='word_1_8' title='bbox 851 252 908 298; x_wconf 70' lang='lat' dir='ltr'>qui</span> <span class='ocrx_word' id='word_1_9' title='bbox 928 251 1059 293; x_wconf 81' lang='lat' dir='ltr'>student</span> 
     </span>
     <span class='ocr_line' id='line_1_3' title="bbox 180 303 1057 348; baseline -0.002 -10"><span class='ocrx_word' id='word_1_10' title='bbox 180 305 347 348; x_wconf 80' lang='lat' dir='ltr'>quidpiam</span> <span class='ocrx_word' id='word_1_11' title='bbox 367 307 551 341; x_wconf 88' lang='lat' dir='ltr'>reformare.</span> <span class='ocrx_word' id='word_1_12' title='bbox 984 303 1057 341; x_wconf 70' lang='lat' dir='ltr'>ibid.</span> 
     </span>
     <span class='ocr_line' id='line_1_4' title="bbox 130 351 1057 402; baseline 0.003 -15"><span class='ocrx_word' id='word_1_13' title='bbox 130 351 295 389; x_wconf 82' lang='lat' dir='ltr'>Prioratus</span> <span class='ocrx_word' id='word_1_14' title='bbox 316 367 384 389; x_wconf 88' lang='lat' dir='ltr'>non</span> <span class='ocrx_word' id='word_1_15' title='bbox 407 355 425 391; x_wconf 74' lang='grc' dir='ltr'>ὲ</span> <span class='ocrx_word' id='word_1_16' title='bbox 446 354 649 400; x_wconf 81' lang='lat' dir='ltr'>Principibus</span> <span class='ocrx_word' id='word_1_17' title='bbox 663 380 674 396; x_wconf 92' lang='lat'>,</span> <span class='ocrx_word' id='word_1_18' title='bbox 700 354 753 390; x_wconf 87' lang='lat' dir='ltr'>sed</span> <span class='ocrx_word' id='word_1_19' title='bbox 775 354 795 394; x_wconf 63' lang='grc' dir='ltr'>ὲ,</span> <span class='ocrx_word' id='word_1_20' title='bbox 823 353 964 402; x_wconf 80' lang='lat' dir='ltr'>personis</span> <span class='ocrx_word' id='word_1_21' title='bbox 998 354 1057 390; x_wconf 88' lang='lat' dir='ltr'>Ec-</span> 
     </span>
     <span class='ocr_line' id='line_1_5' title="bbox 178 404 1057 442; baseline -0.001 -2"><span class='ocrx_word' id='word_1_22' title='bbox 178 404 355 440; x_wconf 80' lang='lat' dir='ltr'>clefiassicis</span> <span class='ocrx_word' id='word_1_23' title='bbox 378 406 518 440; x_wconf 89' lang='lat' dir='ltr'>concedi</span> <span class='ocrx_word' id='word_1_24' title='bbox 542 406 670 442; x_wconf 85' lang='lat' dir='ltr'>debent.</span> <span class='ocrx_word' id='word_1_25' title='bbox 937 412 1013 441; x_wconf 85' lang='lat'><em>200-</em></span> <span class='ocrx_word' id='word_1_26' title='bbox 1030 416 1057 439; x_wconf 88' lang='lat'>1·</span> 
     </span>
     <span class='ocr_line' id='line_1_6' title="bbox 127 452 1059 499; baseline -0.002 -12"><span class='ocrx_word' id='word_1_27' title='bbox 127 452 311 499; x_wconf 80' lang='lat' dir='ltr'>privilegiis</span> <span class='ocrx_word' id='word_1_28' title='bbox 330 455 537 494; x_wconf 75' lang='lat' dir='ltr'>Monasterio.</span> <span class='ocrx_word' id='word_1_29' title='bbox 562 456 717 491; x_wconf 78' lang='lat' dir='ltr'>concessis</span> <span class='ocrx_word' id='word_1_30' title='bbox 747 455 765 489; x_wconf 75' lang='lat' dir='ltr'>a</span> <span class='ocrx_word' id='word_1_31' title='bbox 788 454 943 488; x_wconf 83' lang='lat' dir='ltr'>Romano</span> <span class='ocrx_word' id='word_1_32' title='bbox 971 453 1059 487; x_wconf 65' lang='lat' dir='ltr'>Pon.</span> 
     </span>
     <span class='ocr_line' id='line_1_7' title="bbox 175 503 1060 548; baseline -0.003 -9"><span class='ocrx_word' id='word_1_33' title='bbox 175 505 263 539; x_wconf 88' lang='lat' dir='ltr'>tifice</span> <span class='ocrx_word' id='word_1_34' title='bbox 281 506 461 548; x_wconf 89' lang='lat' dir='ltr'>contraire,</span> <span class='ocrx_word' id='word_1_35' title='bbox 489 507 534 542; x_wconf 86' lang='lat' dir='ltr'>est</span> <span class='ocrx_word' id='word_1_36' title='bbox 560 507 708 541; x_wconf 84' lang='lat' dir='ltr'>Decretis</span> <span class='ocrx_word' id='word_1_37' title='bbox 740 505 871 539; x_wconf 87' lang='lat' dir='ltr'>Patrum</span> <span class='ocrx_word' id='word_1_38' title='bbox 892 503 925 536; x_wconf 73' lang='grc' dir='ltr'>ὅ(</span> <span class='ocrx_word' id='word_1_39' title='bbox 950 503 1060 537; x_wconf 90' lang='lat' dir='ltr'>Eccle-</span> 
     </span>
    </p>
   </div>
   <div class='ocr_carea' id='block_1_3' title="bbox 176 552 1114 598">
    <p class='ocr_par' dir='ltr' id='par_1_3' title="bbox 176 552 1114 598">
     <span class='ocr_line' id='line_1_8' title="bbox 176 552 1114 598; baseline 0.006 -10"><span class='ocrx_word' id='word_1_40' title='bbox 176 555 310 591; x_wconf 82' lang='lat' dir='ltr'>fiasticis.</span> <span class='ocrx_word' id='word_1_41' title='bbox 336 555 498 597; x_wconf 84' lang='lat' dir='ltr'>institutis.</span> <span class='ocrx_word' id='word_1_42' title='bbox 537 554 769 598; x_wconf 82' lang='lat' dir='ltr'>authoritatem</span> <span class='ocrx_word' id='word_1_43' title='bbox 799 564 869 594; x_wconf 67' lang='lat' dir='ltr'>non</span> <span class='ocrx_word' id='word_1_44' title='bbox 896 552 1058 593; x_wconf 74' lang='lat' dir='ltr'>exhibere.-</span> <span class='ocrx_word' id='word_1_45' title='bbox 1110 582 1114 586; x_wconf 83' lang='lat'>.</span> 
     </span>
    </p>
   </div>
   <div class='ocr_carea' id='block_1_4' title="bbox 126 615 1058 804">
    <p class='ocr_par' dir='ltr' id='par_1_4' title="bbox 126 615 1058 804">
     <span class='ocr_line' id='line_1_9' title="bbox 126 615 1058 699; baseline -0.001 -10"><span class='ocrx_word' id='word_1_46' title='bbox 126 615 286 690; x_wconf 50' lang='lat' dir='ltr'>Prgge&#39;ffib</span> <span class='ocrx_word' id='word_1_47' title='bbox 316 656 416 692; x_wconf 77' lang='lat' dir='ltr'>semel</span> <span class='ocrx_word' id='word_1_48' title='bbox 443 658 525 692; x_wconf 71' lang='lat' dir='ltr'>fasta</span> <span class='ocrx_word' id='word_1_49' title='bbox 564 681 577 698; x_wconf 94' lang='lat'>,</span> <span class='ocrx_word' id='word_1_50' title='bbox 609 658 652 692; x_wconf 85' lang='lat' dir='ltr'>fic</span> <span class='ocrx_word' id='word_1_51' title='bbox 685 655 813 699; x_wconf 86' lang='lat' dir='ltr'>obligat</span> <span class='ocrx_word' id='word_1_52' title='bbox 842 655 1010 697; x_wconf 85' lang='lat' dir='ltr'>personam</span> <span class='ocrx_word' id='word_1_53' title='bbox 1047 678 1058 695; x_wconf 94' lang='lat'>,</span> 
     </span>
     <span class='ocr_line' id='line_1_10' title="bbox 175 704 1057 748; baseline 0 -10"><span class='ocrx_word' id='word_1_54' title='bbox 175 715 211 738; x_wconf 92' lang='lat' dir='ltr'>ut</span> <span class='ocrx_word' id='word_1_55' title='bbox 237 704 328 745; x_wconf 74' lang='lat' dir='ltr'>nulla</span> <span class='ocrx_word' id='word_1_56' title='bbox 355 706 453 743; x_wconf 84' lang='lat' dir='ltr'>ssatus</span> <span class='ocrx_word' id='word_1_57' title='bbox 490 706 539 741; x_wconf 88' lang='lat' dir='ltr'>sui</span> <span class='ocrx_word' id='word_1_58' title='bbox 566 706 748 742; x_wconf 79' lang='lat' dir='ltr'>mutatione</span> <span class='ocrx_word' id='word_1_59' title='bbox 772 704 899 740; x_wconf 88' lang='lat' dir='ltr'>liberari</span> <span class='ocrx_word' id='word_1_60' title='bbox 927 705 1021 748; x_wconf 85' lang='lat' dir='ltr'>poffit</span> <span class='ocrx_word' id='word_1_61' title='bbox 1047 729 1057 745; x_wconf 94' lang='lat'>,</span> 
     </span>
     <span class='ocr_line' id='line_1_11' title="bbox 173 754 1054 804; baseline 0.005 -17"><span class='ocrx_word' id='word_1_62' title='bbox 173 754 280 792; x_wconf 85' lang='lat' dir='ltr'>donec</span> <span class='ocrx_word' id='word_1_63' title='bbox 326 755 364 795; x_wconf 72' lang='lat' dir='ltr'>in</span> <span class='ocrx_word' id='word_1_64' title='bbox 407 757 541 795; x_wconf 71' lang='lat' dir='ltr'>alterius,</span> <span class='ocrx_word' id='word_1_65' title='bbox 585 756 722 796; x_wconf 80' lang='lat' dir='ltr'>transeat</span> <span class='ocrx_word' id='word_1_66' title='bbox 763 754 1054 804; x_wconf 57' lang='lat' dir='ltr'>iurisdietionem,-</span> 
     </span>
    </p>
   </div>
   <div class='ocr_carea' id='block_1_5' title="bbox 174 814 273 851">
    <p class='ocr_par' dir='ltr' id='par_1_5' title="bbox 174 814 273 851">
     <span class='ocr_line' id='line_1_12' title="bbox 174 814 273 851; baseline 0.04 -15"><span class='ocrx_word' id='word_1_67' title='bbox 174 814 229 851; x_wconf 87' lang='lat'>77.</span> <span class='ocrx_word' id='word_1_68' title='bbox 247 815 273 839; x_wconf 82' lang='grc' dir='ltr'>ι.</span> 
     </span>
    </p>
   </div>
   <div class='ocr_carea' id='block_1_6' title="bbox 124 848 1114 905">
    <p class='ocr_par' dir='ltr' id='par_1_6' title="bbox 124 848 1114 905">
     <span class='ocr_line' id='line_1_13' title="bbox 124 848 1114 905; baseline 0 -18"><span class='ocrx_word' id='word_1_69' title='bbox 124 848 361 892; x_wconf 69' lang='lat' dir='ltr'>Profefftonein</span> <span class='ocrx_word' id='word_1_70' title='bbox 383 855 553 893; x_wconf 45' lang='lat' dir='ltr'>fidelitatis.</span> <span class='ocrx_word' id='word_1_71' title='bbox 569 855 683 891; x_wconf 86' lang='lat' dir='ltr'>iterate</span> <span class='ocrx_word' id='word_1_72' title='bbox 703 855 760 902; x_wconf 90' lang='lat' dir='ltr'>qui</span> <span class='ocrx_word' id='word_1_73' title='bbox 783 856 914 905; x_wconf 76' lang='lat' dir='ltr'>cogitur</span> <span class='ocrx_word' id='word_1_74' title='bbox 937 880 949 896; x_wconf 93' lang='lat'>,</span> <span class='ocrx_word' id='word_1_75' title='bbox 986 854 1052 888; x_wconf 90' lang='lat' dir='ltr'>vio·</span> <span class='ocrx_word' id='word_1_76' title='bbox 1111 871 1114 876; x_wconf 92' lang='lat'>·</span> 
     </span>
    </p>
   </div>
   <div class='ocr_carea' id='block_1_7' title="bbox 118 903 1058 1596">
    <p class='ocr_par' dir='ltr' id='par_1_7' title="bbox 119 903 1054 1051">
     <span class='ocr_line' id='line_1_14' title="bbox 173 903 1054 950; baseline 0.007 -13"><span class='ocrx_word' id='word_1_77' title='bbox 173 903 246 941; x_wconf 79' lang='lat' dir='ltr'>latae</span> <span class='ocrx_word' id='word_1_78' title='bbox 266 903 346 941; x_wconf 78' lang='lat' dir='ltr'>fidei</span> <span class='ocrx_word' id='word_1_79' title='bbox 363 905 457 950; x_wconf 83' lang='lat' dir='ltr'>argui</span> <span class='ocrx_word' id='word_1_80' title='bbox 477 905 613 944; x_wconf 84' lang='lat' dir='ltr'>videtur.</span> <span class='ocrx_word' id='word_1_81' title='bbox 934 913 1011 949; x_wconf 87' lang='lat'>242·</span> <span class='ocrx_word' id='word_1_82' title='bbox 1023 914 1054 937; x_wconf 90' lang='lat'>2-</span> 
     </span>
     <span class='ocr_line' id='line_1_15' title="bbox 122 951 1053 999; baseline 0.012 -15"><span class='ocrx_word' id='word_1_83' title='bbox 122 951 384 995; x_wconf 78' lang='lat' dir='ltr'>promoveatur,</span> <span class='ocrx_word' id='word_1_84' title='bbox 411 965 447 990; x_wconf 87' lang='lat' dir='ltr'>ut</span> <span class='ocrx_word' id='word_1_85' title='bbox 468 966 670 993; x_wconf 72' lang='lat' dir='ltr'>amoveatur.</span> <span class='ocrx_word' id='word_1_86' title='bbox 943 962 1053 999; x_wconf 71' lang='lat'><em>2041,</em></span> 
     </span>
     <span class='ocr_line' id='line_1_16' title="bbox 119 1001 1054 1051; baseline 0.001 -16"><span class='ocrx_word' id='word_1_87' title='bbox 119 1001 326 1045; x_wconf 83' lang='lat' dir='ltr'>Propositum.</span> <span class='ocrx_word' id='word_1_88' title='bbox 341 1016 465 1039; x_wconf 87' lang='lat' dir='ltr'>mutare</span> <span class='ocrx_word' id='word_1_89' title='bbox 485 1006 615 1050; x_wconf 86' lang='lat' dir='ltr'>saepius,</span> <span class='ocrx_word' id='word_1_90' title='bbox 655 1018 724 1041; x_wconf 83' lang='lat' dir='ltr'>non</span> <span class='ocrx_word' id='word_1_91' title='bbox 762 1004 810 1045; x_wconf 78' lang='lat' dir='ltr'>est</span> <span class='ocrx_word' id='word_1_92' title='bbox 832 1006 956 1051; x_wconf 84' lang='lat' dir='ltr'>semper</span> <span class='ocrx_word' id='word_1_93' title='bbox 978 1014 1054 1038; x_wconf 87' lang='lat' dir='ltr'>con-</span> 
     </span>
    </p>

    <p class='ocr_par' dir='ltr' id='par_1_8' title="bbox 119 1053 1053 1146">
     <span class='ocr_line' id='line_1_17' title="bbox 169 1053 1052 1101; baseline 0.006 -13"><span class='ocrx_word' id='word_1_94' title='bbox 169 1053 404 1096; x_wconf 78' lang='lat' dir='ltr'>temnendum,</span> <span class='ocrx_word' id='word_1_95' title='bbox 430 1055 455 1089; x_wconf 86' lang='lat' dir='ltr'>fi</span> <span class='ocrx_word' id='word_1_96' title='bbox 477 1055 533 1089; x_wconf 84' lang='lat' dir='ltr'>fiat</span> <span class='ocrx_word' id='word_1_97' title='bbox 557 1058 596 1091; x_wconf 51' lang='lat' dir='ltr'>iu.</span> <span class='ocrx_word' id='word_1_98' title='bbox 617 1057 743 1091; x_wconf 84' lang='lat' dir='ltr'>melius.</span> <span class='ocrx_word' id='word_1_99' title='bbox 932 1061 1052 1101; x_wconf 84' lang='lat'>297-2.-</span> 
     </span>
     <span class='ocr_line' id='line_1_18' title="bbox 119 1099 1053 1146; baseline 0.003 -11"><span class='ocrx_word' id='word_1_100' title='bbox 119 1099 324 1145; x_wconf 86' lang='lat' dir='ltr'>Prosperitas.</span> <span class='ocrx_word' id='word_1_101' title='bbox 340 1105 442 1143; x_wconf 86' lang='lat' dir='ltr'>nimia</span> <span class='ocrx_word' id='word_1_102' title='bbox 462 1106 497 1139; x_wconf 90' lang='lat' dir='ltr'>in</span> <span class='ocrx_word' id='word_1_103' title='bbox 516 1106 581 1141; x_wconf 88' lang='lat' dir='ltr'>hoc</span> <span class='ocrx_word' id='word_1_104' title='bbox 602 1107 717 1142; x_wconf 84' lang='lat' dir='ltr'>saeculo</span> <span class='ocrx_word' id='word_1_105' title='bbox 730 1131 741 1146; x_wconf 94' lang='lat'>‚</span> <span class='ocrx_word' id='word_1_106' title='bbox 769 1106 895 1141; x_wconf 90' lang='lat' dir='ltr'>videtur</span> <span class='ocrx_word' id='word_1_107' title='bbox 924 1106 988 1141; x_wconf 80' lang='lat' dir='ltr'>effe</span> <span class='ocrx_word' id='word_1_108' title='bbox 1007 1115 1053 1138; x_wconf 91' lang='lat' dir='ltr'>re-</span> 
     </span>
    </p>

    <p class='ocr_par' dir='ltr' id='par_1_9' title="bbox 169 1153 1052 1203">
     <span class='ocr_line' id='line_1_19' title="bbox 169 1153 1052 1203; baseline 0.01 -18"><span class='ocrx_word' id='word_1_109' title='bbox 169 1153 310 1188; x_wconf 66' lang='lat' dir='ltr'>serratio</span> <span class='ocrx_word' id='word_1_110' title='bbox 342 1167 517 1197; x_wconf 80' lang='lat' dir='ltr'>poenarum</span> <span class='ocrx_word' id='word_1_111' title='bbox 541 1168 605 1203; x_wconf 88' lang='lat' dir='ltr'>pro.</span> <span class='ocrx_word' id='word_1_112' title='bbox 632 1155 779 1202; x_wconf 47' lang='lat' dir='ltr'>peccatis⁸</span> <span class='ocrx_word' id='word_1_113' title='bbox 808 1156 931 1193; x_wconf 82' lang='lat' dir='ltr'>nostris.</span> <span class='ocrx_word' id='word_1_114' title='bbox 954 1181 965 1196; x_wconf 83' lang='lat'>‚</span> <span class='ocrx_word' id='word_1_115' title='bbox 1018 1154 1052 1188; x_wconf 72' lang='lat' dir='ltr'>ffi</span> 
     </span>
    </p>

    <p class='ocr_par' dir='ltr' id='par_1_10' title="bbox 120 1201 1058 1304">
     <span class='ocr_line' id='line_1_20' title="bbox 171 1201 1058 1252; baseline 0 -16"><span class='ocrx_word' id='word_1_116' title='bbox 171 1201 259 1236; x_wconf 88' lang='lat' dir='ltr'>diem</span> <span class='ocrx_word' id='word_1_117' title='bbox 275 1203 411 1247; x_wconf 66' lang='lat' dir='ltr'>judicii.</span> <span class='ocrx_word' id='word_1_118' title='bbox 957 1215 1058 1252; x_wconf 65' lang='lat'>73.,1.</span> 
     </span>
     <span class='ocr_line' id='line_1_21' title="bbox 120 1249 1058 1304; baseline -0.006 -12"><span class='ocrx_word' id='word_1_119' title='bbox 120 1249 335 1292; x_wconf 69' lang='lat' dir='ltr'>Providentia</span> <span class='ocrx_word' id='word_1_120' title='bbox 354 1255 478 1292; x_wconf 81' lang='lat' dir='ltr'>Divina</span> <span class='ocrx_word' id='word_1_121' title='bbox 499 1256 646 1304; x_wconf 74' lang='lat' dir='ltr'>disponit</span> <span class='ocrx_word' id='word_1_122' title='bbox 665 1258 779 1294; x_wconf 88' lang='lat' dir='ltr'>omnia</span> <span class='ocrx_word' id='word_1_123' title='bbox 796 1283 814 1302; x_wconf 19' lang='grc' dir='ltr'>,ἑ</span> <span class='ocrx_word' id='word_1_124' title='bbox 838 1255 928 1291; x_wconf 78' lang='lat' dir='ltr'>bona</span> <span class='ocrx_word' id='word_1_125' title='bbox 945 1256 980 1289; x_wconf 70' lang='grc' dir='ltr'>ὅ(</span> <span class='ocrx_word' id='word_1_126' title='bbox 992 1264 1058 1287; x_wconf 90' lang='lat' dir='ltr'>ma·</span> 
     </span>
    </p>

    <p class='ocr_par' dir='ltr' id='par_1_11' title="bbox 118 1302 1057 1399">
     <span class='ocr_line' id='line_1_22' title="bbox 169 1302 1056 1348; baseline 0.001 -14"><span class='ocrx_word' id='word_1_127' title='bbox 169 1302 215 1339; x_wconf 60' lang='lat' dir='ltr'>la.</span> <span class='ocrx_word' id='word_1_128' title='bbox 944 1315 954 1337; x_wconf 75' lang='lat' dir='ltr'>i</span> <span class='ocrx_word' id='word_1_129' title='bbox 958 1314 979 1348; x_wconf 94' lang='lat'>7</span> <span class='ocrx_word' id='word_1_130' title='bbox 983 1315 1012 1347; x_wconf 80' lang='lat'>5.</span> <span class='ocrx_word' id='word_1_131' title='bbox 1024 1312 1056 1341; x_wconf 69' lang='lat'>2,-</span> 
     </span>
     <span class='ocr_line' id='line_1_23' title="bbox 118 1347 1057 1399; baseline 0 -15"><span class='ocrx_word' id='word_1_132' title='bbox 118 1347 205 1386; x_wconf 86' lang='lat' dir='ltr'>Puer</span> <span class='ocrx_word' id='word_1_133' title='bbox 223 1351 358 1395; x_wconf 79' lang='lat' dir='ltr'>quidam</span> <span class='ocrx_word' id='word_1_134' title='bbox 382 1354 511 1386; x_wconf 86' lang='lat' dir='ltr'>litteras</span> <span class='ocrx_word' id='word_1_135' title='bbox 535 1352 635 1387; x_wconf 83' lang='lat' dir='ltr'>tradit</span> <span class='ocrx_word' id='word_1_136' title='bbox 665 1353 750 1399; x_wconf 85' lang='lat' dir='ltr'>Regi</span> <span class='ocrx_word' id='word_1_137' title='bbox 778 1352 929 1397; x_wconf 85' lang='lat' dir='ltr'>Angiiae.</span> <span class='ocrx_word' id='word_1_138' title='bbox 958 1351 1057 1384; x_wconf 88' lang='lat' dir='ltr'>Cum-</span> 
     </span>
    </p>

    <p class='ocr_par' dir='ltr' id='par_1_12' title="bbox 165 1400 1058 1447">
     <span class='ocr_line' id='line_1_24' title="bbox 165 1400 1058 1447; baseline 0.001 -14"><span class='ocrx_word' id='word_1_139' title='bbox 165 1411 230 1444; x_wconf 87' lang='lat' dir='ltr'>que</span> <span class='ocrx_word' id='word_1_140' title='bbox 251 1400 347 1444; x_wconf 79' lang='lat' dir='ltr'>juxta.</span> <span class='ocrx_word' id='word_1_141' title='bbox 364 1402 504 1447; x_wconf 76' lang='lat' dir='ltr'>Decreta</span> <span class='ocrx_word' id='word_1_142' title='bbox 530 1402 633 1446; x_wconf 88' lang='lat' dir='ltr'>Regis</span> <span class='ocrx_word' id='word_1_143' title='bbox 657 1428 674 1444; x_wconf 72' lang='lat'>².</span> <span class='ocrx_word' id='word_1_144' title='bbox 707 1405 828 1441; x_wconf 71' lang='lat' dir='ltr'>litteras</span> <span class='ocrx_word' id='word_1_145' title='bbox 857 1402 881 1440; x_wconf 59' lang='lat' dir='ltr'>a,</span> <span class='ocrx_word' id='word_1_146' title='bbox 899 1402 942 1434; x_wconf 85' lang='lat' dir='ltr'>D.</span> <span class='ocrx_word' id='word_1_147' title='bbox 961 1401 1058 1434; x_wconf 86' lang='lat' dir='ltr'>Tho-</span> 
     </span>
    </p>

    <p class='ocr_par' dir='ltr' id='par_1_13' title="bbox 166 1450 1058 1596">
     <span class='ocr_line' id='line_1_25' title="bbox 167 1450 1056 1494; baseline 0 -12"><span class='ocrx_word' id='word_1_148' title='bbox 167 1459 225 1485; x_wconf 77' lang='lat' dir='ltr'>ma.</span> <span class='ocrx_word' id='word_1_149' title='bbox 244 1450 296 1483; x_wconf 88' lang='lat' dir='ltr'>vel</span> <span class='ocrx_word' id='word_1_150' title='bbox 320 1450 480 1484; x_wconf 87' lang='lat' dir='ltr'>Romano</span> <span class='ocrx_word' id='word_1_151' title='bbox 507 1451 672 1487; x_wconf 86' lang='lat' dir='ltr'>Pontifice</span> <span class='ocrx_word' id='word_1_152' title='bbox 696 1477 706 1492; x_wconf 94' lang='lat'>,</span> <span class='ocrx_word' id='word_1_153' title='bbox 735 1451 818 1487; x_wconf 90' lang='lat' dir='ltr'>nulli</span> <span class='ocrx_word' id='word_1_154' title='bbox 840 1451 875 1485; x_wconf 89' lang='lat' dir='ltr'>in</span> <span class='ocrx_word' id='word_1_155' title='bbox 897 1450 1056 1494; x_wconf 82' lang='lat' dir='ltr'>Angliam</span> 
     </span>
     <span class='ocr_line' id='line_1_26' title="bbox 166 1498 1058 1547; baseline 0.001 -15"><span class='ocrx_word' id='word_1_156' title='bbox 166 1498 373 1534; x_wconf 79' lang='lat' dir='ltr'>introducere</span> <span class='ocrx_word' id='word_1_157' title='bbox 390 1500 499 1538; x_wconf 88' lang='lat' dir='ltr'>liceret</span> <span class='ocrx_word' id='word_1_158' title='bbox 511 1525 527 1540; x_wconf 68' lang='lat'>,‚</span> <span class='ocrx_word' id='word_1_159' title='bbox 548 1501 614 1536; x_wconf 67' lang='lat' dir='ltr'>sub.</span> <span class='ocrx_word' id='word_1_160' title='bbox 637 1503 728 1547; x_wconf 85' lang='lat' dir='ltr'>gravi</span> <span class='ocrx_word' id='word_1_161' title='bbox 761 1513 855 1546; x_wconf 88' lang='lat' dir='ltr'>poena</span> <span class='ocrx_word' id='word_1_162' title='bbox 868 1515 886 1536; x_wconf 89' lang='lat'>.·-</span> <span class='ocrx_word' id='word_1_163' title='bbox 909 1500 1058 1544; x_wconf 80' lang='lat' dir='ltr'>Rogatus</span> 
     </span>
     <span class='ocr_line' id='line_1_27' title="bbox 169 1550 1056 1596; baseline 0.001 -14"><span class='ocrx_word' id='word_1_164' title='bbox 169 1558 249 1592; x_wconf 83' lang='lat' dir='ltr'>puer</span> <span class='ocrx_word' id='word_1_165' title='bbox 271 1550 360 1586; x_wconf 83' lang='lat' dir='ltr'>unde</span> <span class='ocrx_word' id='word_1_166' title='bbox 381 1550 454 1588; x_wconf 80' lang='lat' dir='ltr'>illas</span> <span class='ocrx_word' id='word_1_167' title='bbox 475 1553 653 1596; x_wconf 87' lang='lat' dir='ltr'>acceperit:</span> <span class='ocrx_word' id='word_1_168' title='bbox 682 1553 768 1587; x_wconf 84' lang='lat' dir='ltr'>Puer</span> <span class='ocrx_word' id='word_1_169' title='bbox 799 1552 923 1585; x_wconf 84' lang='lat' dir='ltr'>recusat</span> <span class='ocrx_word' id='word_1_170' title='bbox 946 1551 1056 1585; x_wconf 89' lang='lat' dir='ltr'>fateri.</span> 
     </span>
    </p>
   </div>
   <div class='ocr_carea' id='block_1_8' title="bbox 170 1598 1114 1646">
    <p class='ocr_par' dir='ltr' id='par_1_14' title="bbox 170 1598 1114 1646">
     <span class='ocr_line' id='line_1_28' title="bbox 170 1598 1114 1646; baseline 0.002 -14"><span class='ocrx_word' id='word_1_171' title='bbox 170 1598 410 1636; x_wconf 80' lang='lat' dir='ltr'>lncarceratur.</span> <span class='ocrx_word' id='word_1_172' title='bbox 441 1601 542 1645; x_wconf 83' lang='lat' dir='ltr'>Aqua</span> <span class='ocrx_word' id='word_1_173' title='bbox 561 1601 665 1638; x_wconf 83' lang='lat' dir='ltr'>calida</span> <span class='ocrx_word' id='word_1_174' title='bbox 689 1603 719 1636; x_wconf 89' lang='lat' dir='ltr'>ei</span> <span class='ocrx_word' id='word_1_175' title='bbox 744 1614 800 1645; x_wconf 79' lang='lat' dir='ltr'>per</span> <span class='ocrx_word' id='word_1_176' title='bbox 832 1613 870 1635; x_wconf 91' lang='lat' dir='ltr'>os</span> <span class='ocrx_word' id='word_1_177' title='bbox 891 1599 1059 1643; x_wconf 76' lang='lat' dir='ltr'>injicitur,</span> <span class='ocrx_word' id='word_1_178' title='bbox 1112 1644 1114 1646; x_wconf 17' lang='lat' dir='ltr'>v</span> 
     </span>
    </p>
   </div>
   <div class='ocr_carea' id='block_1_9' title="bbox 114 1648 1061 2050">
    <p class='ocr_par' dir='ltr' id='par_1_15' title="bbox 114 1648 1061 2050">
     <span class='ocr_line' id='line_1_29' title="bbox 165 1648 1058 1697; baseline 0.002 -15"><span class='ocrx_word' id='word_1_179' title='bbox 165 1648 198 1683; x_wconf 75' lang='grc' dir='ltr'>δε</span> <span class='ocrx_word' id='word_1_180' title='bbox 232 1648 330 1697; x_wconf 85' lang='lat' dir='ltr'>digiti</span> <span class='ocrx_word' id='word_1_181' title='bbox 362 1661 595 1693; x_wconf 84' lang='lat' dir='ltr'>apponuntur,</span> <span class='ocrx_word' id='word_1_182' title='bbox 631 1653 671 1687; x_wconf 84' lang='lat' dir='ltr'>ad</span> <span class='ocrx_word' id='word_1_183' title='bbox 710 1652 874 1686; x_wconf 82' lang='lat' dir='ltr'>eruendos</span> <span class='ocrx_word' id='word_1_184' title='bbox 906 1650 1022 1689; x_wconf 84' lang='lat' dir='ltr'>oculos</span> <span class='ocrx_word' id='word_1_185' title='bbox 1048 1676 1058 1691; x_wconf 91' lang='lat'>,</span> 
     </span>
     <span class='ocr_line' id='line_1_30' title="bbox 165 1699 1060 1747; baseline 0.003 -16"><span class='ocrx_word' id='word_1_186' title='bbox 165 1699 264 1741; x_wconf 88' lang='lat' dir='ltr'>usque</span> <span class='ocrx_word' id='word_1_187' title='bbox 297 1699 338 1733; x_wconf 89' lang='lat' dir='ltr'>ad</span> <span class='ocrx_word' id='word_1_188' title='bbox 373 1700 559 1735; x_wconf 75' lang='lat' dir='ltr'>effusionem</span> <span class='ocrx_word' id='word_1_189' title='bbox 594 1703 762 1747; x_wconf 87' lang='lat' dir='ltr'>sanguinis</span> <span class='ocrx_word' id='word_1_190' title='bbox 787 1716 797 1735; x_wconf 90' lang='grc'>.·</span> <span class='ocrx_word' id='word_1_191' title='bbox 824 1702 931 1739; x_wconf 81' lang='lat' dir='ltr'>donec</span> <span class='ocrx_word' id='word_1_192' title='bbox 957 1703 1060 1735; x_wconf 84' lang='lat' dir='ltr'>confi-</span> 
     </span>
     <span class='ocr_line' id='line_1_31' title="bbox 165 1749 1059 1799; baseline -0.001 -14"><span class='ocrx_word' id='word_1_193' title='bbox 165 1758 287 1785; x_wconf 79' lang='lat' dir='ltr'>teretur</span> <span class='ocrx_word' id='word_1_194' title='bbox 318 1749 354 1788; x_wconf 84' lang='lat' dir='ltr'>se</span> <span class='ocrx_word' id='word_1_195' title='bbox 385 1752 541 1795; x_wconf 69' lang='lat' dir='ltr'>recepisse.</span> <span class='ocrx_word' id='word_1_196' title='bbox 567 1763 619 1787; x_wconf 85' lang='lat' dir='ltr'>eas</span> <span class='ocrx_word' id='word_1_197' title='bbox 654 1753 677 1789; x_wconf 74' lang='lat' dir='ltr'>a.</span> <span class='ocrx_word' id='word_1_198' title='bbox 710 1752 873 1799; x_wconf 82' lang='lat' dir='ltr'>Magistro</span> <span class='ocrx_word' id='word_1_199' title='bbox 908 1750 1059 1786; x_wconf 75' lang='lat' dir='ltr'>Heriber-</span> 
     </span>
     <span class='ocr_line' id='line_1_32' title="bbox 166 1798 1057 1848; baseline 0.003 -15"><span class='ocrx_word' id='word_1_200' title='bbox 166 1808 220 1834; x_wconf 75' lang='lat' dir='ltr'>to..</span> <span class='ocrx_word' id='word_1_201' title='bbox 959 1798 1013 1848; x_wconf 86' lang='lat'>89.</span> <span class='ocrx_word' id='word_1_202' title='bbox 1028 1812 1057 1836; x_wconf 86' lang='lat'>2-</span> 
     </span>
     <span class='ocr_line' id='line_1_33' title="bbox 115 1848 1061 1896; baseline 0 -12"><span class='ocrx_word' id='word_1_203' title='bbox 115 1848 234 1894; x_wconf 70' lang='lat' dir='ltr'>Pugna</span> <span class='ocrx_word' id='word_1_204' title='bbox 256 1848 302 1886; x_wconf 85' lang='lat' dir='ltr'>est</span> <span class='ocrx_word' id='word_1_205' title='bbox 328 1850 535 1896; x_wconf 77' lang='lat' dir='ltr'>graviffima,</span> <span class='ocrx_word' id='word_1_206' title='bbox 561 1849 595 1888; x_wconf 87' lang='lat' dir='ltr'>in</span> <span class='ocrx_word' id='word_1_207' title='bbox 619 1862 684 1895; x_wconf 91' lang='lat' dir='ltr'>qua</span> <span class='ocrx_word' id='word_1_208' title='bbox 707 1850 764 1893; x_wconf 89' lang='lat' dir='ltr'>qui</span> <span class='ocrx_word' id='word_1_209' title='bbox 796 1850 899 1886; x_wconf 86' lang='lat' dir='ltr'>vincit</span> <span class='ocrx_word' id='word_1_210' title='bbox 919 1875 931 1891; x_wconf 92' lang='lat'>,</span> <span class='ocrx_word' id='word_1_211' title='bbox 957 1851 1061 1884; x_wconf 82' lang='lat' dir='ltr'>vinci-</span> 
     </span>
     <span class='ocr_line' id='line_1_34' title="bbox 168 1908 235 1934; baseline 0.015 -1"><span class='ocrx_word' id='word_1_212' title='bbox 168 1908 235 1934; x_wconf 83' lang='lat' dir='ltr'>tur..</span> 
     </span>
     <span class='ocr_line' id='line_1_35' title="bbox 114 1947 1057 1997; baseline 0 -14"><span class='ocrx_word' id='word_1_213' title='bbox 114 1947 232 1985; x_wconf 73' lang='lat' dir='ltr'>puniri.</span> <span class='ocrx_word' id='word_1_214' title='bbox 261 1950 351 1997; x_wconf 76' lang='lat' dir='ltr'>quod</span> <span class='ocrx_word' id='word_1_215' title='bbox 383 1961 450 1985; x_wconf 88' lang='lat' dir='ltr'>non</span> <span class='ocrx_word' id='word_1_216' title='bbox 485 1950 649 1991; x_wconf 88' lang='lat' dir='ltr'>audiunt,</span> <span class='ocrx_word' id='word_1_217' title='bbox 686 1950 838 1995; x_wconf 32' lang='lat' dir='ltr'>plerique*</span> <span class='ocrx_word' id='word_1_218' title='bbox 868 1950 1057 1984; x_wconf 83' lang='lat' dir='ltr'>existimant</span> 
     </span>
     <span class='ocr_line' id='line_1_36' title="bbox 165 2000 1061 2050; baseline 0.001 -15"><span class='ocrx_word' id='word_1_219' title='bbox 165 2000 271 2035; x_wconf 86' lang='lat' dir='ltr'>licere.</span> <span class='ocrx_word' id='word_1_220' title='bbox 309 2010 385 2050; x_wconf 79' lang='lat'>225.</span> <span class='ocrx_word' id='word_1_221' title='bbox 402 2013 423 2036; x_wconf 84' lang='grc' dir='ltr'>ι.</span> <span class='ocrx_word' id='word_1_222' title='bbox 458 2001 600 2038; x_wconf 88' lang='lat' dir='ltr'>Funitur</span> <span class='ocrx_word' id='word_1_223' title='bbox 631 2012 688 2048; x_wconf 86' lang='lat' dir='ltr'>per</span> <span class='ocrx_word' id='word_1_224' title='bbox 722 2011 793 2047; x_wconf 83' lang='lat' dir='ltr'>quae</span> <span class='ocrx_word' id='word_1_225' title='bbox 826 2001 906 2043; x_wconf 83' lang='lat' dir='ltr'>quis</span> <span class='ocrx_word' id='word_1_226' title='bbox 934 2011 1061 2045; x_wconf 78' lang='lat' dir='ltr'>peccat..</span> 
     </span>
    </p>
   </div>
   <div class='ocr_carea' id='block_1_10' title="bbox 170 2057 620 2201">
    <p class='ocr_par' dir='ltr' id='par_1_16' title="bbox 170 2057 620 2201">
     <span class='ocr_line' id='line_1_37' title="bbox 170 2057 286 2098; baseline 0.026 -17"><span class='ocrx_word' id='word_1_227' title='bbox 170 2057 286 2098; x_wconf 71' lang='lat'>149.1·.</span> 
     </span>
     <span class='ocr_line' id='line_1_38' title="bbox 568 2152 620 2201; baseline 0 0"><span class='ocrx_word' id='word_1_228' title='bbox 568 2152 620 2201; x_wconf 69' lang='lat' dir='ltr'>Q</span> 
     </span>
    </p>
   </div>
   <div class='ocr_carea' id='block_1_11' title="bbox 1168 183 2080 648">
    <p class='ocr_par' dir='ltr' id='par_1_17' title="bbox 1168 183 2080 648">
     <span class='ocr_line' id='line_1_39' title="bbox 1879 183 1977 239; baseline 0.01 0"><span class='ocrx_word' id='word_1_229' title='bbox 1879 183 1977 239; x_wconf 77' lang='lat'>405</span> 
     </span>
     <span class='ocr_line' id='line_1_40' title="bbox 1172 249 2048 296; baseline 0.009 -8"><span class='ocrx_word' id='word_1_230' title='bbox 1172 250 1300 288; x_wconf 80' lang='lat' dir='ltr'>Offerut</span> <span class='ocrx_word' id='word_1_231' title='bbox 1322 250 1422 286; x_wconf 86' lang='lat' dir='ltr'>Cives</span> <span class='ocrx_word' id='word_1_232' title='bbox 1444 249 1510 286; x_wconf 86' lang='lat' dir='ltr'>duo</span> <span class='ocrx_word' id='word_1_233' title='bbox 1532 251 1637 290; x_wconf 85' lang='lat' dir='ltr'>millia</span> <span class='ocrx_word' id='word_1_234' title='bbox 1667 254 1820 293; x_wconf 84' lang='lat' dir='ltr'>librarum</span> <span class='ocrx_word' id='word_1_235' title='bbox 1841 261 1990 295; x_wconf 85' lang='lat' dir='ltr'>conferre</span> <span class='ocrx_word' id='word_1_236' title='bbox 2012 262 2048 296; x_wconf 86' lang='grc' dir='ltr'>ῐιι</span> 
     </span>
     <span class='ocr_line' id='line_1_41' title="bbox 1170 301 2048 348; baseline 0.016 -16"><span class='ocrx_word' id='word_1_237' title='bbox 1170 301 1309 344; x_wconf 64' lang='lat' dir='ltr'>erarium</span> <span class='ocrx_word' id='word_1_238' title='bbox 1333 301 1630 346; x_wconf 71' lang='lat' dir='ltr'>Archi-Episcopi,</span> <span class='ocrx_word' id='word_1_239' title='bbox 1663 304 1684 335; x_wconf 79' lang='lat' dir='ltr'>si</span> <span class='ocrx_word' id='word_1_240' title='bbox 1710 319 1866 347; x_wconf 79' lang='lat' dir='ltr'>pateretur</span> <span class='ocrx_word' id='word_1_241' title='bbox 1886 321 1942 348; x_wconf 85' lang='lat' dir='ltr'>eos</span> <span class='ocrx_word' id='word_1_242' title='bbox 1964 311 2048 345; x_wconf 85' lang='lat' dir='ltr'>vive-</span> 
     </span>
     <span class='ocr_line' id='line_1_42' title="bbox 1171 351 2046 404; baseline 0.003 -19"><span class='ocrx_word' id='word_1_243' title='bbox 1171 362 1206 385; x_wconf 91' lang='lat' dir='ltr'>re</span> <span class='ocrx_word' id='word_1_244' title='bbox 1225 351 1392 396; x_wconf 85' lang='lat' dir='ltr'>Legibus,</span> <span class='ocrx_word' id='word_1_245' title='bbox 1431 351 1547 395; x_wconf 89' lang='lat' dir='ltr'>quibus</span> <span class='ocrx_word' id='word_1_246' title='bbox 1575 353 1621 386; x_wconf 82' lang='lat' dir='ltr'>ufi-</span> <span class='ocrx_word' id='word_1_247' title='bbox 1642 353 1713 386; x_wconf 86' lang='lat' dir='ltr'>sunt</span> <span class='ocrx_word' id='word_1_248' title='bbox 1747 356 1767 393; x_wconf 62' lang='lat' dir='ltr'>a</span> <span class='ocrx_word' id='word_1_249' title='bbox 1795 360 1994 404; x_wconf 55' lang='lat' dir='ltr'>temporibus</span> <span class='ocrx_word' id='word_1_250' title='bbox 2015 362 2046 395; x_wconf 77' lang='lat' dir='ltr'>s,</span> 
     </span>
     <span class='ocr_line' id='line_1_43' title="bbox 1171 399 2048 453; baseline 0.013 -19"><span class='ocrx_word' id='word_1_251' title='bbox 1171 399 1345 446; x_wconf 76' lang='lat' dir='ltr'>Remigii,</span> <span class='ocrx_word' id='word_1_252' title='bbox 1370 402 1571 441; x_wconf 82' lang='lat' dir='ltr'>Francorum</span> <span class='ocrx_word' id='word_1_253' title='bbox 1597 402 1756 446; x_wconf 77' lang='lat' dir='ltr'>Apostoli·</span> <span class='ocrx_word' id='word_1_254' title='bbox 1789 412 1849 448; x_wconf 77' lang='lat'>⁸96.</span> <span class='ocrx_word' id='word_1_255' title='bbox 1865 423 1883 442; x_wconf 88' lang='lat' dir='ltr'>i.</span> <span class='ocrx_word' id='word_1_256' title='bbox 1915 406 2048 453; x_wconf 84' lang='lat' dir='ltr'>Episco-</span> 
     </span>
     <span class='ocr_line' id='line_1_44' title="bbox 1171 452 2080 503; baseline 0.014 -20"><span class='ocrx_word' id='word_1_257' title='bbox 1171 462 1230 495; x_wconf 85' lang='lat' dir='ltr'>pus</span> <span class='ocrx_word' id='word_1_258' title='bbox 1251 463 1317 486; x_wconf 91' lang='lat' dir='ltr'>non</span> <span class='ocrx_word' id='word_1_259' title='bbox 1342 453 1535 495; x_wconf 84' lang='lat' dir='ltr'>acquiescit.</span> <span class='ocrx_word' id='word_1_260' title='bbox 1573 452 1667 487; x_wconf 87' lang='lat' dir='ltr'>Turn</span> <span class='ocrx_word' id='word_1_261' title='bbox 1692 453 1740 486; x_wconf 91' lang='lat' dir='ltr'>illi</span> <span class='ocrx_word' id='word_1_262' title='bbox 1763 466 1887 488; x_wconf 86' lang='lat' dir='ltr'>amicos</span> <span class='ocrx_word' id='word_1_263' title='bbox 1906 472 1973 499; x_wconf 64' lang='lat' dir='ltr'>ejus</span> <span class='ocrx_word' id='word_1_264' title='bbox 1993 461 2049 503; x_wconf 77' lang='lat' dir='ltr'>eji-</span> <span class='ocrx_word' id='word_1_265' title='bbox 2078 500 2080 502; x_wconf 48' lang='grc'>,</span> 
     </span>
     <span class='ocr_line' id='line_1_45' title="bbox 1171 502 2050 548; baseline 0.01 -14"><span class='ocrx_word' id='word_1_266' title='bbox 1171 502 1262 535; x_wconf 87' lang='lat' dir='ltr'>ciunt</span> <span class='ocrx_word' id='word_1_267' title='bbox 1281 502 1468 538; x_wconf 74' lang='lat' dir='ltr'>e-Civitate.</span> <span class='ocrx_word' id='word_1_268' title='bbox 1493 502 1565 535; x_wconf 74' lang='lat' dir='ltr'>ibid.</span> <span class='ocrx_word' id='word_1_269' title='bbox 1592 502 1650 542; x_wconf 79' lang='lat' dir='ltr'>lile</span> <span class='ocrx_word' id='word_1_270' title='bbox 1679 504 1719 537; x_wconf 87' lang='lat' dir='ltr'>ad</span> <span class='ocrx_word' id='word_1_271' title='bbox 1757 503 1885 548; x_wconf 83' lang='lat' dir='ltr'>R··gem</span> <span class='ocrx_word' id='word_1_272' title='bbox 1909 505 2050 544; x_wconf 77' lang='lat' dir='ltr'>Franciae</span> 
     </span>
     <span class='ocr_line' id='line_1_46' title="bbox 1170 549 2051 601; baseline 0.007 -17"><span class='ocrx_word' id='word_1_273' title='bbox 1170 554 1323 585; x_wconf 86' lang='lat' dir='ltr'>recurrit.</span> <span class='ocrx_word' id='word_1_274' title='bbox 1361 553 1523 587; x_wconf 86' lang='lat' dir='ltr'>Succurrit</span> <span class='ocrx_word' id='word_1_275' title='bbox 1554 550 1630 595; x_wconf 74' lang='lat' dir='ltr'>hic3</span> <span class='ocrx_word' id='word_1_276' title='bbox 1669 554 1783 588; x_wconf 89' lang='lat' dir='ltr'>dirutis</span> <span class='ocrx_word' id='word_1_277' title='bbox 1812 549 2051 601; x_wconf 78' lang='lat' dir='ltr'>quinquaginta</span> 
     </span>
     <span class='ocr_line' id='line_1_47' title="bbox 1168 601 2053 648; baseline 0.006 -12"><span class='ocrx_word' id='word_1_278' title='bbox 1168 601 1346 642; x_wconf 85' lang='lat' dir='ltr'>domibus,</span> <span class='ocrx_word' id='word_1_279' title='bbox 1384 602 1521 643; x_wconf 83' lang='lat' dir='ltr'>recedit.</span> <span class='ocrx_word' id='word_1_280' title='bbox 1561 601 1681 641; x_wconf 88' lang='lat' dir='ltr'>Cives,</span> <span class='ocrx_word' id='word_1_281' title='bbox 1716 603 1751 637; x_wconf 85' lang='lat' dir='ltr'>in</span> <span class='ocrx_word' id='word_1_282' title='bbox 1785 604 1971 648; x_wconf 78' lang='lat' dir='ltr'>ultionem,</span> <span class='ocrx_word' id='word_1_283' title='bbox 1996 607 2053 641; x_wconf 87' lang='lat' dir='ltr'>do·</span> 
     </span>
    </p>
   </div>
   <div class='ocr_carea' id='block_1_12' title="bbox 1109 649 2058 747">
    <p class='ocr_par' dir='ltr' id='par_1_18' title="bbox 1109 649 2058 747">
     <span class='ocr_line' id='line_1_48' title="bbox 1109 649 2054 696; baseline 0.005 -11"><span class='ocrx_word' id='word_1_284' title='bbox 1109 660 1112 662; x_wconf 74' lang='grc'>’</span> <span class='ocrx_word' id='word_1_285' title='bbox 1170 663 1246 685; x_wconf 77' lang='lat' dir='ltr'>mos</span> <span class='ocrx_word' id='word_1_286' title='bbox 1273 662 1421 693; x_wconf 85' lang='lat' dir='ltr'>evertunt</span> <span class='ocrx_word' id='word_1_287' title='bbox 1454 653 1588 686; x_wconf 83' lang='lat' dir='ltr'>illorum</span> <span class='ocrx_word' id='word_1_288' title='bbox 1627 676 1637 692; x_wconf 94' lang='lat'>,</span> <span class='ocrx_word' id='word_1_289' title='bbox 1664 654 1718 696; x_wconf 92' lang='lat' dir='ltr'>qui</span> <span class='ocrx_word' id='word_1_290' title='bbox 1751 649 1904 688; x_wconf 79' lang='lat' dir='ltr'>favebant</span> <span class='ocrx_word' id='word_1_291' title='bbox 1937 655 2054 690; x_wconf 88' lang='lat' dir='ltr'>Archi-</span> 
     </span>
     <span class='ocr_line' id='line_1_49' title="bbox 1110 701 2058 747; baseline 0.008 -13"><span class='ocrx_word' id='word_1_292' title='bbox 1110 726 1113 729; x_wconf 84' lang='lat'>.</span> <span class='ocrx_word' id='word_1_293' title='bbox 1170 702 1345 745; x_wconf 77' lang='lat' dir='ltr'>Episcopo.</span> <span class='ocrx_word' id='word_1_294' title='bbox 1384 701 1458 735; x_wconf 75' lang='lat' dir='ltr'>ibid.</span> <span class='ocrx_word' id='word_1_295' title='bbox 1492 701 1561 743; x_wconf 79' lang='lat' dir='ltr'>Hic</span> <span class='ocrx_word' id='word_1_296' title='bbox 1594 704 1696 745; x_wconf 32' lang='lat' dir='ltr'>porro.</span> <span class='ocrx_word' id='word_1_297' title='bbox 1717 704 1871 747; x_wconf 85' lang='lat' dir='ltr'>implorat</span> <span class='ocrx_word' id='word_1_298' title='bbox 1891 701 2058 742; x_wconf 69' lang='lat' dir='ltr'>auxilium</span> 
     </span>
    </p>
   </div>
   <div class='ocr_carea' id='block_1_13' title="bbox 1110 1051 1944 1096">
    <p class='ocr_par' dir='ltr' id='par_1_19' title="bbox 1110 1051 1944 1096">
     <span class='ocr_line' id='line_1_50' title="bbox 1110 1051 1944 1096; baseline 0.005 -11"><span class='ocrx_word' id='word_1_299' title='bbox 1110 1059 1113 1061; x_wconf 70' lang='grc'><strong><em>’</em></strong></span> <span class='ocrx_word' id='word_1_300' title='bbox 1169 1051 1288 1092; x_wconf 90' lang='lat' dir='ltr'>libras,</span> <span class='ocrx_word' id='word_1_301' title='bbox 1315 1053 1349 1086; x_wconf 91' lang='lat' dir='ltr'>in</span> <span class='ocrx_word' id='word_1_302' title='bbox 1381 1052 1683 1096; x_wconf 84' lang='lat' dir='ltr'>compensationem</span> <span class='ocrx_word' id='word_1_303' title='bbox 1717 1055 1944 1089; x_wconf 86' lang='lat' dir='ltr'>damnorum:</span> 
     </span>
    </p>
   </div>
   <div class='ocr_carea' id='block_1_14' title="bbox 1167 752 2057 1150">
    <p class='ocr_par' dir='ltr' id='par_1_20' title="bbox 1167 752 2057 1150">
     <span class='ocr_line' id='line_1_51' title="bbox 1169 752 2054 790; baseline 0.007 -6"><span class='ocrx_word' id='word_1_304' title='bbox 1169 752 1310 787; x_wconf 88' lang='lat' dir='ltr'>Comitis</span> <span class='ocrx_word' id='word_1_305' title='bbox 1331 753 1490 786; x_wconf 82' lang='lat' dir='ltr'>Flandriae</span> <span class='ocrx_word' id='word_1_306' title='bbox 1509 776 1517 784; x_wconf 89' lang='lat'>.</span> <span class='ocrx_word' id='word_1_307' title='bbox 1557 752 1679 786; x_wconf 89' lang='lat' dir='ltr'>Comes</span> <span class='ocrx_word' id='word_1_308' title='bbox 1700 763 1775 787; x_wconf 87' lang='lat' dir='ltr'>cum</span> <span class='ocrx_word' id='word_1_309' title='bbox 1807 755 1870 788; x_wconf 88' lang='lat' dir='ltr'>suis</span> <span class='ocrx_word' id='word_1_310' title='bbox 1894 755 2014 790; x_wconf 81' lang='lat' dir='ltr'>adsunt</span> <span class='ocrx_word' id='word_1_311' title='bbox 2044 781 2054 790; x_wconf 88' lang='lat'>.</span> 
     </span>
     <span class='ocr_line' id='line_1_52' title="bbox 1172 801 2057 848; baseline 0.007 -14"><span class='ocrx_word' id='word_1_312' title='bbox 1172 802 1275 835; x_wconf 84' lang='lat' dir='ltr'>Cives.</span> <span class='ocrx_word' id='word_1_313' title='bbox 1307 803 1457 839; x_wconf 83' lang='lat' dir='ltr'>deserunt</span> <span class='ocrx_word' id='word_1_314' title='bbox 1491 801 1659 839; x_wconf 81' lang='lat' dir='ltr'>civitatem</span> <span class='ocrx_word' id='word_1_315' title='bbox 1695 828 1706 844; x_wconf 90' lang='lat'>‚</span> <span class='ocrx_word' id='word_1_316' title='bbox 1742 814 1879 848; x_wconf 89' lang='lat' dir='ltr'>eamque</span> <span class='ocrx_word' id='word_1_317' title='bbox 1910 807 1954 846; x_wconf 81' lang='lat' dir='ltr'>fic</span> <span class='ocrx_word' id='word_1_318' title='bbox 1983 817 2057 840; x_wconf 86' lang='lat' dir='ltr'>eva-</span> 
     </span>
     <span class='ocr_line' id='line_1_53' title="bbox 1172 852 2055 900; baseline 0.007 -16"><span class='ocrx_word' id='word_1_319' title='bbox 1172 863 1272 885; x_wconf 86' lang='lat' dir='ltr'>cuant</span> <span class='ocrx_word' id='word_1_320' title='bbox 1297 877 1308 893; x_wconf 88' lang='lat'>‚</span> <span class='ocrx_word' id='word_1_321' title='bbox 1349 864 1383 886; x_wconf 91' lang='lat' dir='ltr'>ut</span> <span class='ocrx_word' id='word_1_322' title='bbox 1415 852 1507 888; x_wconf 89' lang='lat' dir='ltr'>mille</span> <span class='ocrx_word' id='word_1_323' title='bbox 1539 853 1663 887; x_wconf 78' lang='lat' dir='ltr'>milites.</span> <span class='ocrx_word' id='word_1_324' title='bbox 1693 853 1905 891; x_wconf 72' lang='lat' dir='ltr'>flandrenses</span> <span class='ocrx_word' id='word_1_325' title='bbox 1926 880 1936 896; x_wconf 88' lang='lat'>‚</span> <span class='ocrx_word' id='word_1_326' title='bbox 1969 866 2055 900; x_wconf 83' lang='lat' dir='ltr'>quos</span> 
     </span>
     <span class='ocr_line' id='line_1_54' title="bbox 1169 901 2054 947; baseline 0.005 -12"><span class='ocrx_word' id='word_1_327' title='bbox 1169 901 1289 935; x_wconf 89' lang='lat' dir='ltr'>Comes</span> <span class='ocrx_word' id='word_1_328' title='bbox 1309 902 1486 936; x_wconf 84' lang='lat' dir='ltr'>adduxerat</span> <span class='ocrx_word' id='word_1_329' title='bbox 1507 926 1518 942; x_wconf 93' lang='lat'>,</span> <span class='ocrx_word' id='word_1_330' title='bbox 1545 903 1685 945; x_wconf 88' lang='lat' dir='ltr'>perirent</span> <span class='ocrx_word' id='word_1_331' title='bbox 1707 903 1800 947; x_wconf 68' lang='lat' dir='ltr'>poene</span> <span class='ocrx_word' id='word_1_332' title='bbox 1827 906 1952 940; x_wconf 87' lang='lat' dir='ltr'>inedia.</span> <span class='ocrx_word' id='word_1_333' title='bbox 1978 907 2054 939; x_wconf 75' lang='lat' dir='ltr'>ibid.</span> 
     </span>
     <span class='ocr_line' id='line_1_55' title="bbox 1168 950 2054 1000; baseline 0.006 -15"><span class='ocrx_word' id='word_1_334' title='bbox 1168 950 1466 996; x_wconf 75' lang='lat' dir='ltr'>Archi-Episcopus</span> <span class='ocrx_word' id='word_1_335' title='bbox 1488 952 1657 996; x_wconf 81' lang='lat' dir='ltr'>paciscitur</span> <span class='ocrx_word' id='word_1_336' title='bbox 1677 965 1753 988; x_wconf 91' lang='lat' dir='ltr'>cum</span> <span class='ocrx_word' id='word_1_337' title='bbox 1778 954 1841 994; x_wconf 78' lang='lat' dir='ltr'>suis</span> <span class='ocrx_word' id='word_1_338' title='bbox 1861 968 1870 997; x_wconf 80' lang='lat'>3</span> <span class='ocrx_word' id='word_1_339' title='bbox 1898 956 2054 1000; x_wconf 87' lang='lat' dir='ltr'>relinquit</span> 
     </span>
     <span class='ocr_line' id='line_1_56' title="bbox 1167 1001 2055 1051; baseline 0.006 -16"><span class='ocrx_word' id='word_1_340' title='bbox 1167 1002 1214 1036; x_wconf 86' lang='lat' dir='ltr'>eis</span> <span class='ocrx_word' id='word_1_341' title='bbox 1231 1001 1336 1047; x_wconf 85' lang='lat' dir='ltr'>Leges</span> <span class='ocrx_word' id='word_1_342' title='bbox 1367 1002 1515 1047; x_wconf 86' lang='lat' dir='ltr'>antiquas</span> <span class='ocrx_word' id='word_1_343' title='bbox 1546 1016 1558 1036; x_wconf 92' lang='lat'>.·</span> <span class='ocrx_word' id='word_1_344' title='bbox 1604 1003 1637 1040; x_wconf 78' lang='grc' dir='ltr'>ἀ</span> <span class='ocrx_word' id='word_1_345' title='bbox 1668 1004 1782 1048; x_wconf 76' lang='lat' dir='ltr'>recipit</span> <span class='ocrx_word' id='word_1_346' title='bbox 1814 1006 2055 1051; x_wconf 85' lang='lat' dir='ltr'>quinquaginta</span> 
     </span>
     <span class='ocr_line' id='line_1_57' title="bbox 1985 1055 2056 1100; baseline -0.014 -10"><span class='ocrx_word' id='word_1_347' title='bbox 1985 1055 2056 1100; x_wconf 86' lang='lat' dir='ltr'>post</span> 
     </span>
     <span class='ocr_line' id='line_1_58' title="bbox 1169 1102 2056 1150; baseline 0.005 -14"><span class='ocrx_word' id='word_1_348' title='bbox 1169 1103 1288 1136; x_wconf 85' lang='lat' dir='ltr'>multas</span> <span class='ocrx_word' id='word_1_349' title='bbox 1316 1102 1423 1137; x_wconf 86' lang='lat' dir='ltr'>turbas</span> <span class='ocrx_word' id='word_1_350' title='bbox 1460 1103 1662 1137; x_wconf 83' lang='lat' dir='ltr'>concludens</span> <span class='ocrx_word' id='word_1_351' title='bbox 1705 1105 1964 1150; x_wconf 87' lang='lat' dir='ltr'>ignominiosam</span> <span class='ocrx_word' id='word_1_352' title='bbox 1996 1118 2056 1150; x_wconf 76' lang='lat' dir='ltr'>pa·-</span> 
     </span>
    </p>
   </div>
   <div class='ocr_carea' id='block_1_15' title="bbox 1169 1151 2060 1239">
    <p class='ocr_par' dir='ltr' id='par_1_21' title="bbox 1109 1151 2060 1239">
     <span class='ocr_line' id='line_1_59' title="bbox 1169 1151 2060 1238; baseline 0.012 -54.306"><span class='ocrx_word' id='word_1_353' title='bbox 1169 1163 1250 1238; x_wconf 53' lang='grc' dir='ltr'>ςεηέ</span> <span class='ocrx_word' id='word_1_354' title='bbox 1287 1151 1361 1191; x_wconf 63' lang='lat' dir='ltr'>ibid,</span> <span class='ocrx_word' id='word_1_355' title='bbox 1394 1153 1437 1187; x_wconf 87' lang='lat' dir='ltr'>Et</span> <span class='ocrx_word' id='word_1_356' title='bbox 1466 1153 1507 1188; x_wconf 85' lang='lat' dir='ltr'>fic</span> <span class='ocrx_word' id='word_1_357' title='bbox 1529 1153 1695 1193; x_wconf 81' lang='lat' dir='ltr'>Remenfis</span> <span class='ocrx_word' id='word_1_358' title='bbox 1726 1156 1834 1196; x_wconf 87' lang='lat' dir='ltr'>sedata</span> <span class='ocrx_word' id='word_1_359' title='bbox 1856 1157 1900 1191; x_wconf 91' lang='lat' dir='ltr'>est</span> <span class='ocrx_word' id='word_1_360' title='bbox 1927 1156 2060 1194; x_wconf 66' lang='lat' dir='ltr'>seditio..</span> 
     </span>
     <span class='ocr_line' id='line_1_60' title="bbox 1170 1212 1295 1239; baseline 0.016 -3"><span class='ocrx_word' id='word_1_361' title='bbox 1170 1212 1217 1237; x_wconf 91' lang='lat'>20</span> <span class='ocrx_word' id='word_1_362' title='bbox 1241 1235 1244 1239; x_wconf 19' lang='grc' dir='ltr'><strong><em>Δ</em></strong></span> <span class='ocrx_word' id='word_1_363' title='bbox 1267 1214 1295 1238; x_wconf 84' lang='lat'>1·</span> 
     </span>
    </p>
   </div>
   <div class='ocr_carea' id='block_1_16' title="bbox 938 1909 1115 1952">
    <p class='ocr_par' dir='ltr' id='par_1_22' title="bbox 938 1909 1115 1952">
     <span class='ocr_line' id='line_1_61' title="bbox 938 1909 1115 1952; baseline 0.011 -19"><span class='ocrx_word' id='word_1_364' title='bbox 938 1909 1010 1946; x_wconf 82' lang='lat'>¹75-</span> <span class='ocrx_word' id='word_1_365' title='bbox 1031 1910 1056 1935; x_wconf 88' lang='lat'>1.</span> <span class='ocrx_word' id='word_1_366' title='bbox 1111 1948 1115 1952; x_wconf 20' lang='grc' dir='ltr'>η</span> 
     </span>
    </p>
   </div>
   <div class='ocr_carea' id='block_1_17' title="bbox 1112 1749 1887 1791">
    <p class='ocr_par' dir='ltr' id='par_1_23' title="bbox 1112 1749 1887 1791">
     <span class='ocr_line' id='line_1_62' title="bbox 1112 1749 1887 1791; baseline 0.008 -10"><span class='ocrx_word' id='word_1_367' title='bbox 1112 1759 1115 1762; x_wconf 76' lang='grc'><strong><em>’</em></strong></span> <span class='ocrx_word' id='word_1_368' title='bbox 1170 1749 1346 1782; x_wconf 79' lang='lat' dir='ltr'>mandabat</span> <span class='ocrx_word' id='word_1_369' title='bbox 1382 1749 1523 1790; x_wconf 86' lang='lat' dir='ltr'>potiores</span> <span class='ocrx_word' id='word_1_370' title='bbox 1555 1751 1705 1791; x_wconf 88' lang='lat' dir='ltr'>personas</span> <span class='ocrx_word' id='word_1_371' title='bbox 1742 1752 1887 1787; x_wconf 80' lang='lat' dir='ltr'>Ecclefiae</span> 
     </span>
    </p>
   </div>
   <div class='ocr_carea' id='block_1_18' title="bbox 1119 1248 2068 2100">
    <p class='ocr_par' dir='ltr' id='par_1_24' title="bbox 1121 1248 2063 1501">
     <span class='ocr_line' id='line_1_63' title="bbox 1121 1248 2057 1302; baseline 0.007 -18"><span class='ocrx_word' id='word_1_372' title='bbox 1121 1248 1281 1285; x_wconf 82' lang='lat' dir='ltr'>Remense</span> <span class='ocrx_word' id='word_1_373' title='bbox 1307 1252 1347 1286; x_wconf 87' lang='lat' dir='ltr'>ad</span> <span class='ocrx_word' id='word_1_374' title='bbox 1383 1253 1576 1288; x_wconf 84' lang='lat' dir='ltr'>Concilium</span> <span class='ocrx_word' id='word_1_375' title='bbox 1613 1255 1701 1298; x_wconf 75' lang='lat' dir='ltr'>Papa</span> <span class='ocrx_word' id='word_1_376' title='bbox 1733 1269 1895 1293; x_wconf 89' lang='lat' dir='ltr'>convocat</span> <span class='ocrx_word' id='word_1_377' title='bbox 1925 1258 2057 1302; x_wconf 65' lang='lat' dir='ltr'>Episco⁶</span> 
     </span>
     <span class='ocr_line' id='line_1_64' title="bbox 1169 1301 2059 1344; baseline 0.011 -13"><span class='ocrx_word' id='word_1_378' title='bbox 1169 1311 1227 1342; x_wconf 91' lang='lat' dir='ltr'>pos</span> <span class='ocrx_word' id='word_1_379' title='bbox 1251 1301 1402 1344; x_wconf 83' lang='lat' dir='ltr'>Angliae.</span> <span class='ocrx_word' id='word_1_380' title='bbox 1439 1303 1621 1344; x_wconf 78' lang='lat' dir='ltr'>Stephanus</span> <span class='ocrx_word' id='word_1_381' title='bbox 1655 1305 1727 1339; x_wconf 84' lang='lat' dir='ltr'>Rex</span> <span class='ocrx_word' id='word_1_382' title='bbox 1759 1319 1825 1339; x_wconf 89' lang='lat' dir='ltr'>non</span> <span class='ocrx_word' id='word_1_383' title='bbox 1852 1308 1920 1339; x_wconf 80' lang='lat' dir='ltr'>vult</span> <span class='ocrx_word' id='word_1_384' title='bbox 1935 1321 1952 1340; x_wconf 90' lang='lat'>.·-</span> <span class='ocrx_word' id='word_1_385' title='bbox 1985 1308 2059 1341; x_wconf 88' lang='lat' dir='ltr'>mit·</span> 
     </span>
     <span class='ocr_line' id='line_1_65' title="bbox 1169 1350 2063 1400; baseline 0.011 -18"><span class='ocrx_word' id='word_1_386' title='bbox 1169 1350 1274 1391; x_wconf 82' lang='lat' dir='ltr'>titque</span> <span class='ocrx_word' id='word_1_387' title='bbox 1299 1350 1478 1392; x_wconf 76' lang='lat' dir='ltr'>Episcopos</span> <span class='ocrx_word' id='word_1_388' title='bbox 1511 1362 1595 1389; x_wconf 71' lang='grc' dir='ltr'>σεε,</span> <span class='ocrx_word' id='word_1_389' title='bbox 1623 1353 1679 1394; x_wconf 91' lang='lat' dir='ltr'>qui</span> <span class='ocrx_word' id='word_1_390' title='bbox 1712 1356 1842 1388; x_wconf 84' lang='lat' dir='ltr'>excuset</span> <span class='ocrx_word' id='word_1_391' title='bbox 1879 1356 2023 1400; x_wconf 82' lang='lat' dir='ltr'>reliquos</span> <span class='ocrx_word' id='word_1_392' title='bbox 2050 1380 2063 1391; x_wconf 64' lang='lat'>.‚</span> 
     </span>
     <span class='ocr_line' id='line_1_66' title="bbox 1170 1398 2055 1444; baseline 0.009 -13"><span class='ocrx_word' id='word_1_393' title='bbox 1170 1398 1414 1434; x_wconf 73' lang='lat' dir='ltr'>cantuariensis,</span> <span class='ocrx_word' id='word_1_394' title='bbox 1433 1401 1511 1432; x_wconf 78' lang='lat' dir='ltr'>vero</span> <span class='ocrx_word' id='word_1_395' title='bbox 1535 1400 1718 1444; x_wconf 83' lang='lat' dir='ltr'>Episcopus.</span> <span class='ocrx_word' id='word_1_396' title='bbox 1743 1404 1837 1440; x_wconf 82' lang='lat' dir='ltr'>solus</span> <span class='ocrx_word' id='word_1_397' title='bbox 1851 1402 1965 1442; x_wconf 80' lang='lat' dir='ltr'>obedit</span> <span class='ocrx_word' id='word_1_398' title='bbox 1993 1402 2055 1439; x_wconf 78' lang='lat' dir='ltr'>Pa-</span> 
     </span>
     <span class='ocr_line' id='line_1_67' title="bbox 1171 1448 2053 1501; baseline 0.009 -21"><span class='ocrx_word' id='word_1_399' title='bbox 1171 1458 1236 1490; x_wconf 85' lang='lat' dir='ltr'>pae,</span> <span class='ocrx_word' id='word_1_400' title='bbox 1263 1458 1376 1482; x_wconf 87' lang='lat' dir='ltr'>contra</span> <span class='ocrx_word' id='word_1_401' title='bbox 1399 1448 1590 1485; x_wconf 79' lang='lat' dir='ltr'>mandatum</span> <span class='ocrx_word' id='word_1_402' title='bbox 1615 1451 1724 1494; x_wconf 86' lang='lat' dir='ltr'>Regis.</span> <span class='ocrx_word' id='word_1_403' title='bbox 1934 1453 2008 1501; x_wconf 88' lang='lat'>146.</span> <span class='ocrx_word' id='word_1_404' title='bbox 2022 1468 2053 1492; x_wconf 88' lang='lat'>2.</span> 
     </span>
    </p>

    <p class='ocr_par' dir='ltr' id='par_1_25' title="bbox 1119 1497 2068 1746">
     <span class='ocr_line' id='line_1_68' title="bbox 1119 1497 2058 1544; baseline 0.012 -15"><span class='ocrx_word' id='word_1_405' title='bbox 1119 1498 1242 1540; x_wconf 64' lang='lat' dir='ltr'>Regalia</span> <span class='ocrx_word' id='word_1_406' title='bbox 1269 1510 1283 1536; x_wconf 51' lang='lat'>:⁴</span> <span class='ocrx_word' id='word_1_407' title='bbox 1312 1499 1345 1532; x_wconf 90' lang='lat' dir='ltr'>id</span> <span class='ocrx_word' id='word_1_408' title='bbox 1379 1497 1425 1534; x_wconf 87' lang='lat' dir='ltr'>est</span> <span class='ocrx_word' id='word_1_409' title='bbox 1457 1499 1508 1541; x_wconf 87' lang='lat' dir='ltr'>jus</span> <span class='ocrx_word' id='word_1_410' title='bbox 1541 1499 1719 1544; x_wconf 85' lang='lat' dir='ltr'>recipiendi</span> <span class='ocrx_word' id='word_1_411' title='bbox 1740 1514 1855 1537; x_wconf 86' lang='lat' dir='ltr'>omnes</span> <span class='ocrx_word' id='word_1_412' title='bbox 1877 1504 2000 1542; x_wconf 86' lang='lat' dir='ltr'>reditus</span> <span class='ocrx_word' id='word_1_413' title='bbox 2022 1507 2058 1540; x_wconf 79' lang='grc' dir='ltr'>δε</span> 
     </span>
     <span class='ocr_line' id='line_1_69' title="bbox 1169 1549 2055 1597; baseline 0.01 -16"><span class='ocrx_word' id='word_1_414' title='bbox 1169 1549 1276 1582; x_wconf 86' lang='lat' dir='ltr'>exitus</span> <span class='ocrx_word' id='word_1_415' title='bbox 1302 1558 1469 1592; x_wconf 88' lang='lat' dir='ltr'>tamquam</span> <span class='ocrx_word' id='word_1_416' title='bbox 1493 1550 1716 1592; x_wconf 74' lang='lat' dir='ltr'>Dominic03‚</span> <span class='ocrx_word' id='word_1_417' title='bbox 1745 1563 1892 1597; x_wconf 89' lang='lat' dir='ltr'>ternpore</span> <span class='ocrx_word' id='word_1_418' title='bbox 1913 1566 1979 1596; x_wconf 90' lang='lat' dir='ltr'>quo</span> <span class='ocrx_word' id='word_1_419' title='bbox 2004 1567 2055 1590; x_wconf 87' lang='lat' dir='ltr'>va-</span> 
     </span>
     <span class='ocr_line' id='line_1_70' title="bbox 1170 1597 2068 1646; baseline 0.01 -15"><span class='ocrx_word' id='word_1_420' title='bbox 1170 1598 1264 1635; x_wconf 89' lang='lat' dir='ltr'>cabat</span> <span class='ocrx_word' id='word_1_421' title='bbox 1289 1597 1648 1643; x_wconf 73' lang='lat' dir='ltr'>Archi-Episcopatus,</span> <span class='ocrx_word' id='word_1_422' title='bbox 1672 1601 1886 1646; x_wconf 82' lang='lat' dir='ltr'>Episcopatus</span> <span class='ocrx_word' id='word_1_423' title='bbox 1903 1629 1919 1645; x_wconf 83' lang='lat'>»..</span> <span class='ocrx_word' id='word_1_424' title='bbox 1949 1604 2068 1640; x_wconf 84' lang='lat' dir='ltr'>Abba-.</span> 
     </span>
     <span class='ocr_line' id='line_1_71' title="bbox 1170 1648 2059 1699; baseline 0.01 -18"><span class='ocrx_word' id='word_1_425' title='bbox 1170 1649 1238 1688; x_wconf 81' lang='lat' dir='ltr'>tia,</span> <span class='ocrx_word' id='word_1_426' title='bbox 1269 1649 1320 1682; x_wconf 90' lang='lat' dir='ltr'>vel</span> <span class='ocrx_word' id='word_1_427' title='bbox 1342 1648 1514 1684; x_wconf 70' lang='lat' dir='ltr'>Prioratus</span> <span class='ocrx_word' id='word_1_428' title='bbox 1530 1650 1575 1684; x_wconf 79' lang='lat' dir='ltr'>de·</span> <span class='ocrx_word' id='word_1_429' title='bbox 1593 1652 1757 1688; x_wconf 85' lang='lat' dir='ltr'>Dominio</span> <span class='ocrx_word' id='word_1_430' title='bbox 1779 1654 1901 1699; x_wconf 85' lang='lat' dir='ltr'>Regis:</span> <span class='ocrx_word' id='word_1_431' title='bbox 1939 1655 2021 1690; x_wconf 88' lang='lat' dir='ltr'>Item</span> <span class='ocrx_word' id='word_1_432' title='bbox 2046 1681 2059 1697; x_wconf 90' lang='lat'>,</span> 
     </span>
     <span class='ocr_line' id='line_1_72' title="bbox 1170 1698 2057 1746; baseline 0.009 -15"><span class='ocrx_word' id='word_1_433' title='bbox 1170 1698 1259 1741; x_wconf 83' lang='lat' dir='ltr'>quod</span> <span class='ocrx_word' id='word_1_434' title='bbox 1281 1700 1414 1741; x_wconf 84' lang='lat' dir='ltr'>quando</span> <span class='ocrx_word' id='word_1_435' title='bbox 1437 1710 1503 1733; x_wconf 87' lang='lat' dir='ltr'>erat</span> <span class='ocrx_word' id='word_1_436' title='bbox 1525 1701 1768 1736; x_wconf 69' lang='lat' dir='ltr'>consulendum⁴</span> <span class='ocrx_word' id='word_1_437' title='bbox 1789 1704 1954 1746; x_wconf 82' lang='lat' dir='ltr'>Ecclefiae,</span> <span class='ocrx_word' id='word_1_438' title='bbox 1982 1705 2057 1739; x_wconf 85' lang='lat' dir='ltr'>Rex</span> 
     </span>
    </p>

    <p class='ocr_par' dir='ltr' id='par_1_26' title="bbox 1914 1755 2058 1794">
     <span class='ocr_line' id='line_1_73' title="bbox 1914 1755 2058 1794; baseline 0.014 -7"><span class='ocrx_word' id='word_1_439' title='bbox 1914 1777 1925 1794; x_wconf 90' lang='lat'>‚</span> <span class='ocrx_word' id='word_1_440' title='bbox 1960 1755 1993 1788; x_wconf 75' lang='grc' dir='ltr'>ὃ(</span> <span class='ocrx_word' id='word_1_441' title='bbox 2015 1756 2058 1789; x_wconf 86' lang='lat' dir='ltr'>de</span> 
     </span>
    </p>

    <p class='ocr_par' dir='ltr' id='par_1_27' title="bbox 1172 1797 2058 1844">
     <span class='ocr_line' id='line_1_74' title="bbox 1172 1797 2058 1844; baseline 0.008 -13"><span class='ocrx_word' id='word_1_442' title='bbox 1172 1797 1281 1842; x_wconf 87' lang='lat' dir='ltr'>Regis.</span> <span class='ocrx_word' id='word_1_443' title='bbox 1297 1797 1423 1834; x_wconf 61' lang='lat' dir='ltr'>assensu&gt;</span> <span class='ocrx_word' id='word_1_444' title='bbox 1447 1800 1479 1831; x_wconf 91' lang='lat' dir='ltr'>in</span> <span class='ocrx_word' id='word_1_445' title='bbox 1500 1798 1589 1833; x_wconf 85' lang='lat' dir='ltr'>illius</span> <span class='ocrx_word' id='word_1_446' title='bbox 1612 1800 1711 1835; x_wconf 87' lang='lat' dir='ltr'>Curia</span> <span class='ocrx_word' id='word_1_447' title='bbox 1735 1802 1824 1837; x_wconf 88' lang='lat' dir='ltr'>fieret</span> <span class='ocrx_word' id='word_1_448' title='bbox 1857 1803 1995 1844; x_wconf 65' lang='lat' dir='ltr'>electio,</span> <span class='ocrx_word' id='word_1_449' title='bbox 2023 1805 2058 1838; x_wconf 78' lang='grc' dir='ltr'>δε</span> 
     </span>
    </p>

    <p class='ocr_par' dir='ltr' id='par_1_28' title="bbox 1170 1848 2059 1894">
     <span class='ocr_line' id='line_1_75' title="bbox 1170 1848 2059 1894; baseline 0.008 -13"><span class='ocrx_word' id='word_1_450' title='bbox 1170 1848 1289 1884; x_wconf 60' lang='lat' dir='ltr'>electus</span> <span class='ocrx_word' id='word_1_451' title='bbox 1314 1848 1469 1891; x_wconf 72' lang='lat' dir='ltr'>praestaret</span> <span class='ocrx_word' id='word_1_452' title='bbox 1494 1848 1693 1894; x_wconf 77' lang='lat' dir='ltr'>homagium,</span> <span class='ocrx_word' id='word_1_453' title='bbox 1720 1852 1754 1886; x_wconf 76' lang='grc' dir='ltr'>ὅ(</span> <span class='ocrx_word' id='word_1_454' title='bbox 1779 1853 1968 1887; x_wconf 85' lang='lat' dir='ltr'>fidelitatem</span> <span class='ocrx_word' id='word_1_455' title='bbox 1995 1855 2059 1888; x_wconf 83' lang='lat' dir='ltr'>Re-</span> 
     </span>
    </p>

    <p class='ocr_par' dir='ltr' id='par_1_29' title="bbox 1170 1890 2060 2045">
     <span class='ocr_line' id='line_1_76' title="bbox 1170 1890 2060 1942; baseline 0.01 -12"><span class='ocrx_word' id='word_1_456' title='bbox 1170 1899 1203 1941; x_wconf 90' lang='lat' dir='ltr'>gi</span> <span class='ocrx_word' id='word_1_457' title='bbox 1228 1898 1269 1931; x_wconf 90' lang='lat' dir='ltr'>de</span> <span class='ocrx_word' id='word_1_458' title='bbox 1293 1897 1358 1930; x_wconf 87' lang='lat' dir='ltr'>vita</span> <span class='ocrx_word' id='word_1_459' title='bbox 1378 1898 1432 1932; x_wconf 89' lang='lat' dir='ltr'>sua</span> <span class='ocrx_word' id='word_1_460' title='bbox 1456 1899 1490 1932; x_wconf 74' lang='grc' dir='ltr'>ὅ(</span> <span class='ocrx_word' id='word_1_461' title='bbox 1512 1899 1669 1941; x_wconf 56' lang='lat' dir='ltr'>membris„</span> <span class='ocrx_word' id='word_1_462' title='bbox 1683 1890 1709 1942; x_wconf 78' lang='lat'>‚⁴</span> <span class='ocrx_word' id='word_1_463' title='bbox 1733 1902 1765 1936; x_wconf 90' lang='lat'>&amp;</span> <span class='ocrx_word' id='word_1_464' title='bbox 1787 1901 1827 1937; x_wconf 90' lang='lat' dir='ltr'>de</span> <span class='ocrx_word' id='word_1_465' title='bbox 1850 1902 1978 1938; x_wconf 89' lang='lat' dir='ltr'>honore</span> <span class='ocrx_word' id='word_1_466' title='bbox 1998 1916 2060 1939; x_wconf 84' lang='lat' dir='ltr'>ter-</span> 
     </span>
     <span class='ocr_line' id='line_1_77' title="bbox 1170 1948 2057 1996; baseline 0.007 -14"><span class='ocrx_word' id='word_1_467' title='bbox 1170 1958 1270 1988; x_wconf 76' lang='lat' dir='ltr'>rene,</span> <span class='ocrx_word' id='word_1_468' title='bbox 1300 1948 1394 1981; x_wconf 88' lang='lat' dir='ltr'>salvo.</span> <span class='ocrx_word' id='word_1_469' title='bbox 1421 1949 1544 1984; x_wconf 83' lang='lat' dir='ltr'>ordine</span> <span class='ocrx_word' id='word_1_470' title='bbox 1571 1951 1649 1992; x_wconf 89' lang='lat' dir='ltr'>suo,</span> <span class='ocrx_word' id='word_1_471' title='bbox 1690 1962 1868 1996; x_wconf 88' lang='lat' dir='ltr'>antequam</span> <span class='ocrx_word' id='word_1_472' title='bbox 1890 1956 2057 1988; x_wconf 82' lang='lat' dir='ltr'>consecra·</span> 
     </span>
     <span class='ocr_line' id='line_1_78' title="bbox 1170 2003 2055 2045; baseline 0.009 -14"><span class='ocrx_word' id='word_1_473' title='bbox 1170 2007 1276 2032; x_wconf 86' lang='lat' dir='ltr'>retur:</span> <span class='ocrx_word' id='word_1_474' title='bbox 1314 2008 1383 2036; x_wconf 81' lang='lat' dir='ltr'>erat</span> <span class='ocrx_word' id='word_1_475' title='bbox 1406 2010 1471 2034; x_wconf 85' lang='lat' dir='ltr'>una</span> <span class='ocrx_word' id='word_1_476' title='bbox 1501 2011 1541 2034; x_wconf 85' lang='lat' dir='ltr'>ex</span> <span class='ocrx_word' id='word_1_477' title='bbox 1566 2003 2055 2045; x_wconf 76' lang='lat' dir='ltr'>praetenfis.Consuetudinibus</span> 
     </span>
    </p>

    <p class='ocr_par' dir='ltr' id='par_1_30' title="bbox 1169 2047 2063 2100">
     <span class='ocr_line' id='line_1_79' title="bbox 1169 2047 2063 2100; baseline 0.008 -18"><span class='ocrx_word' id='word_1_478' title='bbox 1169 2047 1318 2092; x_wconf 81' lang='lat' dir='ltr'>Angliae.</span> <span class='ocrx_word' id='word_1_479' title='bbox 1355 2057 1454 2095; x_wconf 58' lang='lat'>591.</span> <span class='ocrx_word' id='word_1_480' title='bbox 1484 2050 1584 2098; x_wconf 22' lang='lat' dir='ltr'>Qas*</span> <span class='ocrx_word' id='word_1_481' title='bbox 1607 2051 1684 2086; x_wconf 83' lang='lat' dir='ltr'>Rex</span> <span class='ocrx_word' id='word_1_482' title='bbox 1722 2055 1853 2089; x_wconf 87' lang='lat' dir='ltr'>vocavit</span> <span class='ocrx_word' id='word_1_483' title='bbox 1887 2056 2063 2100; x_wconf 70' lang='lat' dir='ltr'>dignitates—</span> 
     </span>
    </p>
   </div>
   <div class='ocr_carea' id='block_1_19' title="bbox 1109 2096 2057 2152">
    <p class='ocr_par' dir='ltr' id='par_1_31' title="bbox 1109 2096 2057 2152">
     <span class='ocr_line' id='line_1_80' title="bbox 1109 2096 2057 2152; baseline 0.012 -23"><span class='ocrx_word' id='word_1_484' title='bbox 1109 2099 1113 2103; x_wconf 80' lang='grc'><strong><em>’</em></strong></span> <span class='ocrx_word' id='word_1_485' title='bbox 1169 2102 1292 2131; x_wconf 81' lang='lat' dir='ltr'>coronae</span> <span class='ocrx_word' id='word_1_486' title='bbox 1321 2096 1395 2142; x_wconf 83' lang='lat' dir='ltr'>suae.</span> <span class='ocrx_word' id='word_1_487' title='bbox 1422 2109 1501 2148; x_wconf 85' lang='lat'>270.</span> <span class='ocrx_word' id='word_1_488' title='bbox 1524 2111 1556 2137; x_wconf 86' lang='lat'>2.</span> <span class='ocrx_word' id='word_1_489' title='bbox 1597 2113 1720 2150; x_wconf 88' lang='lat'>272.1.</span> <span class='ocrx_word' id='word_1_490' title='bbox 1762 2105 1854 2152; x_wconf 80' lang='lat' dir='ltr'>Qas</span> <span class='ocrx_word' id='word_1_491' title='bbox 1886 2105 2057 2149; x_wconf 74' lang='lat' dir='ltr'>proposuit</span> 
     </span>
    </p>
   </div>
   <div class='ocr_carea' id='block_1_20' title="bbox 214 2230 1081 2296">
    <p class='ocr_par' dir='ltr' id='par_1_32' title="bbox 214 2230 1081 2296">
     <span class='ocr_line' id='line_1_81' title="bbox 214 2230 1081 2296; baseline 0 -12"><span class='ocrx_word' id='word_1_492' title='bbox 214 2247 425 2285; x_wconf 82' lang='lat' dir='ltr'>UAEST10-</span> <span class='ocrx_word' id='word_1_493' title='bbox 444 2249 529 2286; x_wconf 77' lang='lat' dir='ltr'>dum</span> <span class='ocrx_word' id='word_1_494' title='bbox 555 2261 704 2288; x_wconf 87' lang='lat' dir='ltr'>movetur</span> <span class='ocrx_word' id='word_1_495' title='bbox 734 2250 847 2296; x_wconf 83' lang='lat' dir='ltr'>magni</span> <span class='ocrx_word' id='word_1_496' title='bbox 871 2251 1031 2285; x_wconf 90' lang='lat' dir='ltr'>momenti</span> <span class='ocrx_word' id='word_1_497' title='bbox 1045 2230 1081 2291; x_wconf 15' lang='lat'>„-</span> 
     </span>
    </p>
   </div>
   <div class='ocr_carea' id='block_1_21' title="bbox 162 2295 1058 2690">
    <p class='ocr_par' dir='ltr' id='par_1_33' title="bbox 162 2295 1058 2690">
     <span class='ocr_line' id='line_1_82' title="bbox 214 2295 1055 2344; baseline 0.002 -12"><span class='ocrx_word' id='word_1_498' title='bbox 214 2295 217 2305; x_wconf 78' lang='lat'><em>⁷</em></span> <span class='ocrx_word' id='word_1_499' title='bbox 237 2297 301 2333; x_wconf 90' lang='lat' dir='ltr'>hoc</span> <span class='ocrx_word' id='word_1_500' title='bbox 323 2300 441 2335; x_wconf 88' lang='lat' dir='ltr'>ordine</span> <span class='ocrx_word' id='word_1_501' title='bbox 465 2302 510 2335; x_wconf 88' lang='lat' dir='ltr'>est</span> <span class='ocrx_word' id='word_1_502' title='bbox 535 2300 795 2344; x_wconf 87' lang='lat' dir='ltr'>procedendum.</span> <span class='ocrx_word' id='word_1_503' title='bbox 827 2304 949 2341; x_wconf 74' lang='lat' dir='ltr'>Primo,</span> <span class='ocrx_word' id='word_1_504' title='bbox 976 2313 1055 2343; x_wconf 85' lang='lat' dir='ltr'>quae-</span> 
     </span>
     <span class='ocr_line' id='line_1_83' title="bbox 162 2349 1058 2394; baseline 0.002 -12"><span class='ocrx_word' id='word_1_505' title='bbox 162 2350 298 2384; x_wconf 50' lang='lat' dir='ltr'>rendum,</span> <span class='ocrx_word' id='word_1_506' title='bbox 327 2352 406 2393; x_wconf 76' lang='lat' dir='ltr'>quid.</span> <span class='ocrx_word' id='word_1_507' title='bbox 433 2354 503 2386; x_wconf 65' lang='lat' dir='ltr'>Lea</span> <span class='ocrx_word' id='word_1_508' title='bbox 535 2355 602 2385; x_wconf 79' lang='lat' dir='ltr'>Dei·</span> <span class='ocrx_word' id='word_1_509' title='bbox 618 2350 815 2394; x_wconf 65' lang='lat' dir='ltr'>praescribat.</span> <span class='ocrx_word' id='word_1_510' title='bbox 857 2353 945 2394; x_wconf 55' lang='grc' dir='ltr'>,ραι</span> <span class='ocrx_word' id='word_1_511' title='bbox 962 2349 993 2391; x_wconf 88' lang='lat' dir='ltr'><em>fi</em></span> <span class='ocrx_word' id='word_1_512' title='bbox 1012 2352 1058 2384; x_wconf 72' lang='lat' dir='ltr'>nil</span> 
     </span>
     <span class='ocr_line' id='line_1_84' title="bbox 163 2400 1052 2442; baseline 0.001 -10"><span class='ocrx_word' id='word_1_513' title='bbox 163 2405 239 2432; x_wconf 71' lang='lat' dir='ltr'>certi</span> <span class='ocrx_word' id='word_1_514' title='bbox 270 2406 425 2442; x_wconf 80' lang='lat' dir='ltr'>exprimat</span> <span class='ocrx_word' id='word_1_515' title='bbox 462 2426 473 2440; x_wconf 95' lang='lat'>,</span> <span class='ocrx_word' id='word_1_516' title='bbox 499 2404 542 2434; x_wconf 81' lang='lat' dir='ltr'>ad</span> <span class='ocrx_word' id='word_1_517' title='bbox 575 2405 712 2436; x_wconf 75' lang='lat' dir='ltr'>canones</span> <span class='ocrx_word' id='word_1_518' title='bbox 744 2401 948 2435; x_wconf 70' lang='lat' dir='ltr'>recurrendum</span> <span class='ocrx_word' id='word_1_519' title='bbox 978 2400 1016 2439; x_wconf 84' lang='lat' dir='ltr'>est</span> <span class='ocrx_word' id='word_1_520' title='bbox 1042 2424 1052 2438; x_wconf 92' lang='lat'>,</span> 
     </span>
     <span class='ocr_line' id='line_1_85' title="bbox 170 2448 1056 2495; baseline -0.001 -11"><span class='ocrx_word' id='word_1_521' title='bbox 170 2450 211 2484; x_wconf 53' lang='lat' dir='ltr'>o*</span> <span class='ocrx_word' id='word_1_522' title='bbox 224 2452 365 2492; x_wconf 75' lang='lat' dir='ltr'>exempla.</span> <span class='ocrx_word' id='word_1_523' title='bbox 375 2449 549 2492; x_wconf 54' lang='lat' dir='ltr'>sanderum</span> <span class='ocrx_word' id='word_1_524' title='bbox 568 2476 575 2483; x_wconf 86' lang='lat'>.</span> <span class='ocrx_word' id='word_1_525' title='bbox 611 2452 708 2495; x_wconf 58' lang='lat' dir='ltr'>,Quod</span> <span class='ocrx_word' id='word_1_526' title='bbox 724 2449 757 2491; x_wconf 59' lang='grc' dir='ltr'>,ΙῐΓ</span> <span class='ocrx_word' id='word_1_527' title='bbox 777 2462 833 2483; x_wconf 85' lang='lat' dir='ltr'>nec</span> <span class='ocrx_word' id='word_1_528' title='bbox 865 2450 984 2490; x_wconf 70' lang='lat' dir='ltr'>aliquid</span> <span class='ocrx_word' id='word_1_529' title='bbox 1008 2448 1056 2483; x_wconf 78' lang='lat' dir='ltr'>bic</span> 
     </span>
     <span class='ocr_line' id='line_1_86' title="bbox 168 2498 1054 2543; baseline -0.001 -12"><span class='ocrx_word' id='word_1_530' title='bbox 168 2504 243 2531; x_wconf 73' lang='lat' dir='ltr'>cettl</span> <span class='ocrx_word' id='word_1_531' title='bbox 263 2507 417 2532; x_wconf 79' lang='lat' dir='ltr'>occurrat:</span> <span class='ocrx_word' id='word_1_532' title='bbox 444 2501 633 2542; x_wconf 76' lang='lat' dir='ltr'>exploranda</span> <span class='ocrx_word' id='word_1_533' title='bbox 663 2499 733 2542; x_wconf 78' lang='lat' dir='ltr'>sunt</span> <span class='ocrx_word' id='word_1_534' title='bbox 759 2506 884 2543; x_wconf 63' lang='lat' dir='ltr'>ingenia⁴</span> <span class='ocrx_word' id='word_1_535' title='bbox 904 2500 937 2531; x_wconf 69' lang='grc'>(9·</span> <span class='ocrx_word' id='word_1_536' title='bbox 960 2498 1054 2540; x_wconf 85' lang='lat' dir='ltr'>Confi-</span> 
     </span>
     <span class='ocr_line' id='line_1_87' title="bbox 169 2545 1056 2591; baseline 0.001 -11"><span class='ocrx_word' id='word_1_537' title='bbox 169 2547 211 2580; x_wconf 66' lang='grc' dir='ltr'>ἦα</span> <span class='ocrx_word' id='word_1_538' title='bbox 229 2545 417 2589; x_wconf 67' lang='lat' dir='ltr'>sapientium</span> <span class='ocrx_word' id='word_1_539' title='bbox 439 2555 471 2580; x_wconf 77' lang='lat' dir='ltr'>in</span> <span class='ocrx_word' id='word_1_540' title='bbox 484 2556 587 2581; x_wconf 70' lang='lat' dir='ltr'>timore</span> <span class='ocrx_word' id='word_1_541' title='bbox 598 2552 735 2583; x_wconf 80' lang='lat' dir='ltr'>Domini.</span> <span class='ocrx_word' id='word_1_542' title='bbox 763 2550 890 2591; x_wconf 79' lang='lat' dir='ltr'>Illique,</span> <span class='ocrx_word' id='word_1_543' title='bbox 913 2546 966 2591; x_wconf 85' lang='lat' dir='ltr'>seu</span> <span class='ocrx_word' id='word_1_544' title='bbox 977 2558 1056 2590; x_wconf 75' lang='lat' dir='ltr'>pau-</span> 
     </span>
     <span class='ocr_line' id='line_1_88' title="bbox 163 2595 1058 2642; baseline 0.003 -14"><span class='ocrx_word' id='word_1_545' title='bbox 163 2603 251 2631; x_wconf 75' lang='lat' dir='ltr'>ciores</span> <span class='ocrx_word' id='word_1_546' title='bbox 279 2622 290 2636; x_wconf 96' lang='lat'>,</span> <span class='ocrx_word' id='word_1_547' title='bbox 322 2595 373 2640; x_wconf 77' lang='lat' dir='ltr'>seu</span> <span class='ocrx_word' id='word_1_548' title='bbox 391 2600 495 2639; x_wconf 79' lang='lat' dir='ltr'>plum</span> <span class='ocrx_word' id='word_1_549' title='bbox 510 2597 569 2639; x_wconf 80' lang='lat' dir='ltr'>sint</span> <span class='ocrx_word' id='word_1_550' title='bbox 583 2622 592 2636; x_wconf 93' lang='lat'>,</span> <span class='ocrx_word' id='word_1_551' title='bbox 630 2604 744 2631; x_wconf 73' lang='lat' dir='ltr'>caeterl&#39;s</span> <span class='ocrx_word' id='word_1_552' title='bbox 770 2599 982 2640; x_wconf 82' lang='lat' dir='ltr'>praeferantur</span> <span class='ocrx_word' id='word_1_553' title='bbox 1005 2605 1058 2642; x_wconf 28' lang='lat' dir='ltr'>qui,</span> 
     </span>
     <span class='ocr_line' id='line_1_89' title="bbox 166 2646 1017 2690; baseline 0.006 -12"><span class='ocrx_word' id='word_1_554' title='bbox 166 2646 311 2680; x_wconf 61' lang='lat' dir='ltr'>honorem,</span> <span class='ocrx_word' id='word_1_555' title='bbox 351 2650 408 2681; x_wconf 68' lang='lat' dir='ltr'>Det</span> <span class='ocrx_word' id='word_1_556' title='bbox 450 2650 610 2682; x_wconf 54' lang='lat' dir='ltr'>commodis</span> <span class='ocrx_word' id='word_1_557' title='bbox 650 2647 786 2683; x_wconf 79' lang='lat' dir='ltr'>omnibus.</span> <span class='ocrx_word' id='word_1_558' title='bbox 830 2656 1017 2690; x_wconf 78' lang='lat' dir='ltr'>anteponunt</span> 
     </span>
    </p>
   </div>
   <div class='ocr_carea' id='block_1_22' title="bbox 169 2706 605 2835">
    <p class='ocr_par' dir='ltr' id='par_1_34' title="bbox 169 2706 605 2835">
     <span class='ocr_line' id='line_1_90' title="bbox 169 2706 290 2746; baseline 0 0"><span class='ocrx_word' id='word_1_559' title='bbox 169 2706 245 2746; x_wconf 78' lang='lat'>159·</span> <span class='ocrx_word' id='word_1_560' title='bbox 259 2708 290 2736; x_wconf 83' lang='lat'>2·</span> 
     </span>
     <span class='ocr_line' id='line_1_91' title="bbox 570 2798 605 2835; baseline 0 0"><span class='ocrx_word' id='word_1_561' title='bbox 570 2798 605 2835; x_wconf 84' lang='lat' dir='ltr'>R</span> 
     </span>
    </p>
   </div>
   <div class='ocr_carea' id='block_1_23' title="bbox 106 2897 1059 3495">
    <p class='ocr_par' dir='ltr' id='par_1_35' title="bbox 216 2897 1059 2934">
     <span class='ocr_line' id='line_1_92' title="bbox 216 2897 1059 2934; baseline 0.001 -3"><span class='ocrx_word' id='word_1_562' title='bbox 216 2897 497 2934; x_wconf 77' lang='lat' dir='ltr'>ADULPHUS</span> <span class='ocrx_word' id='word_1_563' title='bbox 530 2898 571 2933; x_wconf 87' lang='lat' dir='ltr'>de</span> <span class='ocrx_word' id='word_1_564' title='bbox 593 2897 742 2932; x_wconf 87' lang='lat' dir='ltr'>Arundel</span> <span class='ocrx_word' id='word_1_565' title='bbox 768 2900 856 2933; x_wconf 87' lang='lat' dir='ltr'>favet</span> <span class='ocrx_word' id='word_1_566' title='bbox 882 2898 927 2932; x_wconf 91' lang='lat' dir='ltr'>D.</span> <span class='ocrx_word' id='word_1_567' title='bbox 956 2898 1059 2932; x_wconf 65' lang='lat' dir='ltr'>Tho=</span> 
     </span>
    </p>

    <p class='ocr_par' dir='ltr' id='par_1_36' title="bbox 239 2949 1057 2992">
     <span class='ocr_line' id='line_1_93' title="bbox 239 2949 1057 2992; baseline 0.001 -10"><span class='ocrx_word' id='word_1_568' title='bbox 239 2958 304 2982; x_wconf 80' lang='lat' dir='ltr'>mae·</span> <span class='ocrx_word' id='word_1_569' title='bbox 343 2958 474 2985; x_wconf 74' lang='lat' dir='ltr'>201·2.v</span> <span class='ocrx_word' id='word_1_570' title='bbox 507 2949 645 2984; x_wconf 84' lang='lat' dir='ltr'>Litteras</span> <span class='ocrx_word' id='word_1_571' title='bbox 682 2949 891 2992; x_wconf 83' lang='lat' dir='ltr'>Apostolicas</span> <span class='ocrx_word' id='word_1_572' title='bbox 924 2950 1057 2991; x_wconf 67' lang='lat' dir='ltr'>praesen·-</span> 
     </span>
    </p>

    <p class='ocr_par' dir='ltr' id='par_1_37' title="bbox 106 2997 1053 3495">
     <span class='ocr_line' id='line_1_94' title="bbox 161 2997 1049 3042; baseline 0 -10"><span class='ocrx_word' id='word_1_573' title='bbox 161 3007 208 3032; x_wconf 85' lang='lat' dir='ltr'>tat</span> <span class='ocrx_word' id='word_1_574' title='bbox 245 2997 390 3032; x_wconf 71' lang='lat' dir='ltr'>Ecclesiae</span> <span class='ocrx_word' id='word_1_575' title='bbox 440 3000 626 3042; x_wconf 69' lang='lat' dir='ltr'>Anglorum</span> <span class='ocrx_word' id='word_1_576' title='bbox 661 3001 694 3033; x_wconf 89' lang='lat' dir='ltr'>in</span> <span class='ocrx_word' id='word_1_577' title='bbox 728 2998 887 3041; x_wconf 87' lang='lat' dir='ltr'>Capitulo</span> <span class='ocrx_word' id='word_1_578' title='bbox 923 3023 933 3038; x_wconf 94' lang='lat'>,</span> <span class='ocrx_word' id='word_1_579' title='bbox 972 3011 1049 3032; x_wconf 88' lang='lat' dir='ltr'>con-</span> 
     </span>
     <span class='ocr_line' id='line_1_95' title="bbox 161 3046 1047 3096; baseline 0.001 -15"><span class='ocrx_word' id='word_1_580' title='bbox 161 3058 210 3081; x_wconf 82' lang='lat' dir='ltr'>tra.</span> <span class='ocrx_word' id='word_1_581' title='bbox 233 3046 437 3083; x_wconf 82' lang='lat' dir='ltr'>Mandatum</span> <span class='ocrx_word' id='word_1_582' title='bbox 458 3047 570 3096; x_wconf 80' lang='lat' dir='ltr'>Regis.</span> <span class='ocrx_word' id='word_1_583' title='bbox 596 3058 673 3085; x_wconf 78' lang='lat'><em>202-</em></span> <span class='ocrx_word' id='word_1_584' title='bbox 683 3060 714 3083; x_wconf 86' lang='lat'>2.</span> <span class='ocrx_word' id='word_1_585' title='bbox 752 3050 930 3096; x_wconf 82' lang='lat' dir='ltr'>Relegatur</span> <span class='ocrx_word' id='word_1_586' title='bbox 951 3049 1047 3084; x_wconf 75' lang='lat' dir='ltr'>ideo.</span> 
     </span>
     <span class='ocr_line' id='line_1_96' title="bbox 162 3098 236 3131; baseline -0.014 -1"><span class='ocrx_word' id='word_1_587' title='bbox 162 3098 236 3131; x_wconf 73' lang='lat' dir='ltr'>ibid.</span> 
     </span>
     <span class='ocr_line' id='line_1_97' title="bbox 109 3145 1053 3194; baseline 0 -12"><span class='ocrx_word' id='word_1_588' title='bbox 109 3145 309 3191; x_wconf 80' lang='lat' dir='ltr'>Radulphus</span> <span class='ocrx_word' id='word_1_589' title='bbox 341 3146 383 3181; x_wconf 91' lang='lat' dir='ltr'>de</span> <span class='ocrx_word' id='word_1_590' title='bbox 419 3147 524 3190; x_wconf 80' lang='lat' dir='ltr'>Faja,</span> <span class='ocrx_word' id='word_1_591' title='bbox 564 3147 775 3185; x_wconf 85' lang='lat' dir='ltr'>Confiliarius</span> <span class='ocrx_word' id='word_1_592' title='bbox 811 3149 946 3194; x_wconf 80' lang='lat' dir='ltr'>Reginae</span> <span class='ocrx_word' id='word_1_593' title='bbox 983 3150 1053 3182; x_wconf 55' lang='lat' dir='ltr'>An·—</span> 
     </span>
     <span class='ocr_line' id='line_1_98' title="bbox 160 3196 1049 3241; baseline 0.002 -12"><span class='ocrx_word' id='word_1_594' title='bbox 160 3197 234 3241; x_wconf 76' lang='lat' dir='ltr'>gliae</span> <span class='ocrx_word' id='word_1_595' title='bbox 255 3221 266 3238; x_wconf 92' lang='lat'>‚</span> <span class='ocrx_word' id='word_1_596' title='bbox 306 3199 489 3240; x_wconf 77' lang='lat' dir='ltr'>persecutor</span> <span class='ocrx_word' id='word_1_597' title='bbox 521 3196 731 3233; x_wconf 57' lang='lat' dir='ltr'>&amp;Thomas</span> <span class='ocrx_word' id='word_1_598' title='bbox 765 3225 774 3240; x_wconf 93' lang='lat'>,</span> <span class='ocrx_word' id='word_1_599' title='bbox 809 3201 981 3234; x_wconf 81' lang='lat' dir='ltr'>exacerbat</span> <span class='ocrx_word' id='word_1_600' title='bbox 1014 3200 1049 3232; x_wconf 72' lang='lat' dir='ltr'>il.-</span> 
     </span>
     <span class='ocr_line' id='line_1_99' title="bbox 157 3245 1049 3297; baseline 0.001 -17"><span class='ocrx_word' id='word_1_601' title='bbox 157 3247 222 3280; x_wconf 84' lang='lat' dir='ltr'>lam</span> <span class='ocrx_word' id='word_1_602' title='bbox 244 3257 361 3285; x_wconf 82' lang='lat' dir='ltr'>contra</span> <span class='ocrx_word' id='word_1_603' title='bbox 385 3247 480 3284; x_wconf 84' lang='lat' dir='ltr'>hunc.</span> <span class='ocrx_word' id='word_1_604' title='bbox 507 3245 525 3284; x_wconf 91' lang='lat'><em>8</em></span> <span class='ocrx_word' id='word_1_605' title='bbox 532 3259 558 3297; x_wconf 54' lang='grc' dir='ltr'>Ξ.</span> <span class='ocrx_word' id='word_1_606' title='bbox 579 3259 610 3283; x_wconf 61' lang='lat'>1.</span> <span class='ocrx_word' id='word_1_607' title='bbox 639 3249 818 3295; x_wconf 68' lang='lat' dir='ltr'>ingeniosae</span> <span class='ocrx_word' id='word_1_608' title='bbox 842 3260 1049 3294; x_wconf 82' lang='lat' dir='ltr'>comparatur</span> 
     </span>
     <span class='ocr_line' id='line_1_100' title="bbox 159 3296 1047 3344; baseline 0 -13"><span class='ocrx_word' id='word_1_609' title='bbox 159 3296 260 3340; x_wconf 87' lang='lat' dir='ltr'>vulpi.</span> <span class='ocrx_word' id='word_1_610' title='bbox 925 3297 990 3344; x_wconf 81' lang='lat'>185</span> <span class='ocrx_word' id='word_1_611' title='bbox 1016 3309 1047 3333; x_wconf 91' lang='lat'>2.</span> 
     </span>
     <span class='ocr_line' id='line_1_101' title="bbox 110 3346 1049 3394; baseline 0.004 -14"><span class='ocrx_word' id='word_1_612' title='bbox 110 3346 333 3381; x_wconf 84' lang='lat' dir='ltr'>Rati-habitio</span> <span class='ocrx_word' id='word_1_613' title='bbox 359 3347 514 3382; x_wconf 87' lang='lat' dir='ltr'>mandato</span> <span class='ocrx_word' id='word_1_614' title='bbox 539 3358 754 3391; x_wconf 83' lang='lat' dir='ltr'>comparatur.</span> <span class='ocrx_word' id='word_1_615' title='bbox 926 3358 1049 3394; x_wconf 83' lang='lat'>231.1·</span> 
     </span>
     <span class='ocr_line' id='line_1_102' title="bbox 106 3396 1049 3441; baseline 0 -8"><span class='ocrx_word' id='word_1_616' title='bbox 106 3397 316 3433; x_wconf 77' lang='lat' dir='ltr'>Remenfium</span> <span class='ocrx_word' id='word_1_617' title='bbox 339 3399 460 3433; x_wconf 66' lang='lat' dir='ltr'>civium</span> <span class='ocrx_word' id='word_1_618' title='bbox 488 3396 602 3431; x_wconf 83' lang='lat' dir='ltr'>seditio</span> <span class='ocrx_word' id='word_1_619' title='bbox 625 3423 635 3438; x_wconf 95' lang='lat'>‚</span> <span class='ocrx_word' id='word_1_620' title='bbox 674 3409 789 3435; x_wconf 87' lang='lat' dir='ltr'>contra</span> <span class='ocrx_word' id='word_1_621' title='bbox 819 3399 942 3435; x_wconf 85' lang='lat' dir='ltr'>Archi·</span> <span class='ocrx_word' id='word_1_622' title='bbox 959 3400 1049 3441; x_wconf 59' lang='lat' dir='ltr'>Epir&lt;</span> 
     </span>
     <span class='ocr_line' id='line_1_103' title="bbox 154 3449 1049 3495; baseline 0.001 -15"><span class='ocrx_word' id='word_1_623' title='bbox 154 3458 277 3490; x_wconf 87' lang='lat' dir='ltr'>copurn</span> <span class='ocrx_word' id='word_1_624' title='bbox 301 3449 394 3483; x_wconf 86' lang='lat' dir='ltr'>suum</span> <span class='ocrx_word' id='word_1_625' title='bbox 423 3449 583 3482; x_wconf 83' lang='lat' dir='ltr'>nitentem</span> <span class='ocrx_word' id='word_1_626' title='bbox 606 3449 777 3495; x_wconf 82' lang='lat' dir='ltr'>imponere</span> <span class='ocrx_word' id='word_1_627' title='bbox 798 3452 924 3487; x_wconf 77' lang='lat' dir='ltr'>civitati</span> <span class='ocrx_word' id='word_1_628' title='bbox 949 3459 1049 3482; x_wconf 85' lang='lat' dir='ltr'>novas</span> 
     </span>
    </p>
   </div>
   <div class='ocr_carea' id='block_1_24' title="bbox 153 3497 1049 3547">
    <p class='ocr_par' dir='ltr' id='par_1_38' title="bbox 153 3497 1049 3547">
     <span class='ocr_line' id='line_1_104' title="bbox 153 3497 1049 3547; baseline 0.002 -13"><span class='ocrx_word' id='word_1_629' title='bbox 153 3497 188 3534; x_wconf 72' lang='grc' dir='ltr'>ἀ</span> <span class='ocrx_word' id='word_1_630' title='bbox 211 3497 433 3535; x_wconf 80' lang='lat' dir='ltr'>intolerabiles</span> <span class='ocrx_word' id='word_1_631' title='bbox 461 3499 642 3535; x_wconf 54' lang='lat' dir='ltr'>servitute&amp;</span> <span class='ocrx_word' id='word_1_632' title='bbox 938 3510 972 3547; x_wconf 80' lang='lat'>¹9</span> <span class='ocrx_word' id='word_1_633' title='bbox 978 3499 1006 3535; x_wconf 90' lang='lat'>6.</span> <span class='ocrx_word' id='word_1_634' title='bbox 1024 3507 1049 3536; x_wconf 89' lang='lat'>1·</span> 
     </span>
    </p>
   </div>
   <div class='ocr_carea' id='block_1_25' title="bbox 1111 2407 1199 2437">
    <p class='ocr_par' dir='ltr' id='par_1_39' title="bbox 1111 2407 1199 2437">
     <span class='ocr_line' id='line_1_105' title="bbox 1111 2407 1199 2437; baseline 0 0"><span class='ocrx_word' id='word_1_635' title='bbox 1111 2407 1199 2437; x_wconf 75' lang='lat' dir='ltr'>v1·</span> 
     </span>
    </p>
   </div>
   <div class='ocr_carea' id='block_1_26' title="bbox 1165 2148 2059 2347">
    <p class='ocr_par' dir='ltr' id='par_1_40' title="bbox 1165 2148 2059 2347">
     <span class='ocr_line' id='line_1_106' title="bbox 1167 2148 2056 2196; baseline 0.01 -15"><span class='ocrx_word' id='word_1_636' title='bbox 1167 2148 1306 2190; x_wconf 88' lang='lat' dir='ltr'>Synodo</span> <span class='ocrx_word' id='word_1_637' title='bbox 1327 2148 1500 2186; x_wconf 85' lang='lat' dir='ltr'>Natiouali</span> <span class='ocrx_word' id='word_1_638' title='bbox 1523 2175 1534 2191; x_wconf 95' lang='lat'>,</span> <span class='ocrx_word' id='word_1_639' title='bbox 1561 2163 1660 2196; x_wconf 86' lang='lat' dir='ltr'>quam</span> <span class='ocrx_word' id='word_1_640' title='bbox 1683 2155 1716 2187; x_wconf 89' lang='lat' dir='ltr'>in</span> <span class='ocrx_word' id='word_1_641' title='bbox 1741 2151 1831 2189; x_wconf 92' lang='lat' dir='ltr'>hunc</span> <span class='ocrx_word' id='word_1_642' title='bbox 1853 2155 1953 2190; x_wconf 81' lang='lat' dir='ltr'>finem</span> <span class='ocrx_word' id='word_1_643' title='bbox 1977 2167 2056 2190; x_wconf 87' lang='lat' dir='ltr'>cou-</span> 
     </span>
     <span class='ocr_line' id='line_1_107' title="bbox 1165 2200 2058 2254; baseline 0.011 -24"><span class='ocrx_word' id='word_1_644' title='bbox 1165 2200 1317 2243; x_wconf 87' lang='lat' dir='ltr'>gregavit</span> <span class='ocrx_word' id='word_1_645' title='bbox 1355 2200 1440 2242; x_wconf 90' lang='lat' dir='ltr'>apud</span> <span class='ocrx_word' id='word_1_646' title='bbox 1475 2200 1729 2237; x_wconf 86' lang='lat' dir='ltr'>Clarendonam.</span> <span class='ocrx_word' id='word_1_647' title='bbox 1757 2216 1801 2252; x_wconf 87' lang='lat'>¹3·</span> <span class='ocrx_word' id='word_1_648' title='bbox 1818 2217 1847 2240; x_wconf 89' lang='lat'>2·</span> <span class='ocrx_word' id='word_1_649' title='bbox 1875 2206 1966 2254; x_wconf 85' lang='lat' dir='ltr'>Qas</span> <span class='ocrx_word' id='word_1_650' title='bbox 1996 2205 2058 2240; x_wconf 89' lang='lat' dir='ltr'>ibi·</span> 
     </span>
     <span class='ocr_line' id='line_1_108' title="bbox 1165 2248 2055 2301; baseline 0.015 -22"><span class='ocrx_word' id='word_1_651' title='bbox 1165 2248 1247 2282; x_wconf 80' lang='lat' dir='ltr'>dem</span> <span class='ocrx_word' id='word_1_652' title='bbox 1266 2248 1467 2286; x_wconf 75' lang='lat' dir='ltr'>admiserunt</span> <span class='ocrx_word' id='word_1_653' title='bbox 1487 2251 1522 2289; x_wconf 75' lang='grc' dir='ltr'>δε,</span> <span class='ocrx_word' id='word_1_654' title='bbox 1538 2250 1729 2293; x_wconf 76' lang='lat' dir='ltr'>juraverunt</span> <span class='ocrx_word' id='word_1_655' title='bbox 1761 2255 1925 2298; x_wconf 85' lang='lat' dir='ltr'>Episcopi.</span> <span class='ocrx_word' id='word_1_656' title='bbox 1956 2265 2007 2301; x_wconf 74' lang='grc'>14.-</span> <span class='ocrx_word' id='word_1_657' title='bbox 2025 2267 2055 2291; x_wconf 90' lang='lat'>1·</span> 
     </span>
     <span class='ocr_line' id='line_1_109' title="bbox 1167 2296 2059 2347; baseline 0.011 -18"><span class='ocrx_word' id='word_1_658' title='bbox 1167 2297 1262 2342; x_wconf 85' lang='lat' dir='ltr'>Qas</span> <span class='ocrx_word' id='word_1_659' title='bbox 1285 2296 1468 2334; x_wconf 84' lang='lat' dir='ltr'>defendunt</span> <span class='ocrx_word' id='word_1_660' title='bbox 1489 2312 1600 2335; x_wconf 90' lang='lat' dir='ltr'>coram</span> <span class='ocrx_word' id='word_1_661' title='bbox 1613 2301 1721 2344; x_wconf 87' lang='lat' dir='ltr'>Papa,</span> <span class='ocrx_word' id='word_1_662' title='bbox 1747 2314 1901 2347; x_wconf 86' lang='lat' dir='ltr'>rogantes</span> <span class='ocrx_word' id='word_1_663' title='bbox 1913 2313 1966 2337; x_wconf 83' lang='lat' dir='ltr'>eas</span> <span class='ocrx_word' id='word_1_664' title='bbox 1979 2315 2059 2339; x_wconf 89' lang='lat' dir='ltr'>con·</span> 
     </span>
    </p>
   </div>
   <div class='ocr_carea' id='block_1_27' title="bbox 1166 2346 2053 2447">
    <p class='ocr_par' dir='ltr' id='par_1_41' title="bbox 1166 2346 2053 2447">
     <span class='ocr_line' id='line_1_110' title="bbox 1166 2346 2052 2394; baseline 0.01 -14"><span class='ocrx_word' id='word_1_665' title='bbox 1166 2346 1299 2380; x_wconf 89' lang='lat' dir='ltr'>firmari.</span> <span class='ocrx_word' id='word_1_666' title='bbox 1327 2356 1393 2394; x_wconf 85' lang='lat'>¹39·</span> <span class='ocrx_word' id='word_1_667' title='bbox 1409 2357 1439 2386; x_wconf 63' lang='lat'>2„</span> <span class='ocrx_word' id='word_1_668' title='bbox 1467 2347 1534 2382; x_wconf 74' lang='lat' dir='ltr'>Sedv</span> <span class='ocrx_word' id='word_1_669' title='bbox 1553 2361 1632 2393; x_wconf 89' lang='lat' dir='ltr'>quas</span> <span class='ocrx_word' id='word_1_670' title='bbox 1657 2350 1745 2394; x_wconf 85' lang='lat' dir='ltr'>Papa</span> <span class='ocrx_word' id='word_1_671' title='bbox 1778 2353 1954 2388; x_wconf 81' lang='lat' dir='ltr'>damnavit.</span> <span class='ocrx_word' id='word_1_672' title='bbox 1978 2350 2052 2390; x_wconf 78' lang='lat'>182.</span> 
     </span>
     <span class='ocr_line' id='line_1_111' title="bbox 1240 2396 2053 2447; baseline 0.01 -20"><span class='ocrx_word' id='word_1_673' title='bbox 1240 2396 1333 2443; x_wconf 86' lang='lat' dir='ltr'>Qas</span> <span class='ocrx_word' id='word_1_674' title='bbox 1374 2397 1415 2430; x_wconf 94' lang='lat' dir='ltr'>D.</span> <span class='ocrx_word' id='word_1_675' title='bbox 1447 2396 1602 2430; x_wconf 86' lang='lat' dir='ltr'>Thomas</span> <span class='ocrx_word' id='word_1_676' title='bbox 1635 2399 1776 2432; x_wconf 71' lang='lat' dir='ltr'>cassavit.</span> <span class='ocrx_word' id='word_1_677' title='bbox 1809 2410 1884 2444; x_wconf 85' lang='lat'>117.</span> <span class='ocrx_word' id='word_1_678' title='bbox 1899 2413 1931 2441; x_wconf 80' lang='lat'>2.</span> <span class='ocrx_word' id='word_1_679' title='bbox 1961 2402 2053 2447; x_wconf 79' lang='lat' dir='ltr'>Qas</span> 
     </span>
    </p>
   </div>
   <div class='ocr_carea' id='block_1_28' title="bbox 1159 2445 2097 3546">
    <p class='ocr_par' dir='ltr' id='par_1_42' title="bbox 1159 2445 2097 3434">
     <span class='ocr_line' id='line_1_112' title="bbox 1166 2445 2049 2486; baseline 0.005 -7"><span class='ocrx_word' id='word_1_680' title='bbox 1166 2446 1406 2480; x_wconf 87' lang='lat' dir='ltr'>damnaverunt</span> <span class='ocrx_word' id='word_1_681' title='bbox 1433 2445 1543 2479; x_wconf 86' lang='lat' dir='ltr'>Patres</span> <span class='ocrx_word' id='word_1_682' title='bbox 1575 2457 1651 2480; x_wconf 88' lang='lat' dir='ltr'>ante</span> <span class='ocrx_word' id='word_1_683' title='bbox 1685 2448 1728 2480; x_wconf 90' lang='lat' dir='ltr'>D.</span> <span class='ocrx_word' id='word_1_684' title='bbox 1760 2448 1944 2485; x_wconf 83' lang='lat' dir='ltr'>Thomam.</span> <span class='ocrx_word' id='word_1_685' title='bbox 1972 2454 2049 2486; x_wconf 72' lang='lat' dir='ltr'>ibid.</span> 
     </span>
     <span class='ocr_line' id='line_1_113' title="bbox 1169 2495 2050 2545; baseline 0.01 -17"><span class='ocrx_word' id='word_1_686' title='bbox 1169 2507 1299 2540; x_wconf 87' lang='lat' dir='ltr'>propter</span> <span class='ocrx_word' id='word_1_687' title='bbox 1322 2506 1402 2537; x_wconf 88' lang='lat' dir='ltr'>quas</span> <span class='ocrx_word' id='word_1_688' title='bbox 1421 2495 1567 2529; x_wconf 83' lang='lat' dir='ltr'>exulavit</span> <span class='ocrx_word' id='word_1_689' title='bbox 1592 2497 1635 2530; x_wconf 93' lang='lat' dir='ltr'>D.</span> <span class='ocrx_word' id='word_1_690' title='bbox 1656 2497 1809 2532; x_wconf 85' lang='lat' dir='ltr'>Thomas</span> <span class='ocrx_word' id='word_1_691' title='bbox 1841 2513 1896 2545; x_wconf 81' lang='lat' dir='ltr'>per</span> <span class='ocrx_word' id='word_1_692' title='bbox 1918 2503 2050 2545; x_wconf 88' lang='lat' dir='ltr'>septen-</span> 
     </span>
     <span class='ocr_line' id='line_1_114' title="bbox 1167 2544 2051 2595; baseline 0.008 -16"><span class='ocrx_word' id='word_1_693' title='bbox 1167 2548 1285 2585; x_wconf 84' lang='lat' dir='ltr'>nium,</span> <span class='ocrx_word' id='word_1_694' title='bbox 1311 2545 1344 2579; x_wconf 85' lang='lat'>&amp;</span> <span class='ocrx_word' id='word_1_695' title='bbox 1365 2544 1497 2579; x_wconf 85' lang='lat' dir='ltr'>tandem</span> <span class='ocrx_word' id='word_1_696' title='bbox 1517 2546 1663 2590; x_wconf 86' lang='lat' dir='ltr'>glorioso</span> <span class='ocrx_word' id='word_1_697' title='bbox 1695 2549 1823 2583; x_wconf 66' lang='lat' dir='ltr'>affectus</span> <span class='ocrx_word' id='word_1_698' title='bbox 1853 2551 1897 2585; x_wconf 89' lang='lat' dir='ltr'>est</span> <span class='ocrx_word' id='word_1_699' title='bbox 1922 2551 2051 2595; x_wconf 85' lang='lat' dir='ltr'>Marty-</span> 
     </span>
     <span class='ocr_line' id='line_1_115' title="bbox 1168 2594 2057 2645; baseline 0.009 -15"><span class='ocrx_word' id='word_1_700' title='bbox 1168 2596 1229 2630; x_wconf 86' lang='lat' dir='ltr'>tio.</span> <span class='ocrx_word' id='word_1_701' title='bbox 1261 2594 1315 2641; x_wconf 71' lang='lat'>58.</span> <span class='ocrx_word' id='word_1_702' title='bbox 1340 2607 1357 2626; x_wconf 84' lang='grc' dir='ltr'>ι.</span> <span class='ocrx_word' id='word_1_703' title='bbox 1395 2596 1470 2630; x_wconf 77' lang='lat' dir='ltr'>Vide</span> <span class='ocrx_word' id='word_1_704' title='bbox 1500 2597 1753 2633; x_wconf 85' lang='lat' dir='ltr'>consuetudines</span> <span class='ocrx_word' id='word_1_705' title='bbox 1781 2600 1912 2645; x_wconf 83' lang='lat' dir='ltr'>Angliae</span> <span class='ocrx_word' id='word_1_706' title='bbox 1935 2625 1944 2634; x_wconf 92' lang='lat'>.</span> <span class='ocrx_word' id='word_1_707' title='bbox 1969 2600 2057 2638; x_wconf 27' lang='lat' dir='ltr'>Hoc*</span> 
     </span>
     <span class='ocr_line' id='line_1_116' title="bbox 1165 2644 2049 2696; baseline 0.01 -17"><span class='ocrx_word' id='word_1_708' title='bbox 1165 2657 1272 2679; x_wconf 87' lang='lat' dir='ltr'>autem</span> <span class='ocrx_word' id='word_1_709' title='bbox 1298 2644 1453 2688; x_wconf 68' lang='lat' dir='ltr'>punstum</span> <span class='ocrx_word' id='word_1_710' title='bbox 1475 2655 1542 2679; x_wconf 88' lang='lat' dir='ltr'>erat</span> <span class='ocrx_word' id='word_1_711' title='bbox 1568 2648 1783 2692; x_wconf 73' lang='lat' dir='ltr'>praecipuum,</span> <span class='ocrx_word' id='word_1_712' title='bbox 1809 2651 1862 2684; x_wconf 83' lang='lat' dir='ltr'>cui</span> <span class='ocrx_word' id='word_1_713' title='bbox 1895 2647 1926 2686; x_wconf 77' lang='lat' dir='ltr'>&#39;se</span> <span class='ocrx_word' id='word_1_714' title='bbox 1974 2665 2049 2696; x_wconf 89' lang='lat' dir='ltr'>ppo-</span> 
     </span>
     <span class='ocr_line' id='line_1_117' title="bbox 1167 2693 2052 2743; baseline 0.008 -14"><span class='ocrx_word' id='word_1_715' title='bbox 1167 2697 1229 2730; x_wconf 88' lang='lat' dir='ltr'>suit</span> <span class='ocrx_word' id='word_1_716' title='bbox 1253 2695 1297 2728; x_wconf 91' lang='lat' dir='ltr'>D.</span> <span class='ocrx_word' id='word_1_717' title='bbox 1320 2693 1488 2732; x_wconf 58' lang='lat' dir='ltr'>Thomas„</span> <span class='ocrx_word' id='word_1_718' title='bbox 1507 2707 1585 2743; x_wconf 83' lang='lat'>275.</span> <span class='ocrx_word' id='word_1_719' title='bbox 1604 2707 1631 2733; x_wconf 35' lang='lat'>11.</span> <span class='ocrx_word' id='word_1_720' title='bbox 1674 2697 1916 2742; x_wconf 87' lang='lat' dir='ltr'>Usurpationes</span> <span class='ocrx_word' id='word_1_721' title='bbox 1970 2704 2052 2737; x_wconf 85' lang='lat' dir='ltr'>ono-</span> 
     </span>
     <span class='ocr_line' id='line_1_118' title="bbox 1167 2745 2058 2791; baseline 0.009 -13"><span class='ocrx_word' id='word_1_722' title='bbox 1167 2756 1238 2779; x_wconf 89' lang='lat' dir='ltr'>rum</span> <span class='ocrx_word' id='word_1_723' title='bbox 1263 2745 1415 2787; x_wconf 72' lang='lat' dir='ltr'>similes,</span> <span class='ocrx_word' id='word_1_724' title='bbox 1450 2756 1578 2780; x_wconf 76' lang='lat' dir='ltr'>vocaus,</span> <span class='ocrx_word' id='word_1_725' title='bbox 1591 2748 1727 2791; x_wconf 81' lang='lat' dir='ltr'>rapinas.</span> <span class='ocrx_word' id='word_1_726' title='bbox 1761 2750 2058 2788; x_wconf 33' lang='lat' dir='ltr'>ibid.,Protestans.</span> 
     </span>
     <span class='ocr_line' id='line_1_119' title="bbox 1165 2794 2051 2843; baseline 0.009 -15"><span class='ocrx_word' id='word_1_727' title='bbox 1165 2795 1254 2838; x_wconf 90' lang='lat' dir='ltr'>quod</span> <span class='ocrx_word' id='word_1_728' title='bbox 1276 2796 1297 2829; x_wconf 82' lang='lat' dir='ltr'>si</span> <span class='ocrx_word' id='word_1_729' title='bbox 1324 2794 1391 2832; x_wconf 82' lang='lat' dir='ltr'>hoe</span> <span class='ocrx_word' id='word_1_730' title='bbox 1413 2797 1567 2839; x_wconf 63' lang='lat' dir='ltr'>punctum</span> <span class='ocrx_word' id='word_1_731' title='bbox 1594 2798 1703 2833; x_wconf 88' lang='lat' dir='ltr'>solum</span> <span class='ocrx_word' id='word_1_732' title='bbox 1719 2799 1911 2843; x_wconf 73' lang='lat' dir='ltr'>superesset,</span> <span class='ocrx_word' id='word_1_733' title='bbox 1937 2803 2051 2836; x_wconf 88' lang='lat' dir='ltr'>mallet</span> 
     </span>
     <span class='ocr_line' id='line_1_120' title="bbox 1165 2847 2052 2896; baseline 0.007 -17"><span class='ocrx_word' id='word_1_734' title='bbox 1165 2856 1272 2879; x_wconf 86' lang='lat' dir='ltr'>tamen</span> <span class='ocrx_word' id='word_1_735' title='bbox 1296 2847 1379 2879; x_wconf 88' lang='lat' dir='ltr'>mori</span> <span class='ocrx_word' id='word_1_736' title='bbox 1401 2857 1642 2892; x_wconf 86' lang='lat' dir='ltr'>quamcumque</span> <span class='ocrx_word' id='word_1_737' title='bbox 1664 2859 1802 2884; x_wconf 88' lang='lat' dir='ltr'>mortem</span> <span class='ocrx_word' id='word_1_738' title='bbox 1827 2876 1846 2892; x_wconf 20' lang='lat'>,¹</span> <span class='ocrx_word' id='word_1_739' title='bbox 1871 2864 1967 2896; x_wconf 81' lang='lat' dir='ltr'>quam</span> <span class='ocrx_word' id='word_1_740' title='bbox 2000 2853 2052 2886; x_wconf 86' lang='lat' dir='ltr'>illi</span> 
     </span>
     <span class='ocr_line' id='line_1_121' title="bbox 1164 2896 2051 2944; baseline 0.006 -14"><span class='ocrx_word' id='word_1_741' title='bbox 1164 2897 1286 2930; x_wconf 84' lang='lat' dir='ltr'>cedere.</span> <span class='ocrx_word' id='word_1_742' title='bbox 1315 2906 1443 2942; x_wconf 64' lang='lat' dir='ltr'>241.1.v</span> <span class='ocrx_word' id='word_1_743' title='bbox 1467 2896 1544 2934; x_wconf 79' lang='lat' dir='ltr'>Fuit</span> <span class='ocrx_word' id='word_1_744' title='bbox 1565 2908 1673 2933; x_wconf 87' lang='lat' dir='ltr'>autem</span> <span class='ocrx_word' id='word_1_745' title='bbox 1696 2899 1832 2944; x_wconf 83' lang='lat' dir='ltr'>Regalia</span> <span class='ocrx_word' id='word_1_746' title='bbox 1856 2901 1922 2935; x_wconf 79' lang='lat' dir='ltr'>haec</span> <span class='ocrx_word' id='word_1_747' title='bbox 1946 2926 1957 2943; x_wconf 90' lang='lat'>,</span> <span class='ocrx_word' id='word_1_748' title='bbox 1977 2908 2051 2944; x_wconf 67' lang='lat' dir='ltr'>prr-</span> 
     </span>
     <span class='ocr_line' id='line_1_122' title="bbox 1163 2945 2048 2990; baseline 0.007 -11"><span class='ocrx_word' id='word_1_749' title='bbox 1163 2958 1244 2979; x_wconf 86' lang='lat' dir='ltr'>mum</span> <span class='ocrx_word' id='word_1_750' title='bbox 1280 2945 1431 2987; x_wconf 38' lang='lat' dir='ltr'>punaum.</span> <span class='ocrx_word' id='word_1_751' title='bbox 1456 2947 1508 2982; x_wconf 84' lang='lat' dir='ltr'>cui</span> <span class='ocrx_word' id='word_1_752' title='bbox 1544 2948 1576 2982; x_wconf 90' lang='lat' dir='ltr'>se</span> <span class='ocrx_word' id='word_1_753' title='bbox 1612 2949 1764 2990; x_wconf 86' lang='lat' dir='ltr'>opposuit</span> <span class='ocrx_word' id='word_1_754' title='bbox 1798 2951 1839 2985; x_wconf 93' lang='lat' dir='ltr'>D.</span> <span class='ocrx_word' id='word_1_755' title='bbox 1863 2951 2015 2987; x_wconf 83' lang='lat' dir='ltr'>Thomas</span> <span class='ocrx_word' id='word_1_756' title='bbox 2040 2977 2048 2984; x_wconf 92' lang='lat'>.</span> 
     </span>
     <span class='ocr_line' id='line_1_123' title="bbox 1165 2997 2048 3045; baseline 0.007 -15"><span class='ocrx_word' id='word_1_757' title='bbox 1165 2997 1252 3030; x_wconf 90' lang='lat' dir='ltr'>Cum</span> <span class='ocrx_word' id='word_1_758' title='bbox 1277 3006 1418 3039; x_wconf 89' lang='lat' dir='ltr'>namque</span> <span class='ocrx_word' id='word_1_759' title='bbox 1437 3007 1587 3031; x_wconf 87' lang='lat' dir='ltr'>vacarent</span> <span class='ocrx_word' id='word_1_760' title='bbox 1609 2997 1679 3033; x_wconf 79' lang='lat' dir='ltr'>duae</span> <span class='ocrx_word' id='word_1_761' title='bbox 1700 2999 1796 3033; x_wconf 88' lang='lat' dir='ltr'>Sedes</span> <span class='ocrx_word' id='word_1_762' title='bbox 1821 3000 2048 3045; x_wconf 86' lang='lat' dir='ltr'>Episcopales‚</span> 
     </span>
     <span class='ocr_line' id='line_1_124' title="bbox 1164 3045 2053 3095; baseline 0.009 -17"><span class='ocrx_word' id='word_1_763' title='bbox 1164 3045 1379 3090; x_wconf 78' lang='lat' dir='ltr'>Vigornenfis</span> <span class='ocrx_word' id='word_1_764' title='bbox 1402 3046 1436 3083; x_wconf 72' lang='grc' dir='ltr'>ὃς,</span> <span class='ocrx_word' id='word_1_765' title='bbox 1455 3047 1719 3081; x_wconf 84' lang='lat' dir='ltr'>Herefordeufis:</span> <span class='ocrx_word' id='word_1_766' title='bbox 1747 3050 1860 3083; x_wconf 92' lang='lat' dir='ltr'>Priore</span> <span class='ocrx_word' id='word_1_767' title='bbox 1886 3052 2053 3095; x_wconf 66' lang='lat' dir='ltr'>Episcopo.</span> 
     </span>
     <span class='ocr_line' id='line_1_125' title="bbox 1163 3096 2045 3139; baseline 0.003 -10"><span class='ocrx_word' id='word_1_768' title='bbox 1163 3108 1295 3131; x_wconf 80' lang='lat' dir='ltr'>mortuo</span> <span class='ocrx_word' id='word_1_769' title='bbox 1325 3121 1335 3137; x_wconf 92' lang='lat'>,</span> <span class='ocrx_word' id='word_1_770' title='bbox 1364 3096 1538 3139; x_wconf 86' lang='lat' dir='ltr'>posteriore</span> <span class='ocrx_word' id='word_1_771' title='bbox 1559 3098 1721 3132; x_wconf 83' lang='lat' dir='ltr'>translato</span> <span class='ocrx_word' id='word_1_772' title='bbox 1739 3100 1780 3133; x_wconf 89' lang='lat' dir='ltr'>ad</span> <span class='ocrx_word' id='word_1_773' title='bbox 1816 3101 1931 3135; x_wconf 78' lang='lat' dir='ltr'>Sedem</span> <span class='ocrx_word' id='word_1_774' title='bbox 1955 3103 2045 3136; x_wconf 91' lang='lat' dir='ltr'>Lon.</span> 
     </span>
     <span class='ocr_line' id='line_1_126' title="bbox 1160 3146 2045 3190; baseline 0.007 -12"><span class='ocrx_word' id='word_1_775' title='bbox 1160 3147 1375 3188; x_wconf 87' lang='lat' dir='ltr'>doniensem;</span> <span class='ocrx_word' id='word_1_776' title='bbox 1406 3147 1478 3180; x_wconf 84' lang='lat' dir='ltr'>Rex</span> <span class='ocrx_word' id='word_1_777' title='bbox 1500 3146 1715 3190; x_wconf 86' lang='lat' dir='ltr'>Episcopatus</span> <span class='ocrx_word' id='word_1_778' title='bbox 1739 3150 1794 3183; x_wconf 81' lang='lat' dir='ltr'>diu</span> <span class='ocrx_word' id='word_1_779' title='bbox 1822 3162 1931 3183; x_wconf 85' lang='lat' dir='ltr'>vacare</span> <span class='ocrx_word' id='word_1_780' title='bbox 1955 3150 2045 3184; x_wconf 85' lang='lat' dir='ltr'>fecit.-</span> 
     </span>
     <span class='ocr_line' id='line_1_127' title="bbox 1159 3196 2046 3243; baseline 0.005 -14"><span class='ocrx_word' id='word_1_781' title='bbox 1159 3200 1241 3229; x_wconf 84' lang='lat' dir='ltr'>More</span> <span class='ocrx_word' id='word_1_782' title='bbox 1268 3196 1423 3237; x_wconf 76' lang='lat' dir='ltr'>prophano</span> <span class='ocrx_word' id='word_1_783' title='bbox 1460 3220 1470 3237; x_wconf 90' lang='lat'>‚</span> <span class='ocrx_word' id='word_1_784' title='bbox 1512 3196 1667 3243; x_wconf 69' lang='lat' dir='ltr'>QUASI</span> <span class='ocrx_word' id='word_1_785' title='bbox 1694 3198 1903 3233; x_wconf 81' lang='lat' dir='ltr'>CHRISTO</span> <span class='ocrx_word' id='word_1_786' title='bbox 1931 3200 2046 3233; x_wconf 83' lang='lat' dir='ltr'>PRO-</span> 
     </span>
     <span class='ocr_line' id='line_1_128' title="bbox 1160 3244 2044 3284; baseline 0.003 -4"><span class='ocrx_word' id='word_1_787' title='bbox 1160 3246 1388 3282; x_wconf 74' lang='lat' dir='ltr'>semp-To,</span> <span class='ocrx_word' id='word_1_788' title='bbox 1417 3244 1554 3282; x_wconf 73' lang='lat' dir='ltr'>FISCo</span> <span class='ocrx_word' id='word_1_789' title='bbox 1576 3246 1840 3283; x_wconf 79' lang='lat' dir='ltr'>AP-PLICANS</span> <span class='ocrx_word' id='word_1_790' title='bbox 1863 3248 2044 3284; x_wconf 87' lang='lat' dir='ltr'>DOTEM</span> 
     </span>
     <span class='ocr_line' id='line_1_129' title="bbox 1161 3294 2045 3336; baseline 0.003 -6"><span class='ocrx_word' id='word_1_791' title='bbox 1161 3294 1448 3331; x_wconf 80' lang='lat' dir='ltr'>VlDUARUM</span> <span class='ocrx_word' id='word_1_792' title='bbox 1485 3319 1497 3336; x_wconf 89' lang='lat'>,</span> <span class='ocrx_word' id='word_1_793' title='bbox 1523 3295 1774 3331; x_wconf 86' lang='lat' dir='ltr'>CRUCIFle</span> <span class='ocrx_word' id='word_1_794' title='bbox 1806 3298 2045 3333; x_wconf 78' lang='lat' dir='ltr'>PATR1M0-</span> 
     </span>
     <span class='ocr_line' id='line_1_130' title="bbox 1161 3343 2097 3397; baseline 0.004 -17"><span class='ocrx_word' id='word_1_795' title='bbox 1161 3345 1321 3385; x_wconf 77' lang='lat' dir='ltr'>MUM,</span> <span class='ocrx_word' id='word_1_796' title='bbox 1359 3343 1799 3382; x_wconf 79' lang='lat' dir='ltr'>CALAM1T080RUM</span> <span class='ocrx_word' id='word_1_797' title='bbox 1827 3348 2045 3384; x_wconf 76' lang='lat' dir='ltr'>REFRIGE·</span> <span class='ocrx_word' id='word_1_798' title='bbox 2090 3388 2097 3397; x_wconf 25' lang='grc' dir='ltr'><em>μ</em></span> 
     </span>
     <span class='ocr_line' id='line_1_131' title="bbox 1161 3393 2041 3434; baseline 0.005 -6"><span class='ocrx_word' id='word_1_799' title='bbox 1161 3395 1241 3434; x_wconf 78' lang='lat' dir='ltr'>RIA</span> <span class='ocrx_word' id='word_1_800' title='bbox 1261 3420 1270 3434; x_wconf 94' lang='lat'>,</span> <span class='ocrx_word' id='word_1_801' title='bbox 1310 3393 1376 3428; x_wconf 82' lang='lat' dir='ltr'>ET</span> <span class='ocrx_word' id='word_1_802' title='bbox 1415 3395 1699 3431; x_wconf 81' lang='lat' dir='ltr'>EGENORUM</span> <span class='ocrx_word' id='word_1_803' title='bbox 1727 3396 1957 3433; x_wconf 82' lang='lat' dir='ltr'>SUBSIDIA.</span> <span class='ocrx_word' id='word_1_804' title='bbox 1989 3407 2041 3434; x_wconf 81' lang='grc' dir='ltr'>ιο.</span> 
     </span>
    </p>

    <p class='ocr_par' dir='ltr' id='par_1_43' title="bbox 1162 3443 2045 3546">
     <span class='ocr_line' id='line_1_132' title="bbox 1162 3443 2044 3484; baseline 0.005 -6"><span class='ocrx_word' id='word_1_805' title='bbox 1162 3458 1194 3484; x_wconf 86' lang='lat'>2·</span> <span class='ocrx_word' id='word_1_806' title='bbox 1233 3446 1326 3480; x_wconf 91' lang='lat' dir='ltr'>Tum</span> <span class='ocrx_word' id='word_1_807' title='bbox 1357 3443 1400 3477; x_wconf 95' lang='lat' dir='ltr'>D.</span> <span class='ocrx_word' id='word_1_808' title='bbox 1428 3444 1588 3482; x_wconf 75' lang='lat' dir='ltr'>Thomas,</span> <span class='ocrx_word' id='word_1_809' title='bbox 1606 3446 1832 3481; x_wconf 84' lang='lat' dir='ltr'>amiciffimum</span> <span class='ocrx_word' id='word_1_810' title='bbox 1863 3450 1953 3483; x_wconf 89' lang='lat' dir='ltr'>suum</span> <span class='ocrx_word' id='word_1_811' title='bbox 1980 3449 2044 3482; x_wconf 86' lang='lat' dir='ltr'>Re-</span> 
     </span>
     <span class='ocr_line' id='line_1_133' title="bbox 1162 3495 2045 3546; baseline 0.003 -15"><span class='ocrx_word' id='word_1_812' title='bbox 1162 3507 1237 3546; x_wconf 82' lang='lat' dir='ltr'>gem</span> <span class='ocrx_word' id='word_1_813' title='bbox 1263 3520 1274 3539; x_wconf 86' lang='lat'>,</span> <span class='ocrx_word' id='word_1_814' title='bbox 1313 3504 1447 3533; x_wconf 83' lang='lat' dir='ltr'>monere</span> <span class='ocrx_word' id='word_1_815' title='bbox 1473 3495 1574 3542; x_wconf 84' lang='lat' dir='ltr'>coepit</span> <span class='ocrx_word' id='word_1_816' title='bbox 1598 3520 1610 3538; x_wconf 92' lang='lat'>,</span> <span class='ocrx_word' id='word_1_817' title='bbox 1647 3506 1760 3542; x_wconf 86' lang='lat' dir='ltr'>rogare</span> <span class='ocrx_word' id='word_1_818' title='bbox 1796 3523 1808 3544; x_wconf 81' lang='lat'>,</span> <span class='ocrx_word' id='word_1_819' title='bbox 1844 3499 2004 3541; x_wconf 79' lang='lat' dir='ltr'>increpare</span> <span class='ocrx_word' id='word_1_820' title='bbox 2029 3509 2045 3534; x_wconf 67' lang='lat' dir='ltr'>z.</span> 
     </span>
    </p>
   </div>
   <div class='ocr_carea' id='block_1_29' title="bbox 1894 3558 1993 3598">
    <p class='ocr_par' dir='ltr' id='par_1_44' title="bbox 1894 3558 1993 3598">
     <span class='ocr_line' id='line_1_134' title="bbox 1894 3558 1993 3598; baseline 0.03 -14"><span class='ocrx_word' id='word_1_821' title='bbox 1894 3558 1993 3598; x_wconf 64' lang='lat' dir='ltr'>expo.-</span> 
     </span>
    </p>
   </div>
  </div>
 </body>
</html>
