2358 3776
534 100 576 148 S.
622 95 912 148 THOMAE
959 89 1367 141 C‘ANTUAR.
1415 94 1552 141 LIB.

1150 177 1244 218 stati,
1269 174 1425 211 omnibus
1444 178 1476 212 in
1489 178 1673 215 derisum&
1697 185 1822 220 sibilum
1845 186 1942 223 datus
1962 189 2031 230 est,
2056 189 2089 226 ἃ

1151 227 1236 272 quusi
1249 226 1290 264 ab
1302 227 1452 262 universis
1463 229 1639 272 consputus
1650 232 1808 270 absceffit.
1836 238 1962 273 Nonne
1982 240 2024 274 de
2034 251 2088 274 cae-

1150 288 1222 316 tero
1234 278 1362 316 facilem
1376 278 1495 322 poterit
1518 280 1675 324 iniquitas
1696 292 1814 320 armata
1836 289 2025 323 consiliis&
2047 291 2092 323 fa-

278 235 692 273 EPISTOLA
752 228 968 270 X‘XVUL

256 337 385 372 Thomas
401 336 625 381 Consuarienfis
647 334 783 384 Magistro
805 331 992 368 Lombardo.

269 436 483 476 1TT1MUS
507 437 548 472 ad
561 446 617 471 vos
630 436 781 470 Latorem
802 431 1093 481 presentiumfflau-

294 501 399 533 pei-em
414 488 578 524 Clericum
590 512 600 528 ,
619 487 675 531 qui
689 486 728 519 de
736 483 874 529 quadam
889 493 1026 525 paupere
1036 482 1092 517 do·

1616 100 1712 155 1V.

1930 118 2024 161 309

1154 338 1230 367 vore
1243 329 1361 371 sperare
1372 328 1603 372 triumphum?
1631 329 1761 370 Institi,
1789 344 1823 367 ut
1845 340 2051 374 consuluistis
2077 364 2089 380 ,

1154 379 1238 422 apud
1253 379 1438 414 Dominum
1452 379 1646 415 Remensem
1657 405 1667 420 ,
1687 390 1722 413 ut
1734 381 1836 417 Fratri
1848 385 2010 424 Bel-nardo
2021 389 2095 423 scri.

1155 429 1264 470 beret,
1290 429 1343 463 sed
1364 441 1433 467 non
1445 430 1614 472 adquievit
1628 455 1637 470 ,
1663 431 1910 466 dicenslitteras
1932 438 2001 471 suas
2022 448 2094 473 non

1154 480 1364 522 profuturas,
1386 481 1463 524 quia
1474 479 1578 514 credit
1588 491 1662 514 eum
1686 482 1794 515 favere
1819 483 1901 525 parti
1925 484 2057 519 adversae
2084 512 2093 519 .

151 549 211 573 mo
220 540 265 572 est
281 538 484 575 Monialium
498 537 668 583 inAnglia
680 537 755 569 Deo
774 533 981 570 servientium
998 556 1009 573 ,
1037 534 1091 576 qui
1155 530 1319 573 Frequens
1336 531 1424 567 enim
1437 529 1501 571 est,
1527 539 1563 565 ut
1575 531 1631 575 qui
1646 530 1857 566 nihilhabere
1869 533 2096 576 praedicantur,

152 589 247 623 vobis
258 588 448 634 diligentius
461 589 531 623 viva
546 598 625 621 voce
638 585 780 620 miserias
799 584 832 618 &
855 582 938 616 mala
965 584 1018 615 sua
1040 592 1093 616 ex-

1155 590 1210 613 aut
1221 590 1288 614 rem
1301 591 1357 614 aut
1368 581 1509 625 gloriam
1531 579 1707 624 plurimum
1728 583 1987 627 concupiscant„
2015 585 2098 618 Non

152 649 255 682 ponet
266 663 276 679 ,
304 649 374 684 quae
388 649 445 672 vos
459 638 611 671 volumus
623 636 773 672 Domino
786 633 877 676 Papae
889 633 1003 680 pariter
1015 643 1091 666 cum
1157 631 1258 673 placet
1269 631 1311 665 D.
1323 631 1546 667 Cantuariensi
1558 655 1568 672 ‚
1597 642 1648 664 me
1660 641 1716 665 aut
1743 633 1886 674 aliquem
1909 635 2041 668 suorum
2054 634 2101 667 in·

152 688 248 723 malis
275 690 309 722 &
335 689 464 722 damnis
490 687 606 721 nostris
632 685 778 723 Ecclefiae
815 683 1057 718 cantuariensis
1082 708 1093 724 ,

151 737 278 780 quanto
291 738 460 774 sollicitius
478 737 646 786 poteritis,
672 745 847 777 exponere,
876 734 1029 781 Qaliter
1040 745 1094 768 au-

151 796 221 823 tem
235 789 309 822 Rex
326 789 477 833 Angliae,
505 789 583 821 dum
604 785 688 828 apud
714 796 774 818 nos
795 784 948 825 fuissetis,
977 783 1092 817 E'ccle-

150 836 230 870 fiam
244 837 489 881 Anglicanam,
513 836 546 870 &
568 834 723 878 praecipue
745 834 1013 870 Cantuariensem
1037 832 1092 866 bo-

151 886 203 919 nis
215 887 322 925 suis&
346 885 587 931 possessionibus
610 885 813 928 spoliaverit,
839 886 873 918 ἀ
897 894 966 917 eam
989 883 1094 916 fundi-

153 935 206 969 tus
216 936 378 973 destruere
387 946 524 972 conatus
534 935 570 970 fit
583 959 594 979 ‚
622 935 704 970 bene
717 935 809 969 novit
821 933 920 969 vestra
931 933 1093 967 discretio.

1156 681 1264 713 teresse
1276 692 1383 724 praeter
1395 681 1592 726 Magistrum
1616 681 1841 715 Lombardum
1865 682 2024 717 Romanae
2040 684 2101 717 Ec-

1156 730 1256 766 cleliae
1293 730 1563 771 subdiaconum,
1590 742 1686 775 quem
1714 731 1888 766 invenietis
1908 733 1944 766 in
1975 733 2099 767 familia

1158 780 1468 815 DominiSenensis.
1499 780 1571 815 Vos
1581 790 1688 815 autern
1707 782 1788 816 illuc
1807 783 1958 826 perducat
1981 783 2101 818 Domi-

1159 841 1218 864 nus
1229 829 1262 863 in
1276 831 1398 873 Spiritu
1413 833 1446 869 <St
1460 832 1578 865 virtute
1590 832 1716 870 Heliae,
1741 833 1773 865 δε
1785 833 1932 876 gladium
1956 832 2100 868 Phinees

1157 891 1232 914 cum
1243 880 1314 914 zelo
1328 904 1339 920 ‚
1365 891 1461 925 quem
1485 880 1631 922 habetis,
1657 883 1779 926 dirigat
1799 883 2019 918 &roboretin
2031 895 2100 919 ma·

1159 930 1254 965 nibus
1277 930 1386 965 vestris
1401 956 1408 962 .
1436 931 1643 966 Netimeatis
1667 932 1685 965 a
1708 933 1791 967 facie
1813 934 1864 967 vel
1886 934 2103 968 multitudine

150 984 256 1020 Nunc
267 996 376 1022 autem
388 985 427 1019 de
439 996 527 1020 novo
540 986 574 1019 in
586 986 804 1029 ignominiam
818 985 959 1020 nostram
972 1009 981 1024 ,
1011 985 1042 1017 ὅ(
1056 983 1094 1016 ad
1158 980 1332 1015 hominum
1345 1005 1357 1022 ‚
1382 982 1459 1025 quia
1470 982 1575 1024 plures
1586 984 1620 1017 &
1634 983 1783 1017 fortiores
1805 984 1976 1019 nobiscum
1989 985 2062 1018 sunt
2089 1008 2102 1025 ,

148 1034 268 1071 nostrae
283 1036 485 1073 confusionis
496 1046 712 1080 augmentum
723 1058 734 1075 ,
745 1047 798 1079 per
810 1036 926 1068 sedem
940 1034 1096 1072 nostram,

1159 1030 1256 1075 quam
1266 1042 1339 1065 cum
1353 1031 1435 1065 illis.
1464 1033 1582 1066 Scribit
1597 1033 1767 1067 Remenfis
1782 1033 1886 1068 Archi
1896 1051 1911 1058 ·⁴
1923 1035 2105 1080 Episcopus

150 1085 187 1120 ὃ(
198 1097 253 1129 per
264 1097 379 1120 omnes
393 1086 547 1121 Ecclefias
559 1085 669 1131 Regni
682 1086 727 1119 sui
742 1110 753 1125 ‚
776 1097 841 1118 tam
854 1096 988 1129 magnas
999 1084 1095 1125 quim
1159 1093 1216 1125 pro
1235 1083 1329 1116 causa
1344 1081 1449 1115 nostra
1462 1082 1613 1116 Domino
1625 1083 1719 1127 Papae
1730 1109 1740 1125 ,
1769 1085 1954 1128 praecipiens
1977 1085 2103 1118 litteras

149 1134 484 1178 etiam-parviffimas‚
509 1135 578 1169 fieri
603 1138 766 1180 praecepit:
795 1136 916 1169 scilicet
941 1134 1096 1168 interven·

151 1192 188 1217 tu
201 1185 602 1228 Episcoporumconceffit
624 1186 671 1220 eis
693 1187 808 1229 pariter
830 1187 862 1218 ὅ(
879 1182 1060 1218 Abbatibus
1086 1207 1096 1223 ‚

1159 1133 1229 1167 suas
1242 1132 1282 1165 ad
1295 1143 1404 1166 meum
1417 1133 1550 1167 formari
1577 1133 1764 1176 arbitrium,
1791 1134 1984 1177 promittens
2003 1136 2105 1168 etiam

1159 1182 1189 1214 se
1201 1181 1438 1220 neceffitatibus
1451 1183 1586 1224 nostris,
1612 1184 1767 1227 quamdiu
1783 1196 1829 1218 res
1853 1185 1999 1228 exegerit
2013 1209 2023 1223 ‚
2042 1183 2105 1218 ‘ad-

150 1235 184 1268 &
198 1237 380 1272 minoribus
394 1236 531 1270 Clericis
544 1246 598 1279 per
609 1236 749 1282 singulas
763 1233 919 1268 Ecclefias
929 1233 1013 1266 hanc
1025 1233 1094 1265 fieri
1159 1233 1324 1265 futurum.
1355 1232 1501 1265 Viriliter
1512 1234 1600 1277 agite
1612 1235 1716 1276 quaeso
1728 1235 1922 1268 dilectissimi
1937 1234 2078 1268 Domini
2093 1257 2104 1272 ,

149 1295 208 1328 per
220 1285 250 1318 se
261 1286 347 1329 ipsos
356 1287 560 1318 exactionem
574 1308 584 1324 ‚
613 1295 649 1316 ut
659 1295 696 1316 ca
709 1283 791 1317 fasta
807 1308 816 1322 ,
832 1282 990 1325 quidquid
1007 1282 1095 1313 exin-

149 1333 193 1367 de
204 1335 403 1376 perciperent
415 1356 425 1372 ‚
451 1332 555 1366 eidem
570 1331 655 1375 Regi
679 1331 712 1365 &
731 1332 795 1364 suis
807 1330 948 1364 omnino
961 1330 1096 1374 assigna-

149 1391 224 1416 rent
235 1407 243 1414 .
271 1382 424 1419 Praeterea
436 1391 569 1419 nemora
581 1405 592 1421 ‚
619 1382 653 1414 &
666 1381 759 1414 villas
772 1404 782 1420 ‚
809 1381 843 1415 δε
853 1390 966 1414 omnes
979 1379 1096 1423 posses-

149 1431 255 1467 {ioues
268 1432 508 1466 Cantuariensis
520 1431 665 1464 Ecclesiae
678 1429 818 1464 omnino
842 1430 976 1465 destruit
988 1454 998 1469 ‚
1025 1430 1096 1462 alie·

151 1489 210 1515 nat
222 1505 234 1521 ,
258 1482 292 1515 &
303 1481 478 1518 confundit
489 1506 496 1515 .
525 1479 579 1515 Ad
592 1479 657 1513 baec
669 1490 779 1514 autem
793 1479 914 1515 litteras
927 1479 1099 1522 suspensio—

153 1531 207 1565 nis
219 1531 334 1565 nostrae
346 1556 357 1573 ‚
382 1542 460 1574 quas
472 1531 641 1565 Dominus
653 1530 739 1573 Papa
753 1555 763 1570 ,
791 1531 868 1563 sicut
887 1531 917 1563 ei
939 1530 1062 1573 placuit
1090 1553 1100 1569 ,

149 1582 300 1624 quamvis
314 1593 379 1616 non
395 1582 667 1625 promeruerimus
680 1605 691 1622 ,
719 1581 767 1613 illi
791 1580 876 1623 Regi
892 1580 1063 1613 transmisit
1090 1603 1099 1619 ‚

151 1641 207 1675 per
218 1640 325 1667 totum
352 1632 508 1675 Regnum
531 1632 646 1670 suum,
673 1643 733 1664 nec
758 1641 825 1664 non
850 1629 1028 1672 specialiter
1046 1636 1101 1672 per

151 1691 269 1714 omnes
281 1682 456 1720 Ecclefias,
485 1691 551 1714 tam
566 1681 784 1725 parvissimas,
812 1682 910 1725 quim
932 1690 1067 1724 magnas
1085 1699 1102 1718 ¹,

152 1729 283 1774 publice
305 1731 345 1766 ad
367 1731 591 1768 confufionem
611 1730 754 1764 nostram
774 1731 957 1775 divulgavit
974 1753 984 1762 .
1023 1730 1101 1762 Hoc

152 1780 288 1823 quidem
302 1779 392 1814 vobis
414 1781 567 1814 veraciter
588 1780 750 1818 dicimus,
780 1783 867 1823 quod
890 1781 923 1812 &
950 1778 1101 1811 Domino

152 1829 248 1872 Papoe
260 1852 271 1869 ‚
297 1839 418 1873 quanta
441 1829 589 1871 poteritis
599 1827 821 1863 sollicitudine
834 1852 843 1867 ‚
857 1828 902 1862 ·&
916 1827 1030 1860 amicis
1043 1837 1100 1860 no-

151 1878 226 1913 stris
238 1880 417 1913 intimetis.
433 1878 562 1913 Latoris
575 1878 773 1920 praesentium
786 1879 958 1922 negotium
974 1901 985 1917 ‚
998 1888 1102 1920 quan·

153 1928 225 1963 tum
247 1928 368 1972 justitia
387 1930 528 1976 patitur,
555 1939 667 1965 amore
691 1929 757 1964 Dei
780 1929 813 1962 &
834 1929 946 1963 nostro
972 1938 1100 1971 prome·

154 1988 273 2013 vnatis.

293 2077 703 2116 EPISTOLA
805 2078 965 2114 XXIX.

157 2179 298 2223 joannes
337 2179 579 2214 Saresberiensis
605 2178 732 2213 Simoni
769 2175 875 2213 Priori
903 2177 944 2212 de
981 2177 1102 2211 Monte
1153 2207 1155 2211 ⁴

208 2229 297 2273 Dei,
324 2229 358 2265 ὅ(
374 2230 573 2274 Engelberto
595 2227 751 2263 Prioride
772 2228 870 2264 Valle
894 2230 931 2263 Sc
947 2227 1051 2262 Petri.

1157 1281 1190 1314 &
1201 1280 1370 1313 dilationis
1381 1282 1559 1322 periculum
1567 1283 1774 1316 executionis
1796 1284 2002 1318 officiositate
2014 1285 2048 1318 ἃ.
2059 1283 2107 1316 di-

1160 1329 1296 1373 ligentia
1317 1330 1544 1371 compensate,
1570 1339 1606 1362 ut
1627 1340 1679 1372 per
1702 1342 1759 1363 vos
1782 1332 1967 1366 innutescat
1989 1358 1999 1374 ‚
2029 1343 2111 1374 quo·

1161 1379 1248 1414 niam
1261 1379 1422 1423 quidquid
1439 1379 1522 1412 ultra
1544 1391 1643 1423 quam
1669 1381 1811 1420 obtulit,
1838 1383 1856 1415 a
1880 1383 2108 1418 Cantuarienli

1160 1431 1321 1473 exigitur,
1351 1440 1420 1461 non
1434 1429 1537 1461 modo
1551 1429 1719 1471 potestatis
1729 1431 1874 1464 excessus
1883 1427 1951 1472 est,
1978 1433 2029 1465 sed
2045 1434 2109 1475 ple·

1164 1490 1210 1511 nae
1220 1480 1253 1511 ὃς
1268 1479 1368 1519 planae
1380 1478 1583 1512 infidelitatis
1596 1479 1776 1515 indicium:
1802 1481 1857 1516 ubi
1873 1483 1943 1514 sunt
1956 1481 2106 1527 quidam,

1163 1539 1198 1562 ut
1215 1528 1301 1561 scitis
1320 1551 1330 1566 ,
1358 1527 1390 1561 in
1405 1529 1648 1562 excusationem
1661 1529 1786 1564 erronei
1801 1531 1950 1570 consilii,
1979 1543 2107 1575 praetex-

1163 1590 1197 1612 tu
1212 1579 1395 1612 Sand'titatis
1408 1577 1529 1618 vestrae,
1557 1578 1610 1612 sed
1624 1591 1711 1614 nunc
1726 1591 1835 1623 pateat
1858 1593 1899 1615 ex
1915 1584 2109 1625 professione

1164 1628 1306 1662 veritatis
1318 1628 1509 1662 &libertate
1522 1629 1650 1671 spiritus
1661 1654 1669 1668 ,
1685 1629 1774 1673 quod
1789 1635 1954 1674 nunquam
1969 1633 2016 1666 illi
2033 1644 2111 1666 con-

1165 1679 1428 1717 sensistiserrori.
1457 1677 1532 1715 Ubi
1543 1679 1633 1710 enim
1645 1679 1784 1721 Spiritus
1795 1682 1882 1726 Dei,
1909 1682 1954 1715 ibi
1977 1682 2111 1717 libertas

1164 1728 1208 1762 est
1223 1736 1238 1759 .·
1260 1728 1303 1764 Et
1325 1737 1386 1761 nos
1397 1727 1510 1769 procul
1533 1726 1638 1760 dubio
1660 1727 1777 1762 veritas
1797 1725 1964 1764 liberabit.
1992 1730 2113 1769 Valeat

1164 1777 1331 1819 semper&
1352 1777 1598 1818 prosperetur-in
1622 1777 1775 1811 Domino
1795 1780 1955 1824 Sanflitas
1977 1781 2078 1815 vestra
2105 1807 2113 1819 2

1164 1826 1277 1860 Nostri
1290 1826 1544 1870 memorjugiter
1556 1827 1640 1870 apud
1655 1828 1762 1862 Deum
1775 1853 1784 1869 ,
1811 1826 1844 1863 ὃ(
1866 1831 2028 1874 quatenus
2054 1831 2112 1870 ho·

1167 1876 1277 1911 nestati
1290 1875 1425 1921 expedit
1435 1899 1445 1915 ,
1470 1876 1555 1924 apud
1567 1875 1736 1912 homines.

1309 1977 1725 2015 EPISTOLA
1829 1979 1961 2016 XXX.

1217 2079 1411 2124 ,Alexander
1437 2081 1526 2125 Papa
1551 2079 1693 2130 universis
1724 2080 1881 2125 Episcopis
1909 2085 2046 2129 Angliae.

1256 2178 1293 2212 D
1317 2176 1674 2216 audientiamnostram
1687 2183 1859 2219 communi
1871 2185 1959 2219 fama
1971 2187 2110 2221 referen-

1281 2237 1335 2267 te,
1362 2229 1394 2262 &
1417 2231 1599 2267 multorum
1620 2234 1721 2267 etiam
1739 2234 1899 2269 relatione
1923 2236 2070 2281 pervenit
2096 2262 2108 2278 ‚

1154 2277 1253 2320 iquod
1275 2277 1347 2320 post
1369 2278 1545 2315 instantem
1569 2282 1816 2324 turbationem,
1845 2294 1916 2327 quae
1938 2285 2025 2319 inter
2036 2285 2110 2320 cha-

159 2329 387 2364 rem-rabilibus
409 2334 549 2363 Dominis
583 2332 618 2364 Θ
639 2334 748 2364 Amici-s
769 2355 779 2371 ,
804 2332 918 2363 simoni
942 2330 1041 2361 Prion·
1055 2328 1104 2362 =de
1124 2361 1126 2370 ἶ
1164 2326 1320 2362 riffitnum
1332 2328 1366 2361 in
1380 2327 1513 2363 Christo
1535 2330 1640 2365 filium
1663 2333 1810 2367 nostrum
1830 2333 2013 2369 Henricum
2034 2337 2109 2371 lllu-

207 2382 307 2413 Mome
326 2384 381 2414 Dei
405 2402 416 2418 ,
441 2381 475 2413 ἐν·
506 2381 686 2425 Engelberto
708 2381 744 2414 de
766 2380 855 2414 rane
874 2378 1015 2413 sJPem
1040 2402 1051 2419 ,
1124 2374 1126 2378 '
1164 2376 1464 2422 stremAnglorum
1478 2379 1604 2424 Regem
1628 2405 1639 2421 ,
1666 2382 1700 2415 ὅ(
1723 2384 1937 2417 venerabilem
1958 2386 2104 2420 Fratrem

254 2427 328 2472 suus
349 2433 492 2475 Joannes
512 2431 550 2463 de
569 2430 763 2470 saresberia,
785 2428 940 2473 salutem,
968 2430 1002 2462 <tr
1166 2429 1314 2462 nostrum
1334 2426 1505 2462 ‘rhomam
1538 2430 1807 2463 Cantuariensem
1839 2433 2109 2476 Archi-Episco.

407 2484 441 2511 in
460 2478 549 2524 causa
574 2482 632 2513 Det
650 2471 840 2523 prosperari.
1123 2475 1127 2531 Ἰ
1167 2488 1267 2522 pum,
1292 2478 1671 2522 exigentibuspeccatis‚
1697 2480 1842 2521 emerfit,
1873 2482 2017 2524 quaedam
2040 2489 2117 2527 pra-'

1168 2540 1205 2563 va
1237 2529 1443 2562 consuetudo
1471 2529 1507 2561 in
1529 2528 1597 2561 illis
1627 2528 1771 2571 partibus
1792 2531 1956 2573 inolevit,
1983 2534 2111 2569 scilicet·

231 2577 393 2615 oTEsT
406 2578 509 2612 vestra
520 2579 703 2613 meminisse
714 2579 873 2614 discretio
884 2604 895 2620 ,
920 2577 1009 2622 quod
1023 2588 1099 2610 nun·
1126 2578 1128 2585 ¹
1167 2578 1258 2623 quod·
1275 2579 1349 2613 laici
1364 2577 1567 2617 Ecclesiam&
1581 2578 1802 2614 Ecclefiastica
1812 2580 1967 2617 beneficia
1979 2576 2110 2619 soleant*

160 2577 227 2666 P
256 2630 353 2674 quam
375 2629 420 2662 D.
446 2628 669 2662 Cautuarienfi
681 2628 824 2670 placuit,
852 2640 888 2662 ut
914 2627 1100 2671 Apostolici
1125 2618 1130 2678 1
1165 2630 1277 2674 paffim
1298 2630 1331 2662 in
1346 2628 1466 2671 Regno
1480 2627 1668 2672 Anglorum
1680 2630 1798 2674 quibus
1810 2632 1929 2666 vellent
1944 2635 2104 2675 conferre,

160 2680 308 2714 mandati
329 2679 409 2712 fines
432 2678 550 2720 exequi
577 2678 748 2712 differretis
764 2702 771 2709 .
800 2677 978 2721 Aequievit
989 2687 1101 2712 tamen
1125 2680 1130 2728 l
1156 2678 1408 2714 &authoritate
1434 2676 1487 2711 sua
1508 2678 1657 2713 Clericos
1676 2679 1827 2714 investire
1849 2708 1855 2714 .
1886 2682 1993 2718 Unde
2015 2695 2103 2728 quo-

160 2725 267 2764 Fratri
277 2729 444 2763 Bernardo
467 2729 623 2763 successus
646 2726 807 2762 feliciores
827 2728 1057 2772 promittenti,
1080 2727 1106 2760 si
1126 2729 1129 2763 3
1155 2730 1252 2773 ¹,niam
1274 2728 1307 2762 id
1336 2728 1525 2772 Sanffotum
1561 2723 1695 2764 Parrum
1727 2731 1988 2766 institutionibus
2017 2734 2102 2768 adeo

161 2781 309 2824 usquein
319 2779 406 2817 aliud
419 2779 622 2823 colloquium
634 2778 835 2812 deliberandi
846 2776 1101 2822 spatiamindul‘·
1154 2776 1373 2825 {cognoscitur
1392 2778 1555 2813 contraire
1571 2801 1582 2818 ‚
1617 2790 1655 2812 ut.
1682 2780 1773 2814 danti
1797 2782 1832 2815 ὃς
1862 2783 2034 2825 accipienti
2061 2783 2102 2817 de

161 2840 304 2874 geretur.
329 2828 862 2867 Pollice-baturenim-ferocitatem
889 2826 1035 2862 hominis
1056 2827 1100 2860 in·
1125 2866 1128 2872 ¹
1154 2840 1260 2863 mauu
1282 2828 1382 2862 Laica
1404 2828 1443 2862 fit
1469 2827 1644 2863 anathema
1663 2854 1674 2871 ,
1702 2831 1734 2865 ὄε
1758 2830 1823 2865 hoc
1849 2833 2099 2867 in2Ecclefiasti-

162 2882 258 2914 terim
271 2882 306 2914 in
328 2879 612 2914 mansuetudinem
632 2879 888 2912 convertendam
907 2903 915 2911 .
942 2878 1005 2913 Sed
1026 2886 1101 2911 ecee
1126 2882 1129 2909 ‘e
1163 2890 1206 2915 cae
1226 2878 1382 2912 libertatis
1406 2878 1583 2922 perniciem
1617 2891 1685 2914 non
1713 2881 1757 2914 est
1783 2881 1919 2916 dubium
1957 2885 2097 2928 graviter

163 2941 204 2964 ex
214 2930 328 2964 litteris
339 2941 417 2975 quas
429 2940 529 2974 nuper
542 2931 650 2974 accepi
666 2954 675 2969 ‚
687 2929 759 2963 luce
771 2929 888 2963 clarius
901 2938 987 2972 patet
999 2951 1011 2968 ,
1023 2927 1099 2970 quia
1156 2928 1340 2974 Jredundare
1351 2952 1362 2969 ,
1388 2940 1448 2963 uos
1473 2930 1633 2963 universas
1671 2931 1868 2967 donationes
1887 2934 1905 2967 a
1927 2933 2034 2966 Laicis
2055 2934 2097 2967 de

164 2981 198 3013 &
213 2980 350 3023 Legatio
361 2981 500 3014 Domini
515 2980 718 3014 Pistaviensis
732 2978 954 3023 procuraoeest
967 2978 1002 3012 in
1020 2977 1100 3011 frau—
1166 2979 1314 3013 Ecclefiis
1334 2978 1531 3022 quibuslibet
1557 2979 1628 3014 hoc
1649 2981 1841 3017 turbationis
1862 2993 2006 3025 tempore
2028 2983 2097 3027 qui-

163 3029 236 3063 dem
250 3029 394 3063 Ecclesiae
405 3030 581 3064 &vestram
593 3054 603 3070 ‚
626 3030 659 3064 &z
671 3031 796 3063 utinam
810 3030 872 3072 ipsa
885 3028 1017 3074 dilestio
1031 3038 1097 3062 non
1155 3028 1362 3074 tbul‘cutnque
1383 3030 1483 3064 &stas
1501 3029 1700 3065 authoritate
1723 3031 1810 3066 Beati
1834 3033 1920 3066 Petri
1935 3044 1971 3066 ac
1988 3034 2094 3067 nostra

165 3079 318 3114 habuerit
341 3080 473 3122 dolum.
498 3079 588 3114 Nam
610 3077 674 3113 hoc
695 3080 741 3113 rei
764 3081 868 3113 exitus
891 3079 1066 3113 declarabit
1092 3111 1099 3119 ,
1155 3075 1301 3129 ξοωηὶηό
1320 3080 1496 3121 cassamus,
1524 3081 1557 3115 ἀ
1573 3082 1677 3114 irritas
1687 3081 1749 3115 effe
1761 3082 1980 3117 decernimus.
2009 3084 2108 3128 Qa·'

163 3131 255 3164 Dum
269 3141 329 3164 nos
339 3129 522 3174 promissam
532 3131 753 3172 exspestamns
770 3130 1051 3164 mansuetudinem
1082 3152 1094 3167 ,
1126 3154 1127 3157 ,
1162 3132 1292 3173 propter
1314 3128 1530 3165 Univerfitati
1548 3131 1654 3164 vestrae
1675 3143 1731 3174 per
1751 3134 1940 3176 Apostolica
1970 3134 2099 3174 Scripta-

165 3180 222 3213 ille
241 3181 398 3214 sollicitus
410 3179 477 3224 agit
492 3203 502 3219 ‚
529 3179 699 3223 quomodo
709 3178 866 3215 honorem
879 3179 1101 3216 Deisubruat,
1153 3175 1375 3223 lpraecipiendo
1396 3182 1589 3214 mandamus
1611 3202 1622 3218 ‚
1646 3182 1678 3215 ὅ(
1699 3184 1732 3215 in
1757 3185 1875 3216 virtute
1897 3182 2107 3215 obedientiar-

165 3230 316 3263 &totam
336 3230 496 3263 subvertat
513 3229 867 3266 Ecclefiaelibertatem.
895 3228 1023 3277 Quidni
1047 3228 1099 3261 sa..
1125 3227 1128 3231 ’
1153 3226 1384 3275 iinjungimus,
1411 3229 1570 3273 quatenus
1594 3232 1758 3265 universos
1777 3234 1869 3271 illos,
1896 3232 1949 3274 qui
1983 3232 2091 3265 Eccle-

166 3291 253 3313 ceret
267 3280 290 3302 ³*
310 3280 541 3323 Exploraverat
554 3277 782 3322 viresnostras,
808 3281 1026 3324 &iniquitate
1047 3280 1101 3311 sua
1162 3281 1243 3321 sias,
1270 3279 1449 3323 praebendas
1465 3304 1476 3319 ,
1505 3279 1556 3313 vel
1593 3281 1656 3314 alia
1687 3283 1902 3314 Ecclefiastica
1925 3281 2090 3315 Beneficia

169 3341 239 3364 non
250 3329 327 3363 dico
339 3340 496 3364 meruerat
508 3354 519 3369 ‚
544 3331 701 3370 quoniam
714 3331 829 3366 falsum
841 3333 884 3365 est
898 3356 907 3371 ,
937 3330 988 3363 sed
1002 3328 1101 3362 subri-
1162 3330 1357 3372 ubicumque
1379 3339 1434 3371 per
1455 3328 1612 3374 Angliam
1625 3329 1666 3364 de
1684 3341 1780 3364 manu
1793 3330 1910 3369 Laica,
1937 3332 1970 3364 ὅ(
1994 3331 2093 3364 maxi—

167 3390 278 3423 puerat
290 3380 432 3413 favorem
445 3381 614 3413 omnium.
643 3380 773 3421 Etille,
799 3382 855 3424 qui
879 3381 963 3415 solus
987 3380 1020 3413 in
1034 3389 1103 3412 tan·
1163 3379 1214 3413 me
1226 3380 1319 3421 hujus
1342 3377 1537 3413 turbationis
1548 3390 1691 3421 tempore
1702 3380 1923 3422 susceperunt,
1951 3380 2089 3424 diligen—

165 3429 414 3466 taedifficultatis
425 3430 562 3464 articulo
575 3428 733 3465 honorem
751 3431 817 3466 Dei
825 3434 922 3468 ausus
940 3431 983 3465 est
1000 3439 1104 3475 prote·
1165 3430 1228 3464 tius
1238 3429 1395 3462 moneatis
1407 3452 1417 3469 ‚
1432 3428 1463 3462 &
1476 3430 1650 3463 instantius
1666 3428 1828 3463 exhortari
1840 3431 1955 3464 curetis
1970 3455 1978 3468 ‚
2004 3429 2091 3472 quod

520 3483 541 3503 θ
1945 3481 2052 3513 Eccle-
