2358 3776
548 106 594 153 s.
624 61 920 150 monn
953 94 1356 147 CANTUAR.
1391 98 1540 145 ΜΒ,
1588 103 1645 147 v.

121 192 226 228 Archi
242 186 422 237 &Episcopi
444 190 636 237 gravamine
670 186 830 224 abstinere
847 211 860 228 ‚
896 184 1002 219 donec
1025 185 1065 220 ad

121 243 237 278 Sedem
253 244 282 277 A
287 244 483 288 postolicarn
493 241 534 276 de
551 251 644 275 tanto
655 237 847 274 satisfacturi
868 236 995 271 excessu
1006 247 1062 269 ac-

121 293 243 328 cedatis
255 319 266 335 ,
293 290 352 328 nisi
366 304 419 337 per
437 293 604 335 praefatum
615 289 735 324 Archi-
753 288 950 332 Episcopum
971 286 1065 320 stete·

120 338 176 378 r‘it.
205 344 238 378 Si
253 345 331 379 vero
343 346 389 378 ita
401 343 511 376 eidem
525 340 627 375 Archi
643 358 653 367 ·
665 339 830 383 Episcopo
840 360 848 370 .

172 394 210 428 In
221 394 363 428 eundem
377 392 515 428 modum
528 390 719 426 Eboracensi
734 386 838 422 Archi
848 404 860 411 -
873 385 1036 430 Episcopo
1050 411 1059 425 ,

122 454 234 488 praeter
257 444 354 489 quam
378 444 418 477 de
440 442 642 476 relaxatione

120 494 178 530 sibi
198 495 336 530 reservat
359 493 527 528 Dominus
540 492 627 535 Papa
640 514 649 522 .

294 589 710 629 EPISTOLA
786 585 915 621 Lxx.

128 693 282 730 Thomas
303 692 548 730 Cantuariensis
579 685 896 731 Archi-Episcopus
929 685 1064 721 Dileciae

352 745 372 759 Χ
421 742 510 777 Filiae
531 741 591 775 suae
604 738 753 773 Idonea:-

122 842 252 877 Tbomaes
279 847 338 878 De}
347 848 453 888 gratia
473 836 694 880 cantuariensis
729 836 817 870 Archi·
829 853 845 860 -·
858 835 1024 880 Eptftopus
1050 860 1061 878 ,

171 895 206 929 6·
220 896 306 927 sedis
331 892 496 935 apostolicae
513 893 664 934 Legarus‚
695 887 817 921 Dilei‘lae
832 888 925 920 Filia
946 884 1011 930 [ιιι

220 946 340 979 Idoneae
359 940 506 984 salutem,
532 942 566 974 ό·
583 938 827 983 perseverantem
849 942 883 968 in
897 941 959 970 vir·

262 1001 327 1027 tute
338 993 513 1026 obedientie
523 989 690 1031 &justitia
698 989 764 1022 zela
772 993 914 1032 vigorem.

154 1090 354 1126 NFIRMA
382 1089 499 1125 mundi
508 1088 607 1135 elegit
621 1089 712 1124 Deus
725 1113 740 1130 ,,
762 1097 798 1123 ut
811 1087 908 1122 fortia
926 1085 1061 1121 debella·
1083 1059 1085 1062 >

188 1151 236 1175 ret
247 1167 259 1183 ,
286 1142 619 1184 intumescentemque
630 1151 746 1174 contra
759 1139 871 1173 Deum
887 1137 1056 1171 audaciam

193 1191 388 1226 Holofernis
397 1215 412 1232 ‚
436 1192 511 1225 viris
522 1189 749 1225 deficientibus
758 1211 773 1228 2
795 1187 942 1222 Ducibus
951 1187 1057 1221 exani-

117 1242 213 1275 matis
226 1266 238 1282 ,
262 1243 299 1277 ὃς
319 1241 551 1277 Sacerdotibus
571 1240 635 1274 fere
657 1236 875 1273 deserentibus
894 1236 1019 1280 Legem

117 1290 250 1333 feminae
262 1293 363 1325 virtus
372 1290 528 1325 exstinxit
544 1314 552 1322 .
577 1289 695 1322 Hester
710 1289 811 1320 elesta
830 1287 894 1323 est,
920 1295 956 1318 ut
975 1296 1054 1318 exu-

118 1339 220 1374 lantis
229 1342 263 1375 δε
272 1341 499 1375 condemnatae
510 1337 660 1370 Ecclesiae
676 1335 810 1368 salutem
833 1343 1013 1377 procuraret
1041 1358 1052 1374 ‚

117 1389 334 1423 titubantibus
347 1387 542 1431 Apostolis,
568 1383 771 1430 fugientibus
784 1407 796 1424 ,
820 1385 854 1417 ὅ(
876 1382 965 1425 quod
989 1394 1051 1417 ma-

114 1438 167 1482 gis
180 1439 249 1479 est,
274 1439 309 1472 in
322 1437 489 1480 perfidiam
502 1436 615 1477 lapsis,
643 1433 829 1467 Dominum
848 1431 981 1476 passioni
1002 1433 1052 1466 ad-

115 1487 240 1522 dictum
251 1488 425 1531 prosecutae
439 1487 512 1518 sunt
522 1483 671 1518 mulieres
681 1507 693 1523 ,
719 1485 753 1518 &
772 1483 864 1527 quod
885 1482 1053 1525 amplioris

117 1538 164 1571 est
179 1537 255 1571 fidei
277 1536 510 1575 manifestum,
533 1535 632 1568 etiam
656 1543 787 1567 mortuo
809 1532 969 1566 obsecuti:
990 1544 1052 1566 me-

115 1594 248 1621 ruerunt
259 1585 466 1631 Angelorum
485 1583 553 1619 visu
569 1585 602 1618 &
624 1584 770 1627 alloquio
786 1581 987 1622 confortari,
1019 1583 1052 1617 &

114 1635 477 1680 percipereDominicae
501 1634 744 1668 resurrectionis
764 1633 946 1677 primitias,
967 1633 1001 1666 δε
1014 1634 1052 1666 la·

116 1687 265 1721 tentibus
278 1687 449 1730 Apostolis.
470 1685 504 1719 &
522 1683 587 1718 fere
607 1684 830 1728 desperatione
851 1682 1016 1716 submersis
1043 1707 1053 1723 ‚

115 1736 350 1779 Redemptoris
359 1735 541 1781 gloriam&
555 1734 723 1778 Evangelii
738 1729 1051 1778 gratiamnunciare.

115 1786 289 1828 speramus
297 1796 409 1819 autem
420 1796 452 1818 te
466 1786 499 1818 in
513 1785 641 1817 illarum
653 1784 729 1816 Deo
741 1782 879 1816 authore
901 1782 1050 1814 transitu-

115 1846 186 1869 ram
195 1835 259 1870 esse
269 1834 473 1868 consortium
484 1855 498 1871 ,
519 1841 658 1873 quarum
669 1830 793 1865 Christi
805 1830 881 1863 zelo
903 1830 1051 1864 succensa

117 1883 335 1929 apprehendis
346 1882 534 1926 exemplum
543 1882 633 1926 :quia
646 1880 783 1924 Spiritus
794 1878 963 1914 eharitatis
977 1904 987 1920 ,
995 1878 1051 1922 qui

116 1934 136 1968 a
148 1935 250 1970 corde
261 1937 321 1969 tu'o
332 1934 487 1969 timorem
496 1933 621 1974 expulit
635 1955 649 1971 ,
674 1941 728 1973 per
739 1931 875 1974 gratiam
899 1929 987 1962 suam
1009 1929 1050 1962 fa-

115 1984 182 2019 ciet
191 2009 204 2026 ,
230 1994 266 2019 ut
278 1985 340 2018 tibi
354 2008 367 2024 ,
392 1983 468 2016 licet
477 1983 578 2016 ardua
589 1979 758 2014 videantur
770 2003 785 2019 ,
807 1988 879 2021 quae
890 1977 1052 2012 necessitas

117 2033 267 2068 Ecclesia:
278 2034 347 2067 fieri
360 2030 608 2067 constantius&
636 2028 811 2063 instantius
829 2027 954 2072 exigit,
983 2039 1049 2061 non

117 2083 222 2118 mode
233 2083 392 2126 poffibilia
405 2105 416 2122 ‚
444 2080 494 2114 sed
508 2080 617 2115 facilia
636 2080 697 2113 sint
720 2078 864 2113 credenti
877 2102 886 2111 .
913 2077 990 2111 Hac
1007 2089 1050 2111 er-

117 2143 164 2178 go
175 2131 216 2167 de
227 2132 352 2167 scrvore
362 2157 375 2173 ,
398 2130 495 2174 quem
510 2130 606 2164 habes
618 2130 652 2163 in
665 2130 816 2163 Domino
829 2152 840 2168 ,
868 2128 923 2171 spe
935 2137 1051 2162 conce-

119 2194 174 2226 pta
185 2206 196 2222 ,
225 2181 286 2216 tibi
298 2181 489 2216 mandamus
500 2203 512 2218 ‚
522 2180 598 2214 &in
611 2178 827 2213 remissionem
844 2182 1051 2221 ’peccatorum

118 2232 324 2276 injungimus
334 2255 346 2271 ,
369 2230 528 2274 quatenus
538 2229 660 2263 litteras
672 2229 810 2262 Domini
826 2227 919 2271 Papae
934 2251 946 2267 ,
971 2238 1049 2271 quas

118 2282 182 2316 tibi
202 2282 363 2315 mittimus
383 2304 394 2320 ,
433 2278 608 2313 venerabili
632 2279 735 2312 Fratri
762 2277 872 2312 nostro
907 2277 1052 2322 Rogerio

120 2330 313 2365 Eboracensi
328 2328 430 2364 Archi
442 2348 451 2355 -
465 2330 628 2372 Episcopo
638 2328 743 2363 tradas
753 2353 766 2368 ,
790 2328 812 2361 si
827 2327 893 2361 fieri
908 2328 1010 2369 potest
1040 2352 1051 2367 ,

119 2431 279 2466 autfieos
297 2430 464 2473 praesentes
487 2428 604 2463 babere
628 2427 834 2471 nequiveris,
859 2426 923 2460 hoc
947 2428 1052 2470 ipsum

117 2480 215 2514 facias
225 2479 258 2513 in
271 2479 431 2522 praesentia
443 2488 580 2518 eorum,
607 2488 692 2521 quos
715 2477 817 2511 adesse
839 2476 1018 2519 contigerit
1044 2501 1051 2508 .

118 2530 164 2564 Et
178 2541 218 2562 ne
228 2529 390 2573 originale
402 2530 553 2570 scriptum
566 2528 659 2570 possit
671 2527 778 2570 aliqua
791 2527 1055 2571 tergiversatione

120 2578 298 2623 supprimi,
323 2577 549 2620 transcriptum
564 2577 632 2618 ejus
654 2577 827 2620 legendum
850 2577 1054 2610 circumstan-

119 2630 206 2670 tibus
216 2627 342 2667 tradas,
367 2628 401 2660 &
423 2627 491 2666 eis,
516 2637 610 2669 prout
637 2625 762 2668 plenius
781 2636 812 2658 te
836 2627 987 2659 Nuncius
1009 2627 1054 2659 in·

121 2675 243 2719 struet,
265 2675 408 2710 mentem
420 2675 748 2720 aperiaslitterarum.
778 2674 993 2715 Laborituo,
1020 2676 1044 2708 fi

122 2728 167 2763 lia
186 2752 199 2769 ,
224 2727 390 2772 praernium
406 2725 527 2771 grande
536 2725 726 2768 proponitur
748 2724 887 2757 remissio
912 2736 1056 2767 peccato-

122 2789 216 2819 rum,
240 2778 362 2812 frustus
385 2775 654 2810 immarcessibilis
677 2799 690 2816 ,
712 2775 745 2808 &
765 2784 888 2807 corona
910 2776 1020 2819 gloriae
1046 2799 1057 2815 ,

122 2839 221 2873 quam
241 2827 372 2861 tandem
401 2826 503 2860 Beatae
529 2825 720 2868 peccatrices
739 2849 748 2864 ,
776 2824 975 2868 Magdalena
1010 2826 1044 2859 δε

124 2876 325 2921 AEgyptiaca
337 2875 567 2910 deletistotius
581 2876 730 2909 anteastae
744 2874 817 2908 vitae
837 2875 972 2908 maculis
997 2900 1009 2916 ,
1038 2876 1056 2909 a

123 2925 257 2961 Christo
277 2928 429 2961 Domino
448 2935 636 2969 receperunt
651 2950 658 2957 .
686 2924 799 2957 Aderit
823 2924 884 2958 tibi
907 2924 1056 2970 magistra

122 2975 369 3016 misericordiae,
394 2975 537 3015 Filium,
562 2986 659 3019 quem
672 2986 730 3018 pro
742 2973 856 3008 mundi
870 2974 971 3009 salute
991 2975 1057 3010 edi-

124 3027 193 3067 dit,
219 3025 558 3060 Deum&hominem
580 3035 749 3070 rogatura,
778 3035 812 3057 ut
835 3024 884 3058 tui
897 3025 931 3059 sit
949 3025 1017 3059 dux
1048 3050 1060 3066 ,

123 3085 256 3115 eomes,
283 3076 480 3117 &patronus
491 3075 635 3109 itineris.
665 3076 706 3109 Et
717 3075 772 3118 qui
787 3075 1054 3110 inferniclaustra

122 3124 311 3169 dirumpens
324 3126 515 3167 Demonum
542 3125 695 3159 contrivit
720 3123 932 3169 potestatem,
960 3126 1057 3160 licen-

125 3175 204 3209 tiam
215 3177 408 3209 coarctavit:
437 3185 478 3207 ne
489 3173 548 3207 tibi
564 3185 677 3208 nocere
692 3175 817 3209 valeant
841 3185 957 3209 manus
971 3174 1058 3210 cohi·

126 3225 199 3258 beat
211 3226 404 3268 impiorum.
435 3222 518 3256 Vale
531 3224 652 3266 Sponsa
666 3224 787 3260 Christi
799 3247 810 3264 ,
834 3226 868 3258 &
880 3236 956 3259 eum
972 3226 1060 3271 cogi·

127 3283 175 3310 tes
185 3275 306 3318 semper
320 3275 382 3310 esse
392 3274 592 3320 praesentem.

1106 1181 1252 1219 *dientiae
1275 1187 1492 1229 praecipimus,
1518 1198 1678 1231 quatenus
1701 1190 1844 1231 litteras,
1870 1202 1948 1234 quas
1974 1191 2061 1224 Ebo-

1045 1258 1060 1273 ,,
1175 1246 1194 1268 e
1256 1235 1381 1269 Archi·
1398 1236 1601 1279 Episcopo&
1619 1238 1788 1282 Episcopis
1802 1240 1935 1285 Angliae
1947 1240 2059 1285 dirigi-

119 2380 331 2426 praesentibus
360 2378 547 2419 Fratribus,
571 2379 605 2412 &
626 2378 699 2412 Co·
714 2376 883 2421 Episcopis
899 2377 1017 2410 nostris
1042 2389 1052 2420 3
1160 2377 1258 2409 bei
1298 2376 1495 2409 commercia
1509 2401 1520 2417 ,
1544 2379 1576 2411 ἀ
1599 2380 1873 2414 intermeantibus
1898 2383 1938 2416 de
1959 2394 2062 2427 gentev

1914 124 2009 172 357

1266 229 1679 267 EPISTOLA
1776 241 1946 280 LXXI,

1130 333 1298 368 Alexander
1313 334 1402 374 Papa
1415 334 1544 367 Retrodo
1555 332 1779 379 Rotbomagensf
1787 343 1873 376 heb,
1884 362 1895 370 ,
1908 327 2062 391 Ep'fiopo·

682 436 891 482 suspensionis
914 460 926 477 ‚
965 446 1065 479 quam
1130 432 1254 518 CU
1283 434 1323 468 M
1357 433 1420 476 hi,
1468 433 1731 479 quisupeiiorem
1768 437 1921 475 obtinent
1957 444 2070 491 digni⁸
2114 456 2117 458 .

1239 494 1360 525 tatem,
1388 485 1434 518 ita
1453 485 1582 518 virtutis
1602 486 1636 519 <Sc
1663 485 1737 520 fidei
1766 488 1885 524 robore
1911 491 2063 531 deberent

1113 535 1243 578 *muniri
1258 559 1268 575 ,
1294 545 1330 569 ut
1343 545 1401 578 pro
1411 534 1533 577 justitia
1544 536 1577 569 ὅ(
1589 547 1647 578 pro
1662 536 1884 574 Ecclesiastica
1915 540 2066 579 libertate

1126 586 1245 619 tuenda
1258 587 1288 619 se
1300 586 1385 628 ipsos
1397 584 1687 630 inexpugnabilem
1701 599 1829 624 murum
1843 600 2061 634 opponerent,

1125 634 1274 669 dolemus
1286 634 1483 674 admodum,
1511 634 1600 679 quod
1613 636 1684 678 plus
1696 638 1729 671 in
1744 639 1912 683 Episcopis
1926 640 2059 686 Angliae

1125 687 1241 718 terreni
1256 684 1418 728 Principis
1432 687 1610 720 reverentia
1623 709 1637 726 „
1659 687 1756 731 quam
1772 688 1974 725 Pontificalis
1996 691 2062 726 ho-

1126 746 1186 769 nor
1197 735 1297 768 valuit
1311 735 1483 778 dignitatis
1495 760 1502 767 .
1530 735 1609 780 Ipsi,
1638 748 1705 771 non
1719 738 1822 772 solum
1847 741 2064 776 consuetudi-

1126 795 1202 823 nes,
1229 796 1307 828 quas
1332 785 1405 819 Rex
1428 786 1475 819 eis
1495 787 1664 830 proposuit
1687 787 1920 824 Ecclesiasticae
1938 792 2060 826 rationi

1108 867 1109 871 ,
1124 830 1304 869 contrarias
1315 859 1326 875 ‚
1350 835 1533 877 juraverunt
1544 861 1555 877 ,
1571 837 1620 871 sed
1633 837 1731 871 etiam
1745 838 1832 873 Filio
1845 841 1914 884 ejus
1926 865 1935 881 ,
1964 843 1996 875 in
2009 842 2064 876 de·

1107 875 1317 934 lpreffionem
1334 886 1505 929 dignitatis
1525 887 1559 920 δε
1579 887 1707 930 iustitiae
1728 891 1920 925 venerabilis
1936 892 2057 926 Fratris

1106 939 1110 992 1
1126 936 1224 968 nostri
1236 934 1380 969 Thomae
1392 935 1633 970 Cantuarienfis
1647 937 1749 971 Archi
1762 954 1771 963 ·
1788 940 1988 984 Episcopi&
2002 942 2063 976 Ec·

1107 986 1224 1048 jelefiae
1238 987 1295 1018 suae
1306 1009 1321 1025 „
1344 997 1501 1019 coronam
1524 986 1764 1030 imposuerunt.
1793 990 1881 1038 Qia
1896 994 1973 1026 vero
1994 1002 2062 1026 tam

1106 1072 1109 1083 .
1124 1046 1254 1080 gravem
1266 1035 1299 1068 &
1311 1046 1478 1069 enormem
1493 1038 1657 1071 excessum
1669 1050 1727 1072 nec
1742 1041 1908 1082 possumus
1930 1053 1991 1076 nec
2005 1041 2063 1076 de·

1106 1084 1658 1135 }bemusrelinquereimpunitum,
1684 1089 1893 1125 Fraternitati
1918 1103 1979 1126 tuae
2002 1103 2058 1135 per

1106 1136 1317 1180 {Apostolica
1338 1137 1451 1179 scripta
1487 1138 1700 1179 mandamus,
1727 1140 1761 1173 &
1782 1141 1815 1174 in
1840 1142 1959 1176 virtute
1983 1141 2061 1176 obe-

1122 1293 1213 1323 mus,
1241 1295 1295 1326 per
1306 1286 1477 1318 Nuncium
1501 1296 1620 1323 tuum,
1648 1288 1821 1329 postposita
1846 1292 2019 1324 occasione
2046 1314 2058 1330 ,

1122 1333 1341 1371 transmittas,
1369 1333 1401 1366 δι
1425 1332 1522 1366 facias
1547 1332 1719 1378 affignai·i.¹
1745 1335 1920 1379 Praeterea,
1947 1349 2057 1373 utrum

1123 1381 1348 1424 Bajocenfis&
1363 1382 1519 1426 Sagii-niis
1545 1384 1696 1426 Episcopi
1719 1388 1931 1421 coronationi
1955 1400 2055 1432 quam

1121 1432 1284 1471 diximus,
1312 1433 1537 1471 interfuerint,
1563 1432 1737 1475 diligenter
1759 1435 1902 1478 inquiras
1919 1462 1926 1468 .
1966 1439 2009 1470 Et
2030 1437 2054 1471 fi

1120 1493 1176 1515 eos
1187 1481 1363 1515 interfuisse
1374 1483 1525 1523 repereris
1535 1505 1544 1520 ‚
1572 1480 1666 1514 nobis
1678 1482 1760 1516 utin
1772 1496 1828 1518 eos
1837 1486 2054 1527 vindicemus,

1120 1530 1297 1575 significes.
1324 1531 1404 1565 Sane
1419 1530 1600 1574 praediuum
1613 1533 1817 1576 sagiensem,
1843 1536 1898 1578 qui
1913 1538 2056 1571 ministe-

1120 1581 1170 1614 rio
1181 1582 1245 1615 Dei
1259 1580 1405 1625 neglecto
1417 1582 1571 1624 tanquam
1583 1581 1724 1616 Curialis
1744 1584 1845 1618 fatfius
1878 1586 1943 1625 est,'
1969 1588 2053 1622 sicut

1119 1630 1259 1671 dicitur,
1286 1631 1492 1665 Rusticorum
1507 1631 1684 1672 spoliator,
1711 1633 1910 1670 &scelerum
1925 1638 2015 1671 ultor
2041 1663 2052 1677 .,

1119 1681 1140 1713 si
1156 1681 1200 1714 ita
1224 1682 1292 1722 est,
1316 1680 1367 1714 vel
1393 1679 1573 1713 ministerio
1596 1680 1705 1724 Regio
1727 1706 1737 1721 ,
1764 1695 1818 1716 aut
1844 1678 2055 1728 Episcopatui

1118 1729 1350 1764 abrenunciare
1359 1729 1554 1771 compellas.
1572 1730 1707 1763 sienim
1723 1731 1871 1767 Curiales
1884 1736 2056 1777 prohiben-

1118 1789 1170 1812 tur
1179 1779 1219 1812 ad
1234 1781 1339 1812 sacros
1348 1778 1478 1812 ordines
1495 1779 1702 1821 promoveri,
1725 1783 1831 1815 multo
1845 1784 1972 1826 minus,
1999 1786 2058 1829 qui

1118 1829 1192 1862 sunt
1214 1830 1248 1862 in
1270 1828 1365 1862 sacris
1381 1826 1553 1862 ordinibus
1574 1828 1769 1872 constituti,
1796 1833 1883 1867 inter
1907 1834 2068 1871 Curiales

1117 1877 1364 1913 debentasi'nmi
1384 1903 1390 1909 .

1240 1976 1650 2012 EPISTOLA
1742 1981 1937 2020 LXXII.

1111 2080 1142 2122 J
1145 2088 1252 2111 oannes
1270 2076 1491 2119 saresberienfis
1507 2081 1593 2111 Petro
1605 2078 1715 2113 Abbati
1727 2081 1828 2115 San&
1856 2085 1984 2128 Remigii
2001 2089 2061 2119 Do-

1217 2125 1356 2170 minusue
1375 2134 1458 2161 um‘co
1476 2132 1508 2175 J
1511 2140 1621 2162 oannes
1636 2155 1643 2161 .
1660 2152 1681 2162 -.
1699 2155 1722 2163 ..
1749 2133 1901 2176 salutem,
1929 2137 1963 2168 (5

1367 2177 1518 2222 utriusque
1546 2184 1620 2213 vitae
1641 2178 1801 2225 successus.

1216 2274 1445 2336 IUTUIJNJ
1471 2281 1584 2313 causas
1597 2280 1720 2315 silentii
1734 2280 1864 2317 reddere
1878 2294 1947 2317 non
1959 2294 2057 2327 opor-

1239 2336 1285 2359 tet
1306 2348 1317 2365 ,
1342 2336 1419 2358 cum
1431 2334 1585 2361 terrarum
1598 2329 1662 2370 jam
1674 2331 1693 2362 ὸ.
1705 2333 1813 2365 multo
1833 2343 1979 2376 tempore
1993 2335 2056 2369 sint

1122 2428 1153 2459 in
1168 2437 1302 2471 gentem
1323 2425 1390 2460 fine
1404 2424 1574 2468 dispendio
1599 2428 1725 2465 salutis,
1752 2429 1785 2461 ὅ(
1810 2430 1882 2462 vitae
1906 2432 2052 2472 periculo

1121 2475 1248 2510 transire
1272 2486 1339 2509 non
1360 2476 1472 2509 liceat.
1501 2475 1565 2508 His
1588 2475 1685 2516 vero,
1712 2477 1767 2517 qui
1797 2479 1926 2522 suspecti
1949 2478 2056 2515 habiti

1122 2528 1219 2566 sunt,
1240 2525 1429 2570 diligentins
1451 2525 1693 2566 praecavendum
1716 2527 1760 2560 est
1775 2551 1790 2567 ,
1817 2540 1855 2561 ne
1878 2540 1917 2563 ex
1942 2531 2053 2575 aliqua

1121 2574 1282 2620 probabili
1299 2575 1468 2608 occasione
1487 2573 1624 2616 publicae
1650 2578 1819 2619 porestatis
1839 2579 1916 2613 iram
1940 2580 2054 2616 incur·-

1121 2637 1192 2660 rant
1208 2650 1218 2658 .
1238 2626 1325 2671 Quia
1339 2624 1419 2658 dum
1439 2623 1531 2658 timet
1544 2626 1764 2669 unusquisque
1784 2629 1871 2671 quod
1893 2631 2009 2666 meruit
2035 2656 2049 2672 ,

1121 2675 1268 2710 adversus
1279 2685 1355 2708 eum
1367 2673 1670 2717 queminjustius&
1693 2678 1835 2712 atrocius
1859 2679 1954 2718 laesit,
1979 2681 2055 2716 faei-

1122 2726 1183 2760 lius
1195 2724 1396 2759 excandescit
1416 2748 1425 2756 .
1449 2723 1538 2757 Nam
1551 2735 1585 2759 ut
1597 2726 1641 2758 ait
1655 2726 1787 2767 quidam
1801 2729 1874 2763 satis
1887 2730 2054 2774 eleganter

1121 2777 1155 2811 &
1177 2774 1247 2808 vere
1270 2787 1280 2807 .·
1308 2777 1416 2806 Rumor
1435 2774 1475 2806 de
1492 2780 1589 2807 veter}
1607 2797 1618 2814 ‚
1636 2774 1739 2816 saciet
1762 2788 1892 2812 ventura
1916 2785 2018 2813 timer!
2043 2805 2054 2812 .
2082 2774 2086 2779 Α

1122 2831 1201 2858 Cras
1218 2832 1356 2865 poterunt
1377 2823 1442 2865 fieri·
1466 2831 1593 2866 turpia,
1608 2823 1679 2868 ficut
1690 2826 1771 2860 beri.
1801 2828 1852 2862 Ex
1868 2839 1934 2872 quo
1959 2832 2054 2864 enim

1125 2874 1304 2909 Altiffimus
1321 2875 1448 2917 patiens
1457 2874 1612 2916 quidem,
1636 2876 1685 2910 sed
1698 2879 1810 2920 procul
1833 2878 1936 2913 dubio
1949 2878 2051 2914 reddi-

1124 2923 1283 2968 torjustus
1294 2924 1395 2958 erexit
1418 2923 1586 2958 dexteram
1612 2927 1647 2959 in
1668 2927 1895 2969 retribuendo,
1921 2930 1955 2963 δε
1975 2928 2051 2963 arri-

1124 2973 1363 3019 puitjudicium
1385 2974 1604 3016 annuntius,
1627 2977 1744 3011 tinient
1755 2978 1907 3021 plurimi,
1946 2990 1986 3011 ne
2008 2980 2056 3013 ira

1125 3027 1155 3059 se
1168 3024 1207 3058 ad
1236 3024 1376 3058 invicem
1403 3024 1633 3059 collidentium
1653 3027 1846 3069 potestatum
1871 3029 2009 3063 transeat
2022 3027 2058 3062 in

1125 3077 1290 3115 furorem,
1315 3073 1524 3109 &declinant
1547 3075 1727 3118 impetum,
1752 3077 1993 3120 donecjustitia
2017 3079 2054 3111 in

1125 3124 1285 3169 judicium
1296 3134 1524 3163 convertatur,
1548 3124 1630 3157 &ex
1642 3128 1848 3161 conversione
1862 3127 1912 3159 vel
1935 3126 2056 3160 contri·

1126 3173 1582 3217 tioneimpiorumconlilium
1607 3174 1747 3209 Domini
1770 3177 1972 3210 innotescat.
2003 3176 2057 3209 ln-

1127 3225 1223 3259 terim
1242 3224 1496 3267 praestolamurin
1523 3223 1649 3258 silentio
1661 3225 1796 3260 salutare
1814 3226 1900 3264 Dei,
1928 3236 2052 3259 certum

1127 3274 1300 3314 habentes,
1327 3271 1415 3316 quod
1428 3271 1583 3315 patientia
1604 3285 1776 3318 pauperum
1799 3287 1866 3308 non
1892 3274 2008 3316 peribit
2021 3277 2055 3310 in

1129 3326 1245 3359 finem.
1274 3323 1372 3356 Nunc
1394 3322 1571 3364 plurimum
1591 3324 1745 3366 siquidem
1772 3325 1924 3358 necessari
1952 3324 2017 3359 aest
2043 3349 2055 3366 ,

1129 3386 1216 3409 nunc
1229 3383 1309 3415 opus
1317 3371 1362 3404 est
1375 3371 1497 3406 animis
1511 3397 1520 3411 ‚
1548 3384 1636 3406 nunc
1647 3375 1772 3415 pestere
1784 3375 1880 3407 firmo
1891 3373 1924 3406 in
1939 3375 2055 3414 Domi·

1131 3435 1190 3459 no.
1220 3420 1412 3458 Audiuntur
1431 3422 1521 3458 enim
1533 3422 1677 3466 undique
1694 3423 2057 3467 terrores&opiniones

1911 3472 2012 3508 bello·
