<?xml version="1.0" encoding="UTF-8"?>
<!DOCTYPE html PUBLIC "-//W3C//DTD XHTML 1.0 Transitional//EN"
    "http://www.w3.org/TR/xhtml1/DTD/xhtml1-transitional.dtd">
<html xmlns="http://www.w3.org/1999/xhtml" xml:lang="en" lang="en">
 <head>
  <title>
</title>
<meta http-equiv="Content-Type" content="text/html;charset=utf-8" />
  <meta name='ocr-system' content='tesseract 3.04.00' />
  <meta name='ocr-capabilities' content='ocr_page ocr_carea ocr_par ocr_line ocrx_word'/>
</head>
<body>
  <div class='ocr_page' id='page_1' title='image "./operaomniastudio10lupuuoft_0359.png"; bbox 0 0 2358 3776; ppageno 0'>
   <div class='ocr_carea' id='block_1_1' title="bbox 556 98 1663 159">
    <p class='ocr_par' dir='ltr' id='par_1_1' title="bbox 556 98 1663 159">
     <span class='ocr_line' id='line_1_1' title="bbox 556 98 1663 159; baseline -0.004 -2"><span class='ocrx_word' id='word_1_1' title='bbox 556 111 598 159; x_wconf 86' lang='lat' dir='ltr'>S.</span> <span class='ocrx_word' id='word_1_2' title='bbox 638 106 797 156; x_wconf 90' lang='lat' dir='ltr'>THO</span> <span class='ocrx_word' id='word_1_3' title='bbox 823 106 948 155; x_wconf 79' lang='lat' dir='ltr'>MAE</span> <span class='ocrx_word' id='word_1_4' title='bbox 983 98 1385 152; x_wconf 77' lang='lat' dir='ltr'><strong>C&#39;ANTUAR.</strong></span> <span class='ocrx_word' id='word_1_5' title='bbox 1422 104 1563 152; x_wconf 52' lang='lat' dir='ltr'>L1134.</span> <span class='ocrx_word' id='word_1_6' title='bbox 1610 107 1663 155; x_wconf 74' lang='lat' dir='ltr'>Ve</span> 
     </span>
    </p>
   </div>
   <div class='ocr_carea' id='block_1_2' title="bbox 149 186 1082 242">
    <p class='ocr_par' dir='ltr' id='par_1_2' title="bbox 149 186 1082 242">
     <span class='ocr_line' id='line_1_2' title="bbox 149 186 1082 242; baseline -0.008 -14"><span class='ocrx_word' id='word_1_7' title='bbox 149 193 293 238; x_wconf 78' lang='lat' dir='ltr'>Neergo</span> <span class='ocrx_word' id='word_1_8' title='bbox 303 191 494 238; x_wconf 49' lang='lat' dir='ltr'>sanguinem&gt;</span> <span class='ocrx_word' id='word_1_9' title='bbox 503 192 569 236; x_wconf 76' lang='lat' dir='ltr'>ejus</span> <span class='ocrx_word' id='word_1_10' title='bbox 580 194 616 227; x_wconf 79' lang='lat' dir='ltr'>in</span> <span class='ocrx_word' id='word_1_11' title='bbox 625 190 867 242; x_wconf 76' lang='lat' dir='ltr'>compereuntis</span> <span class='ocrx_word' id='word_1_12' title='bbox 880 187 1027 223; x_wconf 78' lang='lat' dir='ltr'>Ecclefiae</span> <span class='ocrx_word' id='word_1_13' title='bbox 1037 186 1082 221; x_wconf 89' lang='lat' dir='ltr'>ob</span> 
     </span>
    </p>
   </div>
   <div class='ocr_carea' id='block_1_3' title="bbox 143 238 1173 337">
    <p class='ocr_par' dir='ltr' id='par_1_3' title="bbox 143 238 1173 337">
     <span class='ocr_line' id='line_1_3' title="bbox 146 238 1173 287; baseline -0.008 -8"><span class='ocrx_word' id='word_1_14' title='bbox 146 245 283 280; x_wconf 81' lang='lat' dir='ltr'>nimiam</span> <span class='ocrx_word' id='word_1_15' title='bbox 306 244 543 287; x_wconf 70' lang='lat' dir='ltr'>patientiam&amp;</span> <span class='ocrx_word' id='word_1_16' title='bbox 560 242 712 286; x_wconf 72' lang='lat' dir='ltr'>injustam</span> <span class='ocrx_word' id='word_1_17' title='bbox 733 238 1018 277; x_wconf 72' lang='lat' dir='ltr'>diffimularionem</span> <span class='ocrx_word' id='word_1_18' title='bbox 1039 239 1081 272; x_wconf 89' lang='lat' dir='ltr'>de</span> <span class='ocrx_word' id='word_1_19' title='bbox 1145 242 1173 263; x_wconf 46' lang='grc' dir='ltr'><em>Ψ</em></span> 
     </span>
     <span class='ocr_line' id='line_1_4' title="bbox 143 287 1173 337; baseline -0.008 -10"><span class='ocrx_word' id='word_1_20' title='bbox 143 293 293 328; x_wconf 87' lang='lat' dir='ltr'>manibus</span> <span class='ocrx_word' id='word_1_21' title='bbox 304 293 569 337; x_wconf 84' lang='lat' dir='ltr'>nostrisrequirat</span> <span class='ocrx_word' id='word_1_22' title='bbox 582 292 774 332; x_wconf 83' lang='lat' dir='ltr'>Dominus,</span> <span class='ocrx_word' id='word_1_23' title='bbox 798 287 1004 324; x_wconf 85' lang='lat' dir='ltr'>Fraternitati</span> <span class='ocrx_word' id='word_1_24' title='bbox 1028 299 1080 321; x_wconf 82' lang='lat' dir='ltr'>ve·</span> <span class='ocrx_word' id='word_1_25' title='bbox 1143 300 1148 304; x_wconf 55' lang='lat'><em>&gt;</em></span> <span class='ocrx_word' id='word_1_26' title='bbox 1171 294 1173 297; x_wconf 84' lang='lat'>·</span> 
     </span>
    </p>
   </div>
   <div class='ocr_carea' id='block_1_4' title="bbox 143 338 1082 387">
    <p class='ocr_par' dir='ltr' id='par_1_4' title="bbox 143 338 1082 387">
     <span class='ocr_line' id='line_1_5' title="bbox 143 338 1082 387; baseline -0.007 -9"><span class='ocrx_word' id='word_1_27' title='bbox 143 343 216 378; x_wconf 78' lang='lat' dir='ltr'>flrae</span> <span class='ocrx_word' id='word_1_28' title='bbox 235 344 363 379; x_wconf 68' lang='lat' dir='ltr'>litteras</span> <span class='ocrx_word' id='word_1_29' title='bbox 379 342 591 387; x_wconf 74' lang='lat' dir='ltr'>Apostoli&#39;cas</span> <span class='ocrx_word' id='word_1_30' title='bbox 610 342 812 377; x_wconf 76' lang='lat' dir='ltr'>destinamus</span> <span class='ocrx_word' id='word_1_31' title='bbox 826 365 838 381; x_wconf 87' lang='lat'><strong><em>‚</em></strong></span> <span class='ocrx_word' id='word_1_32' title='bbox 871 348 1024 382; x_wconf 72' lang='lat' dir='ltr'>rogantes</span> <span class='ocrx_word' id='word_1_33' title='bbox 1048 338 1082 371; x_wconf 74' lang='lat' dir='ltr'>dc</span> 
     </span>
    </p>
   </div>
   <div class='ocr_carea' id='block_1_5' title="bbox 145 388 1152 435">
    <p class='ocr_par' dir='ltr' id='par_1_5' title="bbox 145 388 1152 435">
     <span class='ocr_line' id='line_1_6' title="bbox 145 388 1152 435; baseline -0.008 -8"><span class='ocrx_word' id='word_1_34' title='bbox 145 393 349 428; x_wconf 82' lang='lat' dir='ltr'>obsecrantes</span> <span class='ocrx_word' id='word_1_35' title='bbox 369 394 404 427; x_wconf 90' lang='lat' dir='ltr'>in</span> <span class='ocrx_word' id='word_1_36' title='bbox 427 393 578 428; x_wconf 87' lang='lat' dir='ltr'>Domino</span> <span class='ocrx_word' id='word_1_37' title='bbox 601 393 678 435; x_wconf 72' lang='lat' dir='ltr'>Iesu</span> <span class='ocrx_word' id='word_1_38' title='bbox 695 391 828 425; x_wconf 78' lang='lat' dir='ltr'>Christo</span> <span class='ocrx_word' id='word_1_39' title='bbox 849 413 859 429; x_wconf 87' lang='lat'>,</span> <span class='ocrx_word' id='word_1_40' title='bbox 892 388 926 422; x_wconf 77' lang='grc' dir='ltr'>δε</span> <span class='ocrx_word' id='word_1_41' title='bbox 960 388 1083 421; x_wconf 87' lang='lat' dir='ltr'>unitate</span> <span class='ocrx_word' id='word_1_42' title='bbox 1111 427 1113 430; x_wconf 69' lang='lat'>‚</span> <span class='ocrx_word' id='word_1_43' title='bbox 1144 404 1152 412; x_wconf 91' lang='lat'>-·</span> 
     </span>
    </p>
   </div>
   <div class='ocr_carea' id='block_1_6' title="bbox 144 437 1088 785">
    <p class='ocr_par' dir='ltr' id='par_1_6' title="bbox 144 437 1088 785">
     <span class='ocr_line' id='line_1_7' title="bbox 146 437 1088 493; baseline -0.007 -16"><span class='ocrx_word' id='word_1_44' title='bbox 146 443 327 478; x_wconf 85' lang='lat' dir='ltr'>Charitatis</span> <span class='ocrx_word' id='word_1_45' title='bbox 339 467 350 484; x_wconf 91' lang='lat'>,</span> <span class='ocrx_word' id='word_1_46' title='bbox 375 443 408 477; x_wconf 68' lang='grc' dir='ltr'>ὅ(</span> <span class='ocrx_word' id='word_1_47' title='bbox 427 442 545 477; x_wconf 87' lang='lat' dir='ltr'>foedere</span> <span class='ocrx_word' id='word_1_48' title='bbox 556 443 642 487; x_wconf 82' lang='lat' dir='ltr'>pacis</span> <span class='ocrx_word' id='word_1_49' title='bbox 658 438 899 493; x_wconf 58' lang='lat' dir='ltr'>Ecclffiasticae,</span> <span class='ocrx_word' id='word_1_50' title='bbox 926 438 959 472; x_wconf 76' lang='grc' dir='ltr'>δε</span> <span class='ocrx_word' id='word_1_51' title='bbox 970 437 1088 472; x_wconf 86' lang='lat' dir='ltr'>autho-</span> 
     </span>
     <span class='ocr_line' id='line_1_8' title="bbox 145 486 1082 536; baseline -0.009 -8"><span class='ocrx_word' id='word_1_52' title='bbox 145 494 243 528; x_wconf 78' lang='lat' dir='ltr'>ritate</span> <span class='ocrx_word' id='word_1_53' title='bbox 257 494 399 528; x_wconf 85' lang='lat' dir='ltr'>Domini</span> <span class='ocrx_word' id='word_1_54' title='bbox 421 492 537 536; x_wconf 71' lang='lat' dir='ltr'>Papae,</span> <span class='ocrx_word' id='word_1_55' title='bbox 565 503 619 536; x_wconf 85' lang='lat' dir='ltr'>per</span> <span class='ocrx_word' id='word_1_56' title='bbox 641 489 853 527; x_wconf 74' lang='lat' dir='ltr'>fidelitatem,</span> <span class='ocrx_word' id='word_1_57' title='bbox 880 498 977 531; x_wconf 82' lang='lat' dir='ltr'>quam</span> <span class='ocrx_word' id='word_1_58' title='bbox 1008 486 1082 522; x_wconf 87' lang='lat' dir='ltr'>Sedi</span> 
     </span>
     <span class='ocr_line' id='line_1_9' title="bbox 145 538 1082 587; baseline -0.011 -7"><span class='ocrx_word' id='word_1_59' title='bbox 145 542 500 587; x_wconf 74' lang='lat' dir='ltr'>Apostoliczdebetis,</span> <span class='ocrx_word' id='word_1_60' title='bbox 529 541 759 577; x_wconf 81' lang='lat' dir='ltr'>denunciantes</span> <span class='ocrx_word' id='word_1_61' title='bbox 780 562 791 579; x_wconf 92' lang='lat'>,</span> <span class='ocrx_word' id='word_1_62' title='bbox 817 548 974 582; x_wconf 80' lang='lat' dir='ltr'>quatenus</span> <span class='ocrx_word' id='word_1_63' title='bbox 997 538 1082 571; x_wconf 85' lang='lat' dir='ltr'>infra</span> 
     </span>
     <span class='ocr_line' id='line_1_10' title="bbox 146 588 1081 637; baseline -0.007 -10"><span class='ocrx_word' id='word_1_64' title='bbox 146 591 448 637; x_wconf 70' lang='lat' dir='ltr'>quindeeirndiesa</span> <span class='ocrx_word' id='word_1_65' title='bbox 470 592 670 636; x_wconf 82' lang='lat' dir='ltr'>susceptione</span> <span class='ocrx_word' id='word_1_66' title='bbox 692 588 897 634; x_wconf 71' lang='lat' dir='ltr'>praesentium·</span> <span class='ocrx_word' id='word_1_67' title='bbox 914 600 968 631; x_wconf 90' lang='lat' dir='ltr'>per</span> <span class='ocrx_word' id='word_1_68' title='bbox 977 596 1081 621; x_wconf 74' lang='lat' dir='ltr'>totam</span> 
     </span>
     <span class='ocr_line' id='line_1_11' title="bbox 146 637 1084 685; baseline -0.006 -9"><span class='ocrx_word' id='word_1_69' title='bbox 146 642 356 678; x_wconf 87' lang='lat' dir='ltr'>Provinciam</span> <span class='ocrx_word' id='word_1_70' title='bbox 368 642 503 676; x_wconf 82' lang='lat' dir='ltr'>vestram</span> <span class='ocrx_word' id='word_1_71' title='bbox 514 665 523 681; x_wconf 91' lang='lat'>,</span> <span class='ocrx_word' id='word_1_72' title='bbox 549 652 618 685; x_wconf 73' lang='lat' dir='ltr'>quae</span> <span class='ocrx_word' id='word_1_73' title='bbox 632 642 666 675; x_wconf 88' lang='lat' dir='ltr'>in</span> <span class='ocrx_word' id='word_1_74' title='bbox 677 639 832 684; x_wconf 84' lang='lat' dir='ltr'>potestate</span> <span class='ocrx_word' id='word_1_75' title='bbox 849 641 966 682; x_wconf 82' lang='lat' dir='ltr'>praefati</span> <span class='ocrx_word' id='word_1_76' title='bbox 981 637 1084 682; x_wconf 85' lang='lat' dir='ltr'>Regis</span> 
     </span>
     <span class='ocr_line' id='line_1_12' title="bbox 146 688 1080 735; baseline -0.005 -9"><span class='ocrx_word' id='word_1_77' title='bbox 146 694 193 726; x_wconf 85' lang='lat' dir='ltr'>est</span> <span class='ocrx_word' id='word_1_78' title='bbox 205 718 216 734; x_wconf 95' lang='lat'>,</span> <span class='ocrx_word' id='word_1_79' title='bbox 240 693 352 727; x_wconf 88' lang='lat' dir='ltr'>omnia</span> <span class='ocrx_word' id='word_1_80' title='bbox 364 689 476 725; x_wconf 85' lang='lat' dir='ltr'>divina</span> <span class='ocrx_word' id='word_1_81' title='bbox 487 717 497 733; x_wconf 91' lang='lat'>,</span> <span class='ocrx_word' id='word_1_82' title='bbox 525 702 635 735; x_wconf 85' lang='lat' dir='ltr'>praeter</span> <span class='ocrx_word' id='word_1_83' title='bbox 649 690 810 733; x_wconf 83' lang='lat' dir='ltr'>Baptisma</span> <span class='ocrx_word' id='word_1_84' title='bbox 824 688 1031 731; x_wconf 88' lang='lat' dir='ltr'>parvulorum</span> <span class='ocrx_word' id='word_1_85' title='bbox 1046 688 1080 721; x_wconf 91' lang='lat'>&amp;</span> 
     </span>
     <span class='ocr_line' id='line_1_13' title="bbox 144 737 1081 785; baseline -0.007 -9"><span class='ocrx_word' id='word_1_86' title='bbox 144 743 354 785; x_wconf 83' lang='lat' dir='ltr'>poenitentias</span> <span class='ocrx_word' id='word_1_87' title='bbox 366 738 822 784; x_wconf 75' lang='lat' dir='ltr'>morientium,&#39;pr0hibeatis</span> <span class='ocrx_word' id='word_1_88' title='bbox 847 738 966 773; x_wconf 73' lang='lat' dir='ltr'>Officia</span> <span class='ocrx_word' id='word_1_89' title='bbox 993 737 1081 771; x_wconf 87' lang='lat' dir='ltr'>cele·-</span> 
     </span>
    </p>
   </div>
   <div class='ocr_carea' id='block_1_7' title="bbox 147 785 1114 829">
    <p class='ocr_par' dir='ltr' id='par_1_7' title="bbox 147 785 1114 829">
     <span class='ocr_line' id='line_1_14' title="bbox 147 785 1114 829; baseline -0.005 -4"><span class='ocrx_word' id='word_1_90' title='bbox 147 791 253 829; x_wconf 68' lang='lat' dir='ltr'>brari,</span> <span class='ocrx_word' id='word_1_91' title='bbox 277 791 532 826; x_wconf 84' lang='lat' dir='ltr'>&amp;abomnibus-</span> <span class='ocrx_word' id='word_1_92' title='bbox 547 789 682 823; x_wconf 88' lang='lat' dir='ltr'>subditis</span> <span class='ocrx_word' id='word_1_93' title='bbox 694 788 989 823; x_wconf 65' lang='lat' dir='ltr'>vestrisinterdisti</span> <span class='ocrx_word' id='word_1_94' title='bbox 1018 788 1086 821; x_wconf 89' lang='lat' dir='ltr'>sen·</span> <span class='ocrx_word' id='word_1_95' title='bbox 1111 785 1114 787; x_wconf 64' lang='grc'><strong><em>’</em></strong></span> 
     </span>
    </p>
   </div>
   <div class='ocr_carea' id='block_1_8' title="bbox 144 836 1090 1083">
    <p class='ocr_par' dir='ltr' id='par_1_8' title="bbox 144 836 1090 1083">
     <span class='ocr_line' id='line_1_15' title="bbox 146 836 1088 883; baseline -0.006 -8"><span class='ocrx_word' id='word_1_96' title='bbox 146 841 304 881; x_wconf 75' lang='lat' dir='ltr'>tentiam,</span> <span class='ocrx_word' id='word_1_97' title='bbox 333 850 490 883; x_wconf 79' lang='lat' dir='ltr'>quantum</span> <span class='ocrx_word' id='word_1_98' title='bbox 503 840 538 874; x_wconf 89' lang='lat' dir='ltr'>in</span> <span class='ocrx_word' id='word_1_99' title='bbox 549 838 641 872; x_wconf 85' lang='lat' dir='ltr'>vobis</span> <span class='ocrx_word' id='word_1_100' title='bbox 652 838 715 877; x_wconf 84' lang='lat' dir='ltr'>est,</span> <span class='ocrx_word' id='word_1_101' title='bbox 745 838 872 873; x_wconf 82' lang='lat' dir='ltr'>faciatis</span> <span class='ocrx_word' id='word_1_102' title='bbox 884 836 1088 872; x_wconf 87' lang='lat' dir='ltr'>inviolabili-</span> 
     </span>
     <span class='ocr_line' id='line_1_16' title="bbox 145 886 1084 933; baseline -0.005 -9"><span class='ocrx_word' id='word_1_103' title='bbox 145 898 197 924; x_wconf 84' lang='lat' dir='ltr'>ter</span> <span class='ocrx_word' id='word_1_104' title='bbox 208 890 383 924; x_wconf 75' lang='lat' dir='ltr'>observari.</span> <span class='ocrx_word' id='word_1_105' title='bbox 411 889 556 928; x_wconf 79' lang='lat' dir='ltr'>Nevos,</span> <span class='ocrx_word' id='word_1_106' title='bbox 582 889 671 933; x_wconf 87' lang='lat' dir='ltr'>quod</span> <span class='ocrx_word' id='word_1_107' title='bbox 694 888 797 929; x_wconf 79' lang='lat' dir='ltr'>absit,</span> <span class='ocrx_word' id='word_1_108' title='bbox 823 899 898 922; x_wconf 90' lang='lat' dir='ltr'>cum</span> <span class='ocrx_word' id='word_1_109' title='bbox 913 886 1084 930; x_wconf 82' lang='lat' dir='ltr'>his-quiin</span> 
     </span>
     <span class='ocr_line' id='line_1_17' title="bbox 144 935 1085 983; baseline -0.005 -10"><span class='ocrx_word' id='word_1_110' title='bbox 144 940 262 974; x_wconf 67' lang='lat' dir='ltr'>scelere</span> <span class='ocrx_word' id='word_1_111' title='bbox 272 941 330 974; x_wconf 88' lang='lat' dir='ltr'>suo</span> <span class='ocrx_word' id='word_1_112' title='bbox 338 938 474 983; x_wconf 29' lang='lat' dir='ltr'>perituri*</span> <span class='ocrx_word' id='word_1_113' title='bbox 483 935 556 973; x_wconf 79' lang='lat' dir='ltr'>sunt</span> <span class='ocrx_word' id='word_1_114' title='bbox 569 949 660 982; x_wconf 84' lang='lat' dir='ltr'>poena</span> <span class='ocrx_word' id='word_1_115' title='bbox 671 938 893 973; x_wconf 81' lang='lat' dir='ltr'>damnationis</span> <span class='ocrx_word' id='word_1_116' title='bbox 906 938 1038 972; x_wconf 88' lang='lat' dir='ltr'>involva</span> <span class='ocrx_word' id='word_1_117' title='bbox 1048 947 1061 969; x_wconf 89' lang='lat' dir='ltr'>t</span> <span class='ocrx_word' id='word_1_118' title='bbox 1077 958 1085 968; x_wconf 93' lang='lat'><strong>.</strong></span> 
     </span>
     <span class='ocr_line' id='line_1_18' title="bbox 145 987 1088 1032; baseline -0.004 -9"><span class='ocrx_word' id='word_1_119' title='bbox 145 987 306 1023; x_wconf 81' lang='lat' dir='ltr'>Portitori</span> <span class='ocrx_word' id='word_1_120' title='bbox 316 989 535 1023; x_wconf 81' lang='lat' dir='ltr'>veroistarum</span> <span class='ocrx_word' id='word_1_121' title='bbox 550 989 745 1032; x_wconf 76' lang='lat' dir='ltr'>prospicite,</span> <span class='ocrx_word' id='word_1_122' title='bbox 769 989 848 1023; x_wconf 90' lang='lat' dir='ltr'>sicut</span> <span class='ocrx_word' id='word_1_123' title='bbox 861 987 959 1022; x_wconf 81' lang='lat' dir='ltr'>vobis</span> <span class='ocrx_word' id='word_1_124' title='bbox 979 987 1014 1021; x_wconf 74' lang='grc' dir='ltr'>ἀ</span> <span class='ocrx_word' id='word_1_125' title='bbox 1036 997 1088 1020; x_wconf 82' lang='lat' dir='ltr'>or.-</span> 
     </span>
     <span class='ocr_line' id='line_1_19' title="bbox 144 1037 1090 1083; baseline -0.004 -10"><span class='ocrx_word' id='word_1_126' title='bbox 144 1039 219 1074; x_wconf 70' lang='lat' dir='ltr'>«tini</span> <span class='ocrx_word' id='word_1_127' title='bbox 241 1039 347 1072; x_wconf 85' lang='lat' dir='ltr'>vestro</span> <span class='ocrx_word' id='word_1_128' title='bbox 367 1038 488 1081; x_wconf 80' lang='lat' dir='ltr'>cupitis</span> <span class='ocrx_word' id='word_1_129' title='bbox 505 1039 567 1073; x_wconf 75' lang='lat' dir='ltr'>esse</span> <span class='ocrx_word' id='word_1_130' title='bbox 589 1040 810 1083; x_wconf 68' lang='lat' dir='ltr'>prospectum..</span> <span class='ocrx_word' id='word_1_131' title='bbox 838 1037 1090 1073; x_wconf 83' lang='lat' dir='ltr'>Fraternitatem</span> 
     </span>
    </p>
   </div>
   <div class='ocr_carea' id='block_1_9' title="bbox 146 1086 1114 1131">
    <p class='ocr_par' dir='ltr' id='par_1_9' title="bbox 146 1086 1114 1131">
     <span class='ocr_line' id='line_1_20' title="bbox 146 1086 1114 1131; baseline -0.003 -9"><span class='ocrx_word' id='word_1_132' title='bbox 146 1088 287 1123; x_wconf 81' lang='lat' dir='ltr'>vestram</span> <span class='ocrx_word' id='word_1_133' title='bbox 302 1099 358 1131; x_wconf 86' lang='lat' dir='ltr'>per</span> <span class='ocrx_word' id='word_1_134' title='bbox 368 1088 434 1121; x_wconf 84' lang='lat' dir='ltr'>via-s</span> <span class='ocrx_word' id='word_1_135' title='bbox 447 1090 544 1123; x_wconf 71' lang='lat' dir='ltr'>restas</span> <span class='ocrx_word' id='word_1_136' title='bbox 553 1086 692 1123; x_wconf 83' lang='lat' dir='ltr'>deducat</span> <span class='ocrx_word' id='word_1_137' title='bbox 707 1089 889 1123; x_wconf 81' lang='lat' dir='ltr'>Altiffimus</span> <span class='ocrx_word' id='word_1_138' title='bbox 903 1113 914 1129; x_wconf 91' lang='lat'>,</span> <span class='ocrx_word' id='word_1_139' title='bbox 939 1088 971 1122; x_wconf 77' lang='grc' dir='ltr'>δε</span> <span class='ocrx_word' id='word_1_140' title='bbox 983 1086 1083 1120; x_wconf 89' lang='lat' dir='ltr'>faciat</span> <span class='ocrx_word' id='word_1_141' title='bbox 1112 1105 1114 1107; x_wconf 89' lang='lat'>·</span> 
     </span>
    </p>
   </div>
   <div class='ocr_carea' id='block_1_10' title="bbox 144 1136 1092 1232">
    <p class='ocr_par' dir='ltr' id='par_1_10' title="bbox 144 1136 1092 1232">
     <span class='ocr_line' id='line_1_21' title="bbox 144 1136 1092 1184; baseline 0.001 -15"><span class='ocrx_word' id='word_1_142' title='bbox 144 1138 498 1182; x_wconf 55' lang='lat' dir='ltr'>participemillorum„</span> <span class='ocrx_word' id='word_1_143' title='bbox 526 1138 642 1184; x_wconf 90' lang='lat' dir='ltr'>quibus</span> <span class='ocrx_word' id='word_1_144' title='bbox 654 1141 689 1174; x_wconf 86' lang='lat' dir='ltr'>in</span> <span class='ocrx_word' id='word_1_145' title='bbox 701 1138 883 1184; x_wconf 84' lang='lat' dir='ltr'>Evangelio</span> <span class='ocrx_word' id='word_1_146' title='bbox 895 1136 1092 1183; x_wconf 76' lang='lat' dir='ltr'>promissum</span> 
     </span>
     <span class='ocr_line' id='line_1_22' title="bbox 146 1187 1044 1232; baseline 0 -10"><span class='ocrx_word' id='word_1_147' title='bbox 146 1187 194 1222; x_wconf 75' lang='lat' dir='ltr'>est</span> <span class='ocrx_word' id='word_1_148' title='bbox 205 1188 365 1232; x_wconf 84' lang='lat' dir='ltr'>Regnum·</span> <span class='ocrx_word' id='word_1_149' title='bbox 375 1188 535 1224; x_wconf 74' lang='lat' dir='ltr'>coelorum</span> <span class='ocrx_word' id='word_1_150' title='bbox 551 1213 559 1222; x_wconf 94' lang='lat'>.</span> <span class='ocrx_word' id='word_1_151' title='bbox 1043 1200 1044 1203; x_wconf 49' lang='lat'>¹</span> 
     </span>
    </p>
   </div>
   <div class='ocr_carea' id='block_1_11' title="bbox 264 1261 952 1323">
    <p class='ocr_par' dir='ltr' id='par_1_11' title="bbox 264 1261 952 1323">
     <span class='ocr_line' id='line_1_23' title="bbox 264 1261 952 1323; baseline -0.003 -3"><span class='ocrx_word' id='word_1_152' title='bbox 264 1286 676 1323; x_wconf 68' lang='lat' dir='ltr'>EPJSTOLA</span> <span class='ocrx_word' id='word_1_153' title='bbox 788 1261 952 1320; x_wconf 66' lang='lat' dir='ltr'>xxxi.</span> 
     </span>
    </p>
   </div>
   <div class='ocr_carea' id='block_1_12' title="bbox 146 1381 1094 3069">
    <p class='ocr_par' dir='ltr' id='par_1_12' title="bbox 146 1381 1094 3069">
     <span class='ocr_line' id='line_1_24' title="bbox 195 1381 1034 1428; baseline -0.005 -9"><span class='ocrx_word' id='word_1_154' title='bbox 195 1384 364 1423; x_wconf 69' lang='lat' dir='ltr'>Alexander</span> <span class='ocrx_word' id='word_1_155' title='bbox 374 1386 466 1427; x_wconf 38' lang='lat' dir='ltr'>Papa*</span> <span class='ocrx_word' id='word_1_156' title='bbox 473 1383 627 1425; x_wconf 71' lang='lat' dir='ltr'>senonensi</span> <span class='ocrx_word' id='word_1_157' title='bbox 635 1386 670 1420; x_wconf 68' lang='grc' dir='ltr'><strong><em>Θ</em></strong></span> <span class='ocrx_word' id='word_1_158' title='bbox 690 1382 914 1428; x_wconf 70' lang='lat' dir='ltr'>Rotbomagenfi</span> <span class='ocrx_word' id='word_1_159' title='bbox 925 1381 1034 1417; x_wconf 32' lang='lat' dir='ltr'>Archi*-</span> 
     </span>
     <span class='ocr_line' id='line_1_25' title="bbox 521 1433 703 1476; baseline -0.005 -8"><span class='ocrx_word' id='word_1_160' title='bbox 521 1433 678 1476; x_wconf 66' lang='lat' dir='ltr'>Eplftopii*</span> <span class='ocrx_word' id='word_1_161' title='bbox 696 1460 703 1467; x_wconf 89' lang='lat'><strong>.</strong></span> 
     </span>
     <span class='ocr_line' id='line_1_26' title="bbox 264 1482 1092 1529; baseline -0.004 -11"><span class='ocrx_word' id='word_1_162' title='bbox 264 1482 492 1518; x_wconf 83' lang='lat' dir='ltr'><strong>OLESTIAS</strong></span> <span class='ocrx_word' id='word_1_163' title='bbox 512 1484 546 1517; x_wconf 77' lang='grc' dir='ltr'>δε</span> <span class='ocrx_word' id='word_1_164' title='bbox 575 1483 739 1529; x_wconf 75' lang='lat' dir='ltr'>angustias</span> <span class='ocrx_word' id='word_1_165' title='bbox 760 1486 787 1525; x_wconf 69' lang='lat'>,²</span> <span class='ocrx_word' id='word_1_166' title='bbox 808 1483 843 1517; x_wconf 67' lang='grc' dir='ltr'>ὃς</span> <span class='ocrx_word' id='word_1_167' title='bbox 872 1485 1057 1518; x_wconf 80' lang='lat' dir='ltr'>anxietates.</span> <span class='ocrx_word' id='word_1_168' title='bbox 1077 1506 1092 1522; x_wconf 85' lang='lat'>,</span> 
     </span>
     <span class='ocr_line' id='line_1_27' title="bbox 288 1533 1090 1579; baseline 0 -14"><span class='ocrx_word' id='word_1_169' title='bbox 288 1544 386 1567; x_wconf 87' lang='lat' dir='ltr'>onera</span> <span class='ocrx_word' id='word_1_170' title='bbox 396 1534 430 1567; x_wconf 77' lang='grc' dir='ltr'>δι</span> <span class='ocrx_word' id='word_1_171' title='bbox 440 1537 629 1579; x_wconf 79' lang='lat' dir='ltr'>gravamina</span> <span class='ocrx_word' id='word_1_172' title='bbox 642 1558 653 1574; x_wconf 92' lang='lat'>‚</span> <span class='ocrx_word' id='word_1_173' title='bbox 680 1545 750 1579; x_wconf 76' lang='lat' dir='ltr'>quae</span> <span class='ocrx_word' id='word_1_174' title='bbox 760 1533 951 1570; x_wconf 77' lang='lat' dir='ltr'>venerabilis</span> <span class='ocrx_word' id='word_1_175' title='bbox 977 1534 1090 1568; x_wconf 80' lang='lat' dir='ltr'>Frater</span> 
     </span>
     <span class='ocr_line' id='line_1_28' title="bbox 147 1581 1094 1627; baseline -0.004 -8"><span class='ocrx_word' id='word_1_176' title='bbox 147 1584 259 1619; x_wconf 78' lang='lat' dir='ltr'>:noster</span> <span class='ocrx_word' id='word_1_177' title='bbox 268 1581 421 1618; x_wconf 83' lang='lat' dir='ltr'>Thomas</span> <span class='ocrx_word' id='word_1_178' title='bbox 441 1584 678 1618; x_wconf 85' lang='lat' dir='ltr'>Cantuariensis</span> <span class='ocrx_word' id='word_1_179' title='bbox 694 1583 795 1619; x_wconf 84' lang='lat' dir='ltr'>Archi</span> <span class='ocrx_word' id='word_1_180' title='bbox 807 1602 817 1608; x_wconf 95' lang='lat'>-</span> <span class='ocrx_word' id='word_1_181' title='bbox 833 1584 1019 1627; x_wconf 84' lang='lat' dir='ltr'>Episcopus·</span> <span class='ocrx_word' id='word_1_182' title='bbox 1031 1591 1094 1625; x_wconf 72' lang='lat' dir='ltr'>prov</span> 
     </span>
     <span class='ocr_line' id='line_1_29' title="bbox 147 1631 1087 1669; baseline -0.003 -1"><span class='ocrx_word' id='word_1_183' title='bbox 147 1632 319 1668; x_wconf 72' lang='lat' dir='ltr'>bonore&amp;</span> <span class='ocrx_word' id='word_1_184' title='bbox 331 1633 478 1667; x_wconf 86' lang='lat' dir='ltr'>libertate</span> <span class='ocrx_word' id='word_1_185' title='bbox 493 1634 637 1669; x_wconf 77' lang='lat' dir='ltr'>Ecclefiae</span> <span class='ocrx_word' id='word_1_186' title='bbox 654 1633 775 1668; x_wconf 69' lang='lat' dir='ltr'>invista</span> <span class='ocrx_word' id='word_1_187' title='bbox 790 1634 986 1667; x_wconf 86' lang='lat' dir='ltr'>fortitudine</span> <span class='ocrx_word' id='word_1_188' title='bbox 1000 1631 1087 1666; x_wconf 82' lang='lat' dir='ltr'>susti-</span> 
     </span>
     <span class='ocr_line' id='line_1_30' title="bbox 147 1682 1094 1728; baseline 0 -12"><span class='ocrx_word' id='word_1_189' title='bbox 147 1682 246 1723; x_wconf 79' lang='lat' dir='ltr'>nuit,</span> <span class='ocrx_word' id='word_1_190' title='bbox 271 1683 409 1727; x_wconf 80' lang='lat' dir='ltr'>&amp;aequo</span> <span class='ocrx_word' id='word_1_191' title='bbox 419 1684 533 1718; x_wconf 88' lang='lat' dir='ltr'>animo</span> <span class='ocrx_word' id='word_1_192' title='bbox 555 1684 704 1719; x_wconf 85' lang='lat' dir='ltr'>tolera-vit</span> <span class='ocrx_word' id='word_1_193' title='bbox 719 1710 729 1725; x_wconf 96' lang='lat'>,</span> <span class='ocrx_word' id='word_1_194' title='bbox 756 1685 884 1728; x_wconf 88' lang='lat' dir='ltr'>quoties</span> <span class='ocrx_word' id='word_1_195' title='bbox 906 1682 945 1717; x_wconf 91' lang='lat' dir='ltr'>ad</span> <span class='ocrx_word' id='word_1_196' title='bbox 970 1694 1094 1717; x_wconf 90' lang='lat' dir='ltr'>memo·</span> 
     </span>
     <span class='ocr_line' id='line_1_31' title="bbox 146 1731 1089 1776; baseline -0.001 -9"><span class='ocrx_word' id='word_1_197' title='bbox 146 1734 230 1767; x_wconf 74' lang='lat' dir='ltr'>riam</span> <span class='ocrx_word' id='word_1_198' title='bbox 242 1733 383 1767; x_wconf 85' lang='lat' dir='ltr'>nostram</span> <span class='ocrx_word' id='word_1_199' title='bbox 394 1731 577 1768; x_wconf 80' lang='lat' dir='ltr'>reducimus</span> <span class='ocrx_word' id='word_1_200' title='bbox 589 1759 600 1775; x_wconf 89' lang='lat'>,</span> <span class='ocrx_word' id='word_1_201' title='bbox 627 1735 724 1768; x_wconf 85' lang='lat' dir='ltr'>toties</span> <span class='ocrx_word' id='word_1_202' title='bbox 737 1735 770 1767; x_wconf 87' lang='lat' dir='ltr'>su</span> <span class='ocrx_word' id='word_1_203' title='bbox 777 1744 828 1775; x_wconf 86' lang='lat' dir='ltr'>per</span> <span class='ocrx_word' id='word_1_204' title='bbox 837 1734 906 1776; x_wconf 82' lang='lat' dir='ltr'>ejus</span> <span class='ocrx_word' id='word_1_205' title='bbox 928 1734 1089 1767; x_wconf 87' lang='lat' dir='ltr'>admiran-</span> 
     </span>
     <span class='ocr_line' id='line_1_32' title="bbox 147 1781 1093 1824; baseline -0.003 -7"><span class='ocrx_word' id='word_1_206' title='bbox 147 1782 553 1824; x_wconf 55' lang='lat' dir='ltr'>&amp;virtutisnepatientffi</span> <span class='ocrx_word' id='word_1_207' title='bbox 562 1784 747 1816; x_wconf 86' lang='lat' dir='ltr'>constantia</span> <span class='ocrx_word' id='word_1_208' title='bbox 764 1783 870 1816; x_wconf 81' lang='lat' dir='ltr'>noster</span> <span class='ocrx_word' id='word_1_209' title='bbox 890 1784 1019 1822; x_wconf 79' lang='lat' dir='ltr'>animus</span> <span class='ocrx_word' id='word_1_210' title='bbox 1043 1781 1093 1814; x_wconf 85' lang='lat' dir='ltr'>hi·</span> 
     </span>
     <span class='ocr_line' id='line_1_33' title="bbox 147 1829 1091 1875; baseline -0.003 -9"><span class='ocrx_word' id='word_1_211' title='bbox 147 1831 289 1867; x_wconf 79' lang='lat' dir='ltr'>latescit.</span> <span class='ocrx_word' id='word_1_212' title='bbox 318 1830 451 1865; x_wconf 73' lang='lat' dir='ltr'>Etcirca</span> <span class='ocrx_word' id='word_1_213' title='bbox 462 1842 540 1865; x_wconf 90' lang='lat' dir='ltr'>eum</span> <span class='ocrx_word' id='word_1_214' title='bbox 560 1831 601 1865; x_wconf 89' lang='lat' dir='ltr'>de</span> <span class='ocrx_word' id='word_1_215' title='bbox 614 1829 666 1864; x_wconf 86' lang='lat' dir='ltr'>die</span> <span class='ocrx_word' id='word_1_216' title='bbox 679 1833 712 1864; x_wconf 87' lang='lat' dir='ltr'>in</span> <span class='ocrx_word' id='word_1_217' title='bbox 726 1831 814 1865; x_wconf 82' lang='lat' dir='ltr'>diem</span> <span class='ocrx_word' id='word_1_218' title='bbox 827 1831 929 1875; x_wconf 86' lang='lat' dir='ltr'>magis</span> <span class='ocrx_word' id='word_1_219' title='bbox 940 1843 976 1864; x_wconf 88' lang='lat' dir='ltr'>ac</span> <span class='ocrx_word' id='word_1_220' title='bbox 990 1831 1091 1875; x_wconf 82' lang='lat' dir='ltr'>magis</span> 
     </span>
     <span class='ocr_line' id='line_1_34' title="bbox 148 1878 1089 1924; baseline -0.004 -7"><span class='ocrx_word' id='word_1_221' title='bbox 148 1878 458 1917; x_wconf 70' lang='lat' dir='ltr'>nostraedilestionis</span> <span class='ocrx_word' id='word_1_222' title='bbox 466 1881 592 1915; x_wconf 64' lang='lat' dir='ltr'>aflectus</span> <span class='ocrx_word' id='word_1_223' title='bbox 603 1882 777 1915; x_wconf 82' lang='lat' dir='ltr'>excrescit.</span> <span class='ocrx_word' id='word_1_224' title='bbox 808 1880 889 1915; x_wconf 88' lang='lat' dir='ltr'>Inde</span> <span class='ocrx_word' id='word_1_225' title='bbox 902 1881 945 1917; x_wconf 82' lang='lat' dir='ltr'>est</span> <span class='ocrx_word' id='word_1_226' title='bbox 963 1905 974 1920; x_wconf 94' lang='lat'>,</span> <span class='ocrx_word' id='word_1_227' title='bbox 1001 1881 1089 1924; x_wconf 90' lang='lat' dir='ltr'>quod</span> 
     </span>
     <span class='ocr_line' id='line_1_35' title="bbox 148 1930 1090 1975; baseline -0.004 -9"><span class='ocrx_word' id='word_1_228' title='bbox 148 1942 213 1966; x_wconf 81' lang='lat' dir='ltr'>nos</span> <span class='ocrx_word' id='word_1_229' title='bbox 234 1931 285 1969; x_wconf 84' lang='lat' dir='ltr'>ei,</span> <span class='ocrx_word' id='word_1_230' title='bbox 311 1932 468 1975; x_wconf 74' lang='lat' dir='ltr'>tanquam</span> <span class='ocrx_word' id='word_1_231' title='bbox 491 1931 595 1965; x_wconf 81' lang='lat' dir='ltr'>Fratri</span> <span class='ocrx_word' id='word_1_232' title='bbox 622 1930 805 1964; x_wconf 78' lang='lat' dir='ltr'>chariffimo</span> <span class='ocrx_word' id='word_1_233' title='bbox 832 1955 843 1970; x_wconf 89' lang='lat'>,</span> <span class='ocrx_word' id='word_1_234' title='bbox 869 1932 902 1965; x_wconf 89' lang='lat'>&amp;</span> <span class='ocrx_word' id='word_1_235' title='bbox 929 1932 1090 1973; x_wconf 78' lang='lat' dir='ltr'>praecipuo</span> 
     </span>
     <span class='ocr_line' id='line_1_36' title="bbox 147 1979 1090 2023; baseline -0.004 -6"><span class='ocrx_word' id='word_1_236' title='bbox 147 1980 297 2017; x_wconf 80' lang='lat' dir='ltr'>membro</span> <span class='ocrx_word' id='word_1_237' title='bbox 310 1980 458 2015; x_wconf 65' lang='lat' dir='ltr'>Ecclesia</span> <span class='ocrx_word' id='word_1_238' title='bbox 480 1981 573 2023; x_wconf 86' lang='lat' dir='ltr'>supet</span> <span class='ocrx_word' id='word_1_239' title='bbox 591 1981 686 2014; x_wconf 86' lang='lat' dir='ltr'>variis</span> <span class='ocrx_word' id='word_1_240' title='bbox 710 1980 864 2014; x_wconf 82' lang='lat' dir='ltr'>molestiis</span> <span class='ocrx_word' id='word_1_241' title='bbox 889 1979 922 2014; x_wconf 88' lang='lat'>&amp;</span> <span class='ocrx_word' id='word_1_242' title='bbox 947 1979 1090 2022; x_wconf 73' lang='lat' dir='ltr'>pressuris</span> 
     </span>
     <span class='ocr_line' id='line_1_37' title="bbox 149 2028 1083 2076; baseline -0.003 -11"><span class='ocrx_word' id='word_1_243' title='bbox 149 2030 261 2076; x_wconf 73' lang='lat' dir='ltr'>dignae</span> <span class='ocrx_word' id='word_1_244' title='bbox 270 2031 506 2064; x_wconf 83' lang='lat' dir='ltr'>consolationis</span> <span class='ocrx_word' id='word_1_245' title='bbox 518 2031 696 2065; x_wconf 85' lang='lat' dir='ltr'>remedium</span> <span class='ocrx_word' id='word_1_246' title='bbox 708 2028 875 2073; x_wconf 88' lang='lat' dir='ltr'>providere</span> <span class='ocrx_word' id='word_1_247' title='bbox 898 2029 1043 2063; x_wconf 88' lang='lat' dir='ltr'>volentes</span> <span class='ocrx_word' id='word_1_248' title='bbox 1072 2053 1083 2069; x_wconf 93' lang='lat'>,</span> 
     </span>
     <span class='ocr_line' id='line_1_38' title="bbox 149 2079 1085 2116; baseline -0.004 0"><span class='ocrx_word' id='word_1_249' title='bbox 149 2081 184 2116; x_wconf 74' lang='grc' dir='ltr'>ἀ</span> <span class='ocrx_word' id='word_1_250' title='bbox 195 2079 367 2115; x_wconf 68' lang='lat' dir='ltr'>charissimi</span> <span class='ocrx_word' id='word_1_251' title='bbox 382 2079 415 2113; x_wconf 89' lang='lat' dir='ltr'>in</span> <span class='ocrx_word' id='word_1_252' title='bbox 428 2080 559 2115; x_wconf 81' lang='lat' dir='ltr'>Christo</span> <span class='ocrx_word' id='word_1_253' title='bbox 571 2081 646 2114; x_wconf 78' lang='lat' dir='ltr'>Filii</span> <span class='ocrx_word' id='word_1_254' title='bbox 662 2081 761 2114; x_wconf 88' lang='lat' dir='ltr'>nostri</span> <span class='ocrx_word' id='word_1_255' title='bbox 787 2080 925 2114; x_wconf 80' lang='lat' dir='ltr'>Henrici</span> <span class='ocrx_word' id='word_1_256' title='bbox 953 2079 1085 2113; x_wconf 89' lang='lat' dir='ltr'>illustris</span> 
     </span>
     <span class='ocr_line' id='line_1_39' title="bbox 151 2128 1087 2175; baseline -0.002 -11"><span class='ocrx_word' id='word_1_257' title='bbox 151 2131 340 2175; x_wconf 82' lang='lat' dir='ltr'>Anglorum</span> <span class='ocrx_word' id='word_1_258' title='bbox 352 2128 453 2174; x_wconf 89' lang='lat' dir='ltr'>Regis</span> <span class='ocrx_word' id='word_1_259' title='bbox 465 2155 474 2169; x_wconf 96' lang='lat'>,</span> <span class='ocrx_word' id='word_1_260' title='bbox 491 2132 547 2174; x_wconf 92' lang='lat' dir='ltr'>qui</span> <span class='ocrx_word' id='word_1_261' title='bbox 559 2129 683 2174; x_wconf 78' lang='lat' dir='ltr'>quanto</span> <span class='ocrx_word' id='word_1_262' title='bbox 695 2130 800 2164; x_wconf 88' lang='lat' dir='ltr'>eidem</span> <span class='ocrx_word' id='word_1_263' title='bbox 816 2128 915 2163; x_wconf 79' lang='lat' dir='ltr'>Archi</span> <span class='ocrx_word' id='word_1_264' title='bbox 931 2147 941 2153; x_wconf 91' lang='lat'>-</span> <span class='ocrx_word' id='word_1_265' title='bbox 960 2130 1087 2172; x_wconf 87' lang='lat' dir='ltr'>Episco-</span> 
     </span>
     <span class='ocr_line' id='line_1_40' title="bbox 152 2179 1087 2226; baseline -0.002 -12"><span class='ocrx_word' id='word_1_266' title='bbox 152 2194 197 2226; x_wconf 78' lang='lat' dir='ltr'>po</span> <span class='ocrx_word' id='word_1_267' title='bbox 209 2179 343 2222; x_wconf 80' lang='lat' dir='ltr'>majores</span> <span class='ocrx_word' id='word_1_268' title='bbox 355 2181 588 2221; x_wconf 83' lang='lat' dir='ltr'>persecutiones</span> <span class='ocrx_word' id='word_1_269' title='bbox 602 2182 635 2214; x_wconf 77' lang='grc' dir='ltr'>δε</span> <span class='ocrx_word' id='word_1_270' title='bbox 649 2181 811 2214; x_wconf 88' lang='lat' dir='ltr'>molestias</span> <span class='ocrx_word' id='word_1_271' title='bbox 821 2179 931 2213; x_wconf 90' lang='lat' dir='ltr'>intulit</span> <span class='ocrx_word' id='word_1_272' title='bbox 944 2204 954 2220; x_wconf 90' lang='lat'>,</span> <span class='ocrx_word' id='word_1_273' title='bbox 980 2180 1012 2213; x_wconf 77' lang='grc' dir='ltr'>ὅ(</span> <span class='ocrx_word' id='word_1_274' title='bbox 1024 2189 1087 2213; x_wconf 90' lang='lat' dir='ltr'>am-</span> 
     </span>
     <span class='ocr_line' id='line_1_41' title="bbox 151 2227 1089 2276; baseline -0.003 -11"><span class='ocrx_word' id='word_1_275' title='bbox 151 2232 239 2276; x_wconf 81' lang='lat' dir='ltr'>plius</span> <span class='ocrx_word' id='word_1_276' title='bbox 252 2227 416 2263; x_wconf 84' lang='lat' dir='ltr'>Christum</span> <span class='ocrx_word' id='word_1_277' title='bbox 434 2232 579 2273; x_wconf 83' lang='lat' dir='ltr'>gravavit</span> <span class='ocrx_word' id='word_1_278' title='bbox 592 2254 602 2269; x_wconf 95' lang='lat'>,</span> <span class='ocrx_word' id='word_1_279' title='bbox 631 2242 643 2263; x_wconf 93' lang='lat' dir='ltr'>t</span> <span class='ocrx_word' id='word_1_280' title='bbox 655 2230 735 2264; x_wconf 79' lang='lat' dir='ltr'>anto</span> <span class='ocrx_word' id='word_1_281' title='bbox 746 2231 850 2275; x_wconf 87' lang='lat' dir='ltr'>magis</span> <span class='ocrx_word' id='word_1_282' title='bbox 859 2230 995 2274; x_wconf 86' lang='lat' dir='ltr'>deliquit</span> <span class='ocrx_word' id='word_1_283' title='bbox 1009 2254 1018 2269; x_wconf 91' lang='lat'>‚</span> <span class='ocrx_word' id='word_1_284' title='bbox 1032 2240 1089 2263; x_wconf 90' lang='lat' dir='ltr'>nec</span> 
     </span>
     <span class='ocr_line' id='line_1_42' title="bbox 152 2279 1088 2324; baseline -0.002 -10"><span class='ocrx_word' id='word_1_285' title='bbox 152 2280 256 2324; x_wconf 83' lang='lat' dir='ltr'>potest</span> <span class='ocrx_word' id='word_1_286' title='bbox 266 2287 391 2313; x_wconf 89' lang='lat' dir='ltr'>tantum</span> <span class='ocrx_word' id='word_1_287' title='bbox 406 2280 534 2322; x_wconf 84' lang='lat' dir='ltr'>expiare</span> <span class='ocrx_word' id='word_1_288' title='bbox 545 2280 697 2314; x_wconf 68' lang='lat' dir='ltr'>delistum</span> <span class='ocrx_word' id='word_1_289' title='bbox 712 2306 722 2321; x_wconf 92' lang='lat'>,</span> <span class='ocrx_word' id='word_1_290' title='bbox 750 2281 807 2314; x_wconf 85' lang='lat' dir='ltr'>nisi</span> <span class='ocrx_word' id='word_1_291' title='bbox 828 2280 1011 2314; x_wconf 84' lang='lat' dir='ltr'>restituatur</span> <span class='ocrx_word' id='word_1_292' title='bbox 1037 2279 1088 2312; x_wconf 92' lang='lat' dir='ltr'>ab·</span> 
     </span>
     <span class='ocr_line' id='line_1_43' title="bbox 152 2328 1089 2374; baseline -0.002 -10"><span class='ocrx_word' id='word_1_293' title='bbox 152 2332 255 2364; x_wconf 71' lang='lat' dir='ltr'>latum</span> <span class='ocrx_word' id='word_1_294' title='bbox 273 2351 284 2368; x_wconf 91' lang='lat'>,</span> <span class='ocrx_word' id='word_1_295' title='bbox 306 2328 485 2363; x_wconf 74' lang='lat' dir='ltr'>consultius</span> <span class='ocrx_word' id='word_1_296' title='bbox 496 2331 676 2373; x_wconf 85' lang='lat' dir='ltr'>prospicere</span> <span class='ocrx_word' id='word_1_297' title='bbox 686 2331 853 2374; x_wconf 83' lang='lat' dir='ltr'>cupientes</span> <span class='ocrx_word' id='word_1_298' title='bbox 865 2330 979 2368; x_wconf 86' lang='lat' dir='ltr'>saluti,</span> <span class='ocrx_word' id='word_1_299' title='bbox 1017 2328 1089 2362; x_wconf 91' lang='lat' dir='ltr'>Fra·</span> 
     </span>
     <span class='ocr_line' id='line_1_44' title="bbox 154 2378 1089 2423; baseline -0.001 -10"><span class='ocrx_word' id='word_1_300' title='bbox 154 2378 301 2414; x_wconf 79' lang='lat' dir='ltr'>ternirati</span> <span class='ocrx_word' id='word_1_301' title='bbox 324 2378 429 2412; x_wconf 70' lang='lat' dir='ltr'>vestrae</span> <span class='ocrx_word' id='word_1_302' title='bbox 455 2390 510 2422; x_wconf 88' lang='lat' dir='ltr'>per</span> <span class='ocrx_word' id='word_1_303' title='bbox 533 2379 724 2422; x_wconf 77' lang='lat' dir='ltr'>Apostolica</span> <span class='ocrx_word' id='word_1_304' title='bbox 746 2380 862 2423; x_wconf 83' lang='lat' dir='ltr'>scripta</span> <span class='ocrx_word' id='word_1_305' title='bbox 882 2378 1089 2422; x_wconf 85' lang='lat' dir='ltr'>precipiendo</span> 
     </span>
     <span class='ocr_line' id='line_1_45' title="bbox 151 2427 1087 2472; baseline -0.004 -7"><span class='ocrx_word' id='word_1_306' title='bbox 151 2429 366 2465; x_wconf 84' lang='lat' dir='ltr'>mandamus,</span> <span class='ocrx_word' id='word_1_307' title='bbox 389 2427 424 2460; x_wconf 75' lang='grc' dir='ltr'>δε</span> <span class='ocrx_word' id='word_1_308' title='bbox 447 2429 482 2461; x_wconf 83' lang='lat' dir='ltr'>in</span> <span class='ocrx_word' id='word_1_309' title='bbox 495 2428 610 2463; x_wconf 90' lang='lat' dir='ltr'>virtute</span> <span class='ocrx_word' id='word_1_310' title='bbox 631 2429 824 2462; x_wconf 58' lang='lat' dir='ltr'>obedientiae</span> <span class='ocrx_word' id='word_1_311' title='bbox 850 2428 1049 2472; x_wconf 71' lang='lat' dir='ltr'>praecipimus</span> <span class='ocrx_word' id='word_1_312' title='bbox 1078 2452 1087 2467; x_wconf 92' lang='lat'>,</span> 
     </span>
     <span class='ocr_line' id='line_1_46' title="bbox 151 2476 1086 2522; baseline -0.001 -10"><span class='ocrx_word' id='word_1_313' title='bbox 151 2488 310 2521; x_wconf 74' lang='lat' dir='ltr'>quatenus</span> <span class='ocrx_word' id='word_1_314' title='bbox 320 2476 403 2510; x_wconf 75' lang='lat' dir='ltr'>infra</span> <span class='ocrx_word' id='word_1_315' title='bbox 415 2477 533 2522; x_wconf 85' lang='lat' dir='ltr'>viginti</span> <span class='ocrx_word' id='word_1_316' title='bbox 545 2477 615 2512; x_wconf 87' lang='lat' dir='ltr'>dies</span> <span class='ocrx_word' id='word_1_317' title='bbox 627 2479 697 2522; x_wconf 90' lang='lat' dir='ltr'>post</span> <span class='ocrx_word' id='word_1_318' title='bbox 714 2478 837 2513; x_wconf 26' lang='lat' dir='ltr'>harum*</span> <span class='ocrx_word' id='word_1_319' title='bbox 853 2479 1086 2521; x_wconf 89' lang='lat' dir='ltr'>susceptionem</span> 
     </span>
     <span class='ocr_line' id='line_1_47' title="bbox 150 2526 1087 2572; baseline -0.002 -9"><span class='ocrx_word' id='word_1_320' title='bbox 150 2526 292 2563; x_wconf 87' lang='lat' dir='ltr'>eundem</span> <span class='ocrx_word' id='word_1_321' title='bbox 305 2526 430 2569; x_wconf 84' lang='lat' dir='ltr'>Regem</span> <span class='ocrx_word' id='word_1_322' title='bbox 442 2538 482 2560; x_wconf 82' lang='lat' dir='ltr'>ex</span> <span class='ocrx_word' id='word_1_323' title='bbox 495 2538 582 2569; x_wconf 89' lang='lat' dir='ltr'>parte</span> <span class='ocrx_word' id='word_1_324' title='bbox 593 2529 699 2562; x_wconf 84' lang='lat' dir='ltr'>nostra</span> <span class='ocrx_word' id='word_1_325' title='bbox 710 2528 885 2572; x_wconf 86' lang='lat' dir='ltr'>diligenter</span> <span class='ocrx_word' id='word_1_326' title='bbox 908 2527 1087 2562; x_wconf 85' lang='lat' dir='ltr'>convenia·</span> 
     </span>
     <span class='ocr_line' id='line_1_48' title="bbox 151 2576 1085 2619; baseline -0.001 -7"><span class='ocrx_word' id='word_1_327' title='bbox 151 2580 194 2614; x_wconf 90' lang='lat' dir='ltr'>tis</span> <span class='ocrx_word' id='word_1_328' title='bbox 205 2602 217 2618; x_wconf 91' lang='lat'>‚</span> <span class='ocrx_word' id='word_1_329' title='bbox 243 2586 454 2611; x_wconf 89' lang='lat' dir='ltr'>commonere</span> <span class='ocrx_word' id='word_1_330' title='bbox 465 2576 648 2619; x_wconf 72' lang='lat' dir='ltr'>propensius</span> <span class='ocrx_word' id='word_1_331' title='bbox 660 2578 694 2611; x_wconf 72' lang='grc' dir='ltr'>ὅ(</span> <span class='ocrx_word' id='word_1_332' title='bbox 704 2577 870 2612; x_wconf 85' lang='lat' dir='ltr'>exhortari</span> <span class='ocrx_word' id='word_1_333' title='bbox 883 2578 1000 2612; x_wconf 89' lang='lat' dir='ltr'>curetis</span> <span class='ocrx_word' id='word_1_334' title='bbox 1014 2602 1025 2617; x_wconf 95' lang='lat'>,</span> <span class='ocrx_word' id='word_1_335' title='bbox 1051 2589 1085 2611; x_wconf 91' lang='lat' dir='ltr'>ut</span> 
     </span>
     <span class='ocr_line' id='line_1_49' title="bbox 152 2625 1086 2674; baseline 0 -13"><span class='ocrx_word' id='word_1_336' title='bbox 152 2639 267 2674; x_wconf 81' lang='lat' dir='ltr'>pacem</span> <span class='ocrx_word' id='word_1_337' title='bbox 277 2637 374 2669; x_wconf 89' lang='lat' dir='ltr'>quam</span> <span class='ocrx_word' id='word_1_338' title='bbox 386 2635 462 2659; x_wconf 88' lang='lat' dir='ltr'>cum</span> <span class='ocrx_word' id='word_1_339' title='bbox 473 2625 590 2660; x_wconf 89' lang='lat' dir='ltr'>eodem</span> <span class='ocrx_word' id='word_1_340' title='bbox 612 2625 735 2658; x_wconf 86' lang='lat' dir='ltr'>Archi·</span> <span class='ocrx_word' id='word_1_341' title='bbox 759 2626 922 2670; x_wconf 86' lang='lat' dir='ltr'>Episcopo</span> <span class='ocrx_word' id='word_1_342' title='bbox 947 2626 1086 2661; x_wconf 88' lang='lat' dir='ltr'>verbote-</span> 
     </span>
     <span class='ocr_line' id='line_1_50' title="bbox 154 2675 1086 2719; baseline -0.004 -6"><span class='ocrx_word' id='word_1_343' title='bbox 154 2678 325 2716; x_wconf 67' lang='lat' dir='ltr'>nusfecit,</span> <span class='ocrx_word' id='word_1_344' title='bbox 350 2675 544 2710; x_wconf 86' lang='lat' dir='ltr'>executione</span> <span class='ocrx_word' id='word_1_345' title='bbox 565 2675 681 2719; x_wconf 78' lang='lat' dir='ltr'>operis</span> <span class='ocrx_word' id='word_1_346' title='bbox 702 2675 880 2718; x_wconf 88' lang='lat' dir='ltr'>compleat.</span> <span class='ocrx_word' id='word_1_347' title='bbox 909 2676 1086 2710; x_wconf 81' lang='lat' dir='ltr'>Nihilomi-</span> 
     </span>
     <span class='ocr_line' id='line_1_51' title="bbox 154 2725 1085 2770; baseline -0.002 -7"><span class='ocrx_word' id='word_1_348' title='bbox 154 2739 218 2763; x_wconf 82' lang='lat' dir='ltr'>nus</span> <span class='ocrx_word' id='word_1_349' title='bbox 237 2728 335 2761; x_wconf 89' lang='lat' dir='ltr'>etiam</span> <span class='ocrx_word' id='word_1_350' title='bbox 357 2725 462 2760; x_wconf 86' lang='lat' dir='ltr'>eidem</span> <span class='ocrx_word' id='word_1_351' title='bbox 487 2725 573 2770; x_wconf 88' lang='lat' dir='ltr'>Regi</span> <span class='ocrx_word' id='word_1_352' title='bbox 597 2726 796 2770; x_wconf 83' lang='lat' dir='ltr'>suggeratis,</span> <span class='ocrx_word' id='word_1_353' title='bbox 823 2735 858 2759; x_wconf 90' lang='lat' dir='ltr'>ut</span> <span class='ocrx_word' id='word_1_354' title='bbox 880 2726 1085 2769; x_wconf 80' lang='lat' dir='ltr'>postmodum</span> 
     </span>
     <span class='ocr_line' id='line_1_52' title="bbox 155 2775 1087 2819; baseline -0.001 -7"><span class='ocrx_word' id='word_1_355' title='bbox 155 2778 267 2812; x_wconf 88' lang='lat' dir='ltr'>omnia</span> <span class='ocrx_word' id='word_1_356' title='bbox 279 2775 383 2811; x_wconf 85' lang='lat' dir='ltr'>ablata</span> <span class='ocrx_word' id='word_1_357' title='bbox 396 2776 538 2810; x_wconf 84' lang='lat' dir='ltr'>restituat</span> <span class='ocrx_word' id='word_1_358' title='bbox 551 2801 561 2816; x_wconf 92' lang='lat'>‚</span> <span class='ocrx_word' id='word_1_359' title='bbox 587 2775 705 2809; x_wconf 89' lang='lat' dir='ltr'>damna</span> <span class='ocrx_word' id='word_1_360' title='bbox 728 2775 802 2809; x_wconf 89' lang='lat' dir='ltr'>data</span> <span class='ocrx_word' id='word_1_361' title='bbox 824 2777 970 2810; x_wconf 86' lang='lat' dir='ltr'>resarciat</span> <span class='ocrx_word' id='word_1_362' title='bbox 983 2801 993 2816; x_wconf 93' lang='lat'>‚</span> <span class='ocrx_word' id='word_1_363' title='bbox 1021 2788 1087 2819; x_wconf 84' lang='lat' dir='ltr'>pra-</span> 
     </span>
     <span class='ocr_line' id='line_1_53' title="bbox 155 2825 1083 2868; baseline 0.001 -7"><span class='ocrx_word' id='word_1_364' title='bbox 155 2829 255 2863; x_wconf 86' lang='lat' dir='ltr'>vas&amp;</span> <span class='ocrx_word' id='word_1_365' title='bbox 270 2825 465 2861; x_wconf 73' lang='lat' dir='ltr'>execrabiles</span> <span class='ocrx_word' id='word_1_366' title='bbox 478 2825 726 2860; x_wconf 88' lang='lat' dir='ltr'>consuetudines</span> <span class='ocrx_word' id='word_1_367' title='bbox 745 2825 887 2859; x_wconf 77' lang='lat' dir='ltr'>omnino</span> <span class='ocrx_word' id='word_1_368' title='bbox 899 2827 1048 2868; x_wconf 83' lang='lat' dir='ltr'>praecidat</span> <span class='ocrx_word' id='word_1_369' title='bbox 1074 2853 1083 2862; x_wconf 85' lang='lat'><strong>.</strong></span> 
     </span>
     <span class='ocr_line' id='line_1_54' title="bbox 155 2874 1086 2920; baseline -0.002 -8"><span class='ocrx_word' id='word_1_370' title='bbox 155 2878 190 2911; x_wconf 88' lang='lat' dir='ltr'>Si</span> <span class='ocrx_word' id='word_1_371' title='bbox 200 2875 398 2912; x_wconf 73' lang='lat' dir='ltr'>auteminfra</span> <span class='ocrx_word' id='word_1_372' title='bbox 410 2876 541 2920; x_wconf 88' lang='lat' dir='ltr'>triginta</span> <span class='ocrx_word' id='word_1_373' title='bbox 553 2875 621 2909; x_wconf 84' lang='lat' dir='ltr'>dies</span> <span class='ocrx_word' id='word_1_374' title='bbox 634 2874 703 2918; x_wconf 87' lang='lat' dir='ltr'>post</span> <span class='ocrx_word' id='word_1_375' title='bbox 723 2876 1018 2910; x_wconf 85' lang='lat' dir='ltr'>commonitionem</span> <span class='ocrx_word' id='word_1_376' title='bbox 1030 2887 1086 2910; x_wconf 91' lang='lat' dir='ltr'>ve·-</span> 
     </span>
     <span class='ocr_line' id='line_1_55' title="bbox 156 2925 1086 2970; baseline -0.001 -9"><span class='ocrx_word' id='word_1_377' title='bbox 156 2928 253 2962; x_wconf 85' lang='lat' dir='ltr'>stram</span> <span class='ocrx_word' id='word_1_378' title='bbox 264 2950 274 2966; x_wconf 89' lang='lat'>,</span> <span class='ocrx_word' id='word_1_379' title='bbox 298 2936 411 2969; x_wconf 86' lang='lat' dir='ltr'>pacem</span> <span class='ocrx_word' id='word_1_380' title='bbox 424 2949 435 2965; x_wconf 92' lang='lat'>,</span> <span class='ocrx_word' id='word_1_381' title='bbox 460 2937 560 2970; x_wconf 92' lang='lat' dir='ltr'>quam</span> <span class='ocrx_word' id='word_1_382' title='bbox 573 2925 682 2959; x_wconf 87' lang='lat' dir='ltr'>statuit</span> <span class='ocrx_word' id='word_1_383' title='bbox 694 2925 727 2959; x_wconf 76' lang='grc' dir='ltr'>δε</span> <span class='ocrx_word' id='word_1_384' title='bbox 741 2926 884 2968; x_wconf 85' lang='lat' dir='ltr'>promisit</span> <span class='ocrx_word' id='word_1_385' title='bbox 899 2949 909 2964; x_wconf 91' lang='lat'><em>‚</em></span> <span class='ocrx_word' id='word_1_386' title='bbox 936 2929 1086 2960; x_wconf 88' lang='lat' dir='ltr'>consum-</span> 
     </span>
     <span class='ocr_line' id='line_1_56' title="bbox 158 2975 1085 3018; baseline -0.001 -7"><span class='ocrx_word' id='word_1_387' title='bbox 158 2987 246 3011; x_wconf 89' lang='lat' dir='ltr'>mare</span> <span class='ocrx_word' id='word_1_388' title='bbox 259 2975 420 3015; x_wconf 84' lang='lat' dir='ltr'>noluerit,</span> <span class='ocrx_word' id='word_1_389' title='bbox 449 2975 482 3008; x_wconf 89' lang='lat' dir='ltr'>in</span> <span class='ocrx_word' id='word_1_390' title='bbox 494 2986 655 3010; x_wconf 84' lang='lat' dir='ltr'>totaterra</span> <span class='ocrx_word' id='word_1_391' title='bbox 679 2975 747 3018; x_wconf 82' lang='lat' dir='ltr'>ejus</span> <span class='ocrx_word' id='word_1_392' title='bbox 771 2975 950 3009; x_wconf 87' lang='lat' dir='ltr'>Cismarina</span> <span class='ocrx_word' id='word_1_393' title='bbox 972 2978 1085 3010; x_wconf 84' lang='lat' dir='ltr'>omnia</span> 
     </span>
     <span class='ocr_line' id='line_1_57' title="bbox 153 3025 1086 3069; baseline -0.001 -8"><span class='ocrx_word' id='word_1_394' title='bbox 153 3027 271 3062; x_wconf 80' lang='lat' dir='ltr'>divina</span> <span class='ocrx_word' id='word_1_395' title='bbox 283 3049 294 3067; x_wconf 89' lang='lat'>,</span> <span class='ocrx_word' id='word_1_396' title='bbox 319 3035 427 3068; x_wconf 65' lang='lat' dir='ltr'>preter</span> <span class='ocrx_word' id='word_1_397' title='bbox 436 3025 600 3068; x_wconf 88' lang='lat' dir='ltr'>Baptisma</span> <span class='ocrx_word' id='word_1_398' title='bbox 616 3025 821 3069; x_wconf 88' lang='lat' dir='ltr'>parvulorum</span> <span class='ocrx_word' id='word_1_399' title='bbox 833 3026 864 3060; x_wconf 76' lang='grc' dir='ltr'>δε</span> <span class='ocrx_word' id='word_1_400' title='bbox 877 3026 1086 3068; x_wconf 88' lang='lat' dir='ltr'>poenitentias</span> 
     </span>
    </p>
   </div>
   <div class='ocr_carea' id='block_1_13' title="bbox 153 3075 1101 3170">
    <p class='ocr_par' dir='ltr' id='par_1_13' title="bbox 153 3075 1101 3170">
     <span class='ocr_line' id='line_1_58' title="bbox 153 3075 1101 3119; baseline -0.002 -7"><span class='ocrx_word' id='word_1_401' title='bbox 153 3075 369 3112; x_wconf 82' lang='lat' dir='ltr'>morientium</span> <span class='ocrx_word' id='word_1_402' title='bbox 379 3099 389 3113; x_wconf 94' lang='lat'>,</span> <span class='ocrx_word' id='word_1_403' title='bbox 416 3086 543 3109; x_wconf 90' lang='lat' dir='ltr'>remoto</span> <span class='ocrx_word' id='word_1_404' title='bbox 553 3076 774 3118; x_wconf 87' lang='lat' dir='ltr'>appellationis</span> <span class='ocrx_word' id='word_1_405' title='bbox 797 3075 965 3110; x_wconf 86' lang='lat' dir='ltr'>obstaculo</span> <span class='ocrx_word' id='word_1_406' title='bbox 979 3100 989 3115; x_wconf 91' lang='lat'>,</span> <span class='ocrx_word' id='word_1_407' title='bbox 1017 3085 1101 3119; x_wconf 67' lang='lat' dir='ltr'>pro-1</span> 
     </span>
     <span class='ocr_line' id='line_1_59' title="bbox 154 3123 1101 3170; baseline -0.002 -9"><span class='ocrx_word' id='word_1_408' title='bbox 154 3125 296 3161; x_wconf 80' lang='lat' dir='ltr'>hibeatis</span> <span class='ocrx_word' id='word_1_409' title='bbox 307 3123 426 3158; x_wconf 85' lang='lat' dir='ltr'>Officia</span> <span class='ocrx_word' id='word_1_410' title='bbox 438 3124 608 3158; x_wconf 80' lang='lat' dir='ltr'>celebrari:</span> <span class='ocrx_word' id='word_1_411' title='bbox 632 3125 664 3159; x_wconf 67' lang='grc' dir='ltr'><strong>ἃ</strong></span> <span class='ocrx_word' id='word_1_412' title='bbox 673 3126 861 3159; x_wconf 87' lang='lat' dir='ltr'>sententiam</span> <span class='ocrx_word' id='word_1_413' title='bbox 875 3127 975 3170; x_wconf 82' lang='lat' dir='ltr'>ipsam</span> <span class='ocrx_word' id='word_1_414' title='bbox 987 3125 1084 3169; x_wconf 86' lang='lat' dir='ltr'>usque</span> <span class='ocrx_word' id='word_1_415' title='bbox 1098 3132 1101 3167; x_wconf 71' lang='grc' dir='ltr'><em>ξ</em></span> 
     </span>
    </p>
   </div>
   <div class='ocr_carea' id='block_1_14' title="bbox 156 3174 1084 3219">
    <p class='ocr_par' dir='ltr' id='par_1_14' title="bbox 156 3174 1084 3219">
     <span class='ocr_line' id='line_1_60' title="bbox 156 3174 1084 3219; baseline -0.002 -8"><span class='ocrx_word' id='word_1_416' title='bbox 156 3177 201 3211; x_wconf 80' lang='lat' dir='ltr'>ad</span> <span class='ocrx_word' id='word_1_417' title='bbox 217 3175 416 3219; x_wconf 86' lang='lat' dir='ltr'>condignam</span> <span class='ocrx_word' id='word_1_418' title='bbox 440 3174 686 3209; x_wconf 71' lang='lat' dir='ltr'>satisfactionem</span> <span class='ocrx_word' id='word_1_419' title='bbox 707 3176 830 3210; x_wconf 83' lang='lat' dir='ltr'>faciatis</span> <span class='ocrx_word' id='word_1_420' title='bbox 852 3175 1084 3215; x_wconf 74' lang='lat' dir='ltr'>inviolabiliter</span> 
     </span>
    </p>
   </div>
   <div class='ocr_carea' id='block_1_15' title="bbox 158 3219 1102 3269">
    <p class='ocr_par' dir='ltr' id='par_1_15' title="bbox 158 3219 1102 3269">
     <span class='ocr_line' id='line_1_61' title="bbox 158 3219 1102 3269; baseline -0.001 -9"><span class='ocrx_word' id='word_1_421' title='bbox 158 3225 336 3260; x_wconf 87' lang='lat' dir='ltr'>observari.</span> <span class='ocrx_word' id='word_1_422' title='bbox 365 3222 464 3269; x_wconf 84' lang='lat' dir='ltr'>Qod</span> <span class='ocrx_word' id='word_1_423' title='bbox 479 3225 498 3256; x_wconf 84' lang='lat' dir='ltr'>fi</span> <span class='ocrx_word' id='word_1_424' title='bbox 513 3225 825 3266; x_wconf 79' lang='lat' dir='ltr'>alterutervestrum,</span> <span class='ocrx_word' id='word_1_425' title='bbox 850 3225 958 3269; x_wconf 89' lang='lat' dir='ltr'>aliqua</span> <span class='ocrx_word' id='word_1_426' title='bbox 981 3219 1102 3259; x_wconf 58' lang='lat' dir='ltr'>neces-2⁴</span> 
     </span>
    </p>
   </div>
   <div class='ocr_carea' id='block_1_16' title="bbox 158 3271 1082 3418">
    <p class='ocr_par' dir='ltr' id='par_1_16' title="bbox 158 3271 1082 3418">
     <span class='ocr_line' id='line_1_62' title="bbox 158 3271 1082 3318; baseline -0.002 -8"><span class='ocrx_word' id='word_1_427' title='bbox 158 3277 248 3310; x_wconf 76' lang='lat' dir='ltr'>fitate</span> <span class='ocrx_word' id='word_1_428' title='bbox 259 3273 428 3312; x_wconf 85' lang='lat' dir='ltr'>obstante,</span> <span class='ocrx_word' id='word_1_429' title='bbox 452 3271 547 3314; x_wconf 70' lang='lat' dir='ltr'>hujux</span> <span class='ocrx_word' id='word_1_430' title='bbox 571 3276 616 3307; x_wconf 83' lang='lat' dir='ltr'>rei</span> <span class='ocrx_word' id='word_1_431' title='bbox 639 3277 824 3311; x_wconf 84' lang='lat' dir='ltr'>executioni</span> <span class='ocrx_word' id='word_1_432' title='bbox 849 3286 915 3309; x_wconf 89' lang='lat' dir='ltr'>non</span> <span class='ocrx_word' id='word_1_433' title='bbox 941 3276 1082 3318; x_wconf 88' lang='lat' dir='ltr'>potuerit</span> 
     </span>
     <span class='ocr_line' id='line_1_63' title="bbox 158 3323 1081 3367; baseline 0.001 -9"><span class='ocrx_word' id='word_1_434' title='bbox 158 3323 544 3363; x_wconf 74' lang='lat' dir='ltr'>autnolueritintereffe,</span> <span class='ocrx_word' id='word_1_435' title='bbox 569 3325 658 3367; x_wconf 87' lang='lat' dir='ltr'>quod</span> <span class='ocrx_word' id='word_1_436' title='bbox 681 3334 787 3360; x_wconf 84' lang='lat' dir='ltr'>tamen</span> <span class='ocrx_word' id='word_1_437' title='bbox 810 3326 994 3364; x_wconf 86' lang='lat' dir='ltr'>nollemus,</span> <span class='ocrx_word' id='word_1_438' title='bbox 1022 3337 1081 3359; x_wconf 90' lang='lat' dir='ltr'>nec</span> 
     </span>
     <span class='ocr_line' id='line_1_64' title="bbox 160 3373 1082 3418; baseline -0.002 -9"><span class='ocrx_word' id='word_1_439' title='bbox 160 3374 347 3417; x_wconf 79' lang='lat' dir='ltr'>expediret,</span> <span class='ocrx_word' id='word_1_440' title='bbox 373 3373 453 3406; x_wconf 86' lang='lat' dir='ltr'>alter</span> <span class='ocrx_word' id='word_1_441' title='bbox 465 3384 531 3406; x_wconf 91' lang='lat' dir='ltr'>non</span> <span class='ocrx_word' id='word_1_442' title='bbox 545 3373 719 3413; x_wconf 78' lang='lat' dir='ltr'>minusid,</span> <span class='ocrx_word' id='word_1_443' title='bbox 745 3375 834 3418; x_wconf 91' lang='lat' dir='ltr'>quod</span> <span class='ocrx_word' id='word_1_444' title='bbox 856 3376 978 3409; x_wconf 79' lang='lat' dir='ltr'>distum</span> <span class='ocrx_word' id='word_1_445' title='bbox 1003 3375 1047 3407; x_wconf 85' lang='lat' dir='ltr'>est</span> <span class='ocrx_word' id='word_1_446' title='bbox 1073 3398 1082 3413; x_wconf 89' lang='lat'><em>‚</em></span> 
     </span>
    </p>
   </div>
   <div class='ocr_carea' id='block_1_17' title="bbox 158 3421 1082 3515">
    <p class='ocr_par' dir='ltr' id='par_1_17' title="bbox 158 3421 1082 3515">
     <span class='ocr_line' id='line_1_65' title="bbox 158 3421 1082 3469; baseline -0.006 -6"><span class='ocrx_word' id='word_1_447' title='bbox 158 3433 354 3468; x_wconf 77' lang='lat' dir='ltr'>exequatur.</span> <span class='ocrx_word' id='word_1_448' title='bbox 383 3422 511 3457; x_wconf 83' lang='lat' dir='ltr'>Datum</span> <span class='ocrx_word' id='word_1_449' title='bbox 526 3421 684 3467; x_wconf 75' lang='lat' dir='ltr'>Anaginae</span> <span class='ocrx_word' id='word_1_450' title='bbox 695 3425 828 3469; x_wconf 87' lang='lat' dir='ltr'>septimo</span> <span class='ocrx_word' id='word_1_451' title='bbox 839 3424 915 3460; x_wconf 80' lang='lat' dir='ltr'>Idus</span> <span class='ocrx_word' id='word_1_452' title='bbox 925 3424 1082 3461; x_wconf 65' lang='lat' dir='ltr'>octobris.</span> 
     </span>
     <span class='ocr_line' id='line_1_66' title="bbox 262 3472 707 3515; baseline -0.004 -9"><span class='ocrx_word' id='word_1_453' title='bbox 262 3476 288 3505; x_wconf 86' lang='lat' dir='ltr'><em>C</em></span> <span class='ocrx_word' id='word_1_454' title='bbox 290 3472 367 3514; x_wconf 60' lang='lat' dir='ltr'>brist.</span> <span class='ocrx_word' id='word_1_455' title='bbox 380 3476 456 3515; x_wconf 73' lang='lat' dir='ltr'>Lupi</span> <span class='ocrx_word' id='word_1_456' title='bbox 469 3477 567 3515; x_wconf 79' lang='lat' dir='ltr'>Opera</span> <span class='ocrx_word' id='word_1_457' title='bbox 577 3476 653 3507; x_wconf 75' lang='lat' dir='ltr'>Tam.</span> <span class='ocrx_word' id='word_1_458' title='bbox 666 3475 707 3505; x_wconf 75' lang='lat' dir='ltr'>X.</span> 
     </span>
    </p>
   </div>
   <div class='ocr_carea' id='block_1_18' title="bbox 1096 246 1148 3079">
    <p class='ocr_par' dir='ltr' id='par_1_18' title="bbox 1096 246 1148 3079">
     <span class='ocr_line' id='line_1_67' title="bbox 1096 246 1148 3079; baseline 0 -2435"><span class='ocrx_word' id='word_1_459' title='bbox 1096 246 1117 3079; x_wconf 95' lang='lat' dir='ltr'> </span> <span class='ocrx_word' id='word_1_460' title='bbox 1129 246 1148 644; x_wconf 95' lang='lat' dir='ltr'> </span> 
     </span>
    </p>
   </div>
   <div class='ocr_carea' id='block_1_19' title="bbox 1145 117 2076 386">
    <p class='ocr_par' dir='ltr' id='par_1_19' title="bbox 1145 117 2114 386">
     <span class='ocr_line' id='line_1_68' title="bbox 1927 117 2026 175; baseline 0.04 -4"><span class='ocrx_word' id='word_1_461' title='bbox 1927 117 2026 175; x_wconf 76' lang='lat'>337</span> 
     </span>
     <span class='ocr_line' id='line_1_69' title="bbox 1266 214 1972 282; baseline 0.004 -14"><span class='ocrx_word' id='word_1_462' title='bbox 1266 233 1679 271; x_wconf 70' lang='lat' dir='ltr'>EPlsTOLA</span> <span class='ocrx_word' id='word_1_463' title='bbox 1778 214 1972 282; x_wconf 45' lang='lat' dir='ltr'><strong>xxxj&amp;</strong></span> 
     </span>
     <span class='ocr_line' id='line_1_70' title="bbox 1145 308 2076 386; baseline 0.001 -17"><span class='ocrx_word' id='word_1_464' title='bbox 1145 350 1147 352; x_wconf 54' lang='lat'><strong><em>¹</em></strong></span> <span class='ocrx_word' id='word_1_465' title='bbox 1171 308 1186 347; x_wconf 15' lang='grc' dir='ltr'>η·</span> <span class='ocrx_word' id='word_1_466' title='bbox 1205 335 1377 369; x_wconf 69' lang='lat' dir='ltr'>Alexander</span> <span class='ocrx_word' id='word_1_467' title='bbox 1401 336 1491 377; x_wconf 68' lang='lat' dir='ltr'>rapa</span> <span class='ocrx_word' id='word_1_468' title='bbox 1516 335 1655 368; x_wconf 57' lang='lat' dir='ltr'>omnibus</span> <span class='ocrx_word' id='word_1_469' title='bbox 1680 314 1824 375; x_wconf 52' lang='lat' dir='ltr'>Praelata</span> <span class='ocrx_word' id='word_1_470' title='bbox 1846 354 1902 386; x_wconf 62' lang='lat' dir='ltr'>p„-</span> <span class='ocrx_word' id='word_1_471' title='bbox 1928 327 2076 382; x_wconf 29' lang='lat' dir='ltr'>zemma*</span> 
     </span>
    </p>
   </div>
   <div class='ocr_carea' id='block_1_20' title="bbox 1453 384 1832 428">
    <p class='ocr_par' dir='ltr' id='par_1_20' title="bbox 1453 384 1832 428">
     <span class='ocr_line' id='line_1_71' title="bbox 1453 384 1832 428; baseline 0.013 -10"><span class='ocrx_word' id='word_1_472' title='bbox 1453 388 1546 428; x_wconf 75' lang='lat' dir='ltr'>Reges</span> <span class='ocrx_word' id='word_1_473' title='bbox 1572 384 1783 428; x_wconf 70' lang='lat' dir='ltr'>cismarinam</span> <span class='ocrx_word' id='word_1_474' title='bbox 1792 413 1806 421; x_wconf 49' lang='lat' dir='ltr'>a</span> <span class='ocrx_word' id='word_1_475' title='bbox 1817 401 1832 411; x_wconf 78' lang='lat'>··</span> 
     </span>
    </p>
   </div>
   <div class='ocr_carea' id='block_1_21' title="bbox 1150 483 2095 630">
    <p class='ocr_par' dir='ltr' id='par_1_21' title="bbox 1150 474 2095 630">
     <span class='ocr_line' id='line_1_72' title="bbox 1233 483 2095 534; baseline 0.016 -16"><span class='ocrx_word' id='word_1_476' title='bbox 1233 483 1345 524; x_wconf 75' lang='lat' dir='ltr'>URA</span> <span class='ocrx_word' id='word_1_477' title='bbox 1373 485 1548 521; x_wconf 72' lang='lat' dir='ltr'>Pastor-alis</span> <span class='ocrx_word' id='word_1_478' title='bbox 1559 486 1658 521; x_wconf 83' lang='lat' dir='ltr'>officii</span> <span class='ocrx_word' id='word_1_479' title='bbox 1672 512 1683 530; x_wconf 90' lang='lat'>,</span> <span class='ocrx_word' id='word_1_480' title='bbox 1705 500 1806 534; x_wconf 81' lang='lat' dir='ltr'>quam</span> <span class='ocrx_word' id='word_1_481' title='bbox 1819 490 2008 534; x_wconf 72' lang='lat' dir='ltr'>providente</span> <span class='ocrx_word' id='word_1_482' title='bbox 2020 498 2095 532; x_wconf 79' lang='lat' dir='ltr'>Do·</span> 
     </span>
     <span class='ocr_line' id='line_1_73' title="bbox 1262 536 2094 583; baseline 0.014 -16"><span class='ocrx_word' id='word_1_483' title='bbox 1262 537 1374 576; x_wconf 74' lang='lat' dir='ltr'>mino,</span> <span class='ocrx_word' id='word_1_484' title='bbox 1404 536 1477 571; x_wconf 73' lang='lat' dir='ltr'>licet</span> <span class='ocrx_word' id='word_1_485' title='bbox 1492 536 1668 576; x_wconf 83' lang='lat' dir='ltr'>immeriti,</span> <span class='ocrx_word' id='word_1_486' title='bbox 1696 541 1840 583; x_wconf 87' lang='lat' dir='ltr'>gerimus</span> <span class='ocrx_word' id='word_1_487' title='bbox 1861 566 1872 582; x_wconf 85' lang='lat'>,</span> <span class='ocrx_word' id='word_1_488' title='bbox 1898 553 1960 577; x_wconf 87' lang='lat' dir='ltr'>nos</span> <span class='ocrx_word' id='word_1_489' title='bbox 1979 542 2094 580; x_wconf 64' lang='lat' dir='ltr'>admo·-</span> 
     </span>
     <span class='ocr_line' id='line_1_74' title="bbox 1150 584 2094 630; baseline 0.007 -9"><span class='ocrx_word' id='word_1_490' title='bbox 1150 597 1202 621; x_wconf 80' lang='lat' dir='ltr'>net</span> <span class='ocrx_word' id='word_1_491' title='bbox 1215 585 1421 630; x_wconf 78' lang='lat' dir='ltr'>propensius,</span> <span class='ocrx_word' id='word_1_492' title='bbox 1446 584 1638 620; x_wconf 77' lang='lat' dir='ltr'>&amp;hortatur</span> <span class='ocrx_word' id='word_1_493' title='bbox 1653 588 1693 621; x_wconf 83' lang='lat' dir='ltr'>ad</span> <span class='ocrx_word' id='word_1_494' title='bbox 1719 591 1893 626; x_wconf 81' lang='lat' dir='ltr'>universos.</span> <span class='ocrx_word' id='word_1_495' title='bbox 1905 593 2008 627; x_wconf 88' lang='lat' dir='ltr'>aciem</span> <span class='ocrx_word' id='word_1_496' title='bbox 2031 603 2094 626; x_wconf 83' lang='lat' dir='ltr'>no-</span> 
     </span>
    </p>
   </div>
   <div class='ocr_carea' id='block_1_22' title="bbox 1112 636 2098 678">
    <p class='ocr_par' dir='ltr' id='par_1_22' title="bbox 1112 636 2098 678">
     <span class='ocr_line' id='line_1_75' title="bbox 1112 636 2098 678; baseline 0.01 -10"><span class='ocrx_word' id='word_1_497' title='bbox 1112 638 1114 640; x_wconf 84' lang='lat'>&#39;</span> <span class='ocrx_word' id='word_1_498' title='bbox 1149 637 1215 670; x_wconf 67' lang='lat' dir='ltr'>strar</span> <span class='ocrx_word' id='word_1_499' title='bbox 1234 636 1500 671; x_wconf 71' lang='lat' dir='ltr'>considerationis</span> <span class='ocrx_word' id='word_1_500' title='bbox 1522 636 1717 678; x_wconf 80' lang='lat' dir='ltr'>extendere,</span> <span class='ocrx_word' id='word_1_501' title='bbox 1741 640 1776 673; x_wconf 76' lang='grc' dir='ltr'>δε</span> <span class='ocrx_word' id='word_1_502' title='bbox 1799 641 1842 675; x_wconf 90' lang='lat' dir='ltr'>de</span> <span class='ocrx_word' id='word_1_503' title='bbox 1870 642 2098 678; x_wconf 61' lang='lat' dir='ltr'>universos-tun</span> 
     </span>
    </p>
   </div>
   <div class='ocr_carea' id='block_1_23' title="bbox 1143 685 2106 1283">
    <p class='ocr_par' dir='ltr' id='par_1_23' title="bbox 1143 685 2106 1283">
     <span class='ocr_line' id='line_1_76' title="bbox 1151 685 2089 732; baseline 0.006 -12"><span class='ocrx_word' id='word_1_504' title='bbox 1151 687 1251 720; x_wconf 79' lang='lat' dir='ltr'>salute</span> <span class='ocrx_word' id='word_1_505' title='bbox 1263 685 1640 731; x_wconf 74' lang='lat' dir='ltr'>sollicitudinem-gerere</span> <span class='ocrx_word' id='word_1_506' title='bbox 1660 690 1897 732; x_wconf 72' lang='lat' dir='ltr'>propensiorem</span> <span class='ocrx_word' id='word_1_507' title='bbox 1913 716 1920 723; x_wconf 94' lang='lat'>.</span> <span class='ocrx_word' id='word_1_508' title='bbox 1948 690 2031 726; x_wconf 81' lang='lat' dir='ltr'>Inde</span> <span class='ocrx_word' id='word_1_509' title='bbox 2040 692 2089 726; x_wconf 78' lang='lat' dir='ltr'>est</span> 
     </span>
     <span class='ocr_line' id='line_1_77' title="bbox 1151 734 2099 785; baseline 0.008 -17"><span class='ocrx_word' id='word_1_510' title='bbox 1151 734 1238 780; x_wconf 76' lang='lat' dir='ltr'>quod</span> <span class='ocrx_word' id='word_1_511' title='bbox 1251 735 1446 769; x_wconf 74' lang='lat' dir='ltr'>universitati</span> <span class='ocrx_word' id='word_1_512' title='bbox 1460 736 1570 770; x_wconf 77' lang='lat' dir='ltr'>vestrae</span> <span class='ocrx_word' id='word_1_513' title='bbox 1581 747 1634 781; x_wconf 86' lang='lat' dir='ltr'>per</span> <span class='ocrx_word' id='word_1_514' title='bbox 1647 737 1838 780; x_wconf 79' lang='lat' dir='ltr'>Apostolica</span> <span class='ocrx_word' id='word_1_515' title='bbox 1852 742 1967 785; x_wconf 81' lang='lat' dir='ltr'>scripta</span> <span class='ocrx_word' id='word_1_516' title='bbox 1989 742 2099 785; x_wconf 72' lang='lat' dir='ltr'>praeci-</span> 
     </span>
     <span class='ocr_line' id='line_1_78' title="bbox 1151 784 2096 835; baseline 0.007 -16"><span class='ocrx_word' id='word_1_517' title='bbox 1151 785 1276 829; x_wconf 80' lang='lat' dir='ltr'>piendo</span> <span class='ocrx_word' id='word_1_518' title='bbox 1287 784 1476 820; x_wconf 82' lang='lat' dir='ltr'>mandamus</span> <span class='ocrx_word' id='word_1_519' title='bbox 1486 811 1501 827; x_wconf 71' lang='lat'>,</span> <span class='ocrx_word' id='word_1_520' title='bbox 1524 787 1603 820; x_wconf 91' lang='lat' dir='ltr'>&amp;in</span> <span class='ocrx_word' id='word_1_521' title='bbox 1618 787 1737 821; x_wconf 88' lang='lat' dir='ltr'>virtute</span> <span class='ocrx_word' id='word_1_522' title='bbox 1750 789 1947 826; x_wconf 64' lang='lat' dir='ltr'>obedientia</span> <span class='ocrx_word' id='word_1_523' title='bbox 1974 791 2032 828; x_wconf 78' lang='lat' dir='ltr'>sub</span> <span class='ocrx_word' id='word_1_524' title='bbox 2045 803 2096 835; x_wconf 62' lang='lat' dir='ltr'>pq&gt;</span> 
     </span>
     <span class='ocr_line' id='line_1_79' title="bbox 1153 835 2095 883; baseline 0.004 -12"><span class='ocrx_word' id='word_1_525' title='bbox 1153 847 1194 871; x_wconf 89' lang='lat' dir='ltr'>na</span> <span class='ocrx_word' id='word_1_526' title='bbox 1204 835 1373 869; x_wconf 79' lang='lat' dir='ltr'>ordinis&amp;</span> <span class='ocrx_word' id='word_1_527' title='bbox 1385 837 1498 870; x_wconf 82' lang='lat' dir='ltr'>officii</span> <span class='ocrx_word' id='word_1_528' title='bbox 1510 836 1734 881; x_wconf 72' lang='lat' dir='ltr'>injungimus,</span> <span class='ocrx_word' id='word_1_529' title='bbox 1761 842 1919 883; x_wconf 76' lang='lat' dir='ltr'>quatenus</span> <span class='ocrx_word' id='word_1_530' title='bbox 1932 866 1944 882; x_wconf 88' lang='lat'>,</span> <span class='ocrx_word' id='word_1_531' title='bbox 1973 842 1995 875; x_wconf 83' lang='lat' dir='ltr'>fi</span> <span class='ocrx_word' id='word_1_532' title='bbox 2019 841 2095 875; x_wconf 74' lang='lat' dir='ltr'>Rex</span> 
     </span>
     <span class='ocr_line' id='line_1_80' title="bbox 1154 886 2096 931; baseline 0.004 -11"><span class='ocrx_word' id='word_1_533' title='bbox 1154 886 1301 930; x_wconf 76' lang='lat' dir='ltr'>Angliae,</span> <span class='ocrx_word' id='word_1_534' title='bbox 1331 887 1510 921; x_wconf 81' lang='lat' dir='ltr'>secundum</span> <span class='ocrx_word' id='word_1_535' title='bbox 1518 889 1608 930; x_wconf 82' lang='lat' dir='ltr'>quod</span> <span class='ocrx_word' id='word_1_536' title='bbox 1620 887 1715 922; x_wconf 86' lang='lat' dir='ltr'>nobis</span> <span class='ocrx_word' id='word_1_537' title='bbox 1727 899 1782 931; x_wconf 89' lang='lat' dir='ltr'>pet</span> <span class='ocrx_word' id='word_1_538' title='bbox 1794 889 1916 925; x_wconf 86' lang='lat' dir='ltr'>litteras</span> <span class='ocrx_word' id='word_1_539' title='bbox 1943 892 1974 925; x_wconf 73' lang='grc' dir='ltr'>δι</span> <span class='ocrx_word' id='word_1_540' title='bbox 1992 892 2049 926; x_wconf 91' lang='lat' dir='ltr'>Nu</span> <span class='ocrx_word' id='word_1_541' title='bbox 2056 902 2096 924; x_wconf 84' lang='lat' dir='ltr'>n-</span> 
     </span>
     <span class='ocr_line' id='line_1_81' title="bbox 1152 933 2101 979; baseline 0.005 -9"><span class='ocrx_word' id='word_1_542' title='bbox 1152 937 1221 970; x_wconf 80' lang='lat' dir='ltr'>cios</span> <span class='ocrx_word' id='word_1_543' title='bbox 1236 933 1349 979; x_wconf 59' lang='lat' dir='ltr'>saepius</span> <span class='ocrx_word' id='word_1_544' title='bbox 1357 936 1505 978; x_wconf 82' lang='lat' dir='ltr'>promisit</span> <span class='ocrx_word' id='word_1_545' title='bbox 1517 960 1529 976; x_wconf 90' lang='lat'>,</span> <span class='ocrx_word' id='word_1_546' title='bbox 1555 937 1730 972; x_wconf 85' lang='lat' dir='ltr'>venerabili</span> <span class='ocrx_word' id='word_1_547' title='bbox 1742 939 1846 974; x_wconf 84' lang='lat' dir='ltr'>Fratri</span> <span class='ocrx_word' id='word_1_548' title='bbox 1871 941 1983 975; x_wconf 83' lang='lat' dir='ltr'>nostro</span> <span class='ocrx_word' id='word_1_549' title='bbox 1997 940 2101 975; x_wconf 54' lang='lat' dir='ltr'>Tho*</span> 
     </span>
     <span class='ocr_line' id='line_1_82' title="bbox 1143 984 2100 1034; baseline 0.005 -14"><span class='ocrx_word' id='word_1_550' title='bbox 1143 998 1210 1020; x_wconf 66' lang='lat' dir='ltr'>›mae</span> <span class='ocrx_word' id='word_1_551' title='bbox 1221 984 1444 1020; x_wconf 80' lang='lat' dir='ltr'>Cantuariensi</span> <span class='ocrx_word' id='word_1_552' title='bbox 1457 984 1562 1020; x_wconf 88' lang='lat' dir='ltr'>Archi</span> <span class='ocrx_word' id='word_1_553' title='bbox 1575 1006 1585 1012; x_wconf 97' lang='lat'><em>-</em></span> <span class='ocrx_word' id='word_1_554' title='bbox 1598 987 1765 1031; x_wconf 82' lang='lat' dir='ltr'>Episcopo</span> <span class='ocrx_word' id='word_1_555' title='bbox 1779 1013 1791 1029; x_wconf 89' lang='lat'>,</span> <span class='ocrx_word' id='word_1_556' title='bbox 1819 989 2024 1034; x_wconf 77' lang='lat' dir='ltr'>Apostolicae</span> <span class='ocrx_word' id='word_1_557' title='bbox 2045 991 2100 1025; x_wconf 83' lang='lat' dir='ltr'>Se·</span> 
     </span>
     <span class='ocr_line' id='line_1_83' title="bbox 1153 1035 2098 1081; baseline 0.004 -12"><span class='ocrx_word' id='word_1_558' title='bbox 1153 1035 1207 1070; x_wconf 72' lang='lat' dir='ltr'>dis</span> <span class='ocrx_word' id='word_1_559' title='bbox 1225 1036 1353 1080; x_wconf 88' lang='lat' dir='ltr'>Legato</span> <span class='ocrx_word' id='word_1_560' title='bbox 1366 1059 1379 1075; x_wconf 90' lang='lat'>,</span> <span class='ocrx_word' id='word_1_561' title='bbox 1402 1035 1510 1070; x_wconf 84' lang='lat' dir='ltr'>&amp;suis</span> <span class='ocrx_word' id='word_1_562' title='bbox 1522 1036 1655 1080; x_wconf 87' lang='lat' dir='ltr'>plenam.</span> <span class='ocrx_word' id='word_1_563' title='bbox 1663 1049 1777 1081; x_wconf 83' lang='lat' dir='ltr'>pacem</span> <span class='ocrx_word' id='word_1_564' title='bbox 1798 1040 1832 1074; x_wconf 76' lang='grc' dir='ltr'>δι</span> <span class='ocrx_word' id='word_1_565' title='bbox 1856 1040 2062 1075; x_wconf 79' lang='lat' dir='ltr'>securitatem</span> <span class='ocrx_word' id='word_1_566' title='bbox 2086 1064 2098 1080; x_wconf 83' lang='lat'>‚</span> 
     </span>
     <span class='ocr_line' id='line_1_84' title="bbox 1153 1083 2103 1130; baseline 0.005 -11"><span class='ocrx_word' id='word_1_567' title='bbox 1153 1097 1252 1130; x_wconf 82' lang='lat' dir='ltr'>quam</span> <span class='ocrx_word' id='word_1_568' title='bbox 1274 1083 1496 1120; x_wconf 76' lang='lat' dir='ltr'>mediantibus</span> <span class='ocrx_word' id='word_1_569' title='bbox 1525 1087 1766 1124; x_wconf 86' lang='lat' dir='ltr'>venerabilibus</span> <span class='ocrx_word' id='word_1_570' title='bbox 1786 1090 1961 1125; x_wconf 74' lang='lat' dir='ltr'>Fratribus</span> <span class='ocrx_word' id='word_1_571' title='bbox 1982 1088 2103 1124; x_wconf 77' lang='lat' dir='ltr'>nostris.</span> 
     </span>
     <span class='ocr_line' id='line_1_85' title="bbox 1156 1133 2096 1182; baseline 0.003 -13"><span class='ocrx_word' id='word_1_572' title='bbox 1156 1134 1419 1180; x_wconf 80' lang='lat' dir='ltr'>Rothomagenfi</span> <span class='ocrx_word' id='word_1_573' title='bbox 1456 1133 1558 1170; x_wconf 82' lang='lat' dir='ltr'>Archi</span> <span class='ocrx_word' id='word_1_574' title='bbox 1571 1154 1582 1160; x_wconf 91' lang='lat'><em>-</em></span> <span class='ocrx_word' id='word_1_575' title='bbox 1594 1137 1757 1182; x_wconf 83' lang='lat' dir='ltr'>Episcopo</span> <span class='ocrx_word' id='word_1_576' title='bbox 1774 1164 1789 1180; x_wconf 79' lang='lat'>,</span> <span class='ocrx_word' id='word_1_577' title='bbox 1823 1139 1858 1174; x_wconf 88' lang='lat'>&amp;</span> <span class='ocrx_word' id='word_1_578' title='bbox 1894 1139 2096 1175; x_wconf 68' lang='lat' dir='ltr'>N&#39;rvernenfi</span> 
     </span>
     <span class='ocr_line' id='line_1_86' title="bbox 1157 1185 2106 1232; baseline 0.004 -15"><span class='ocrx_word' id='word_1_579' title='bbox 1157 1185 1318 1228; x_wconf 85' lang='lat' dir='ltr'>Episcopo</span> <span class='ocrx_word' id='word_1_580' title='bbox 1339 1209 1352 1226; x_wconf 91' lang='lat'>,</span> <span class='ocrx_word' id='word_1_581' title='bbox 1378 1185 1412 1219; x_wconf 88' lang='lat' dir='ltr'>in</span> <span class='ocrx_word' id='word_1_582' title='bbox 1434 1186 1615 1221; x_wconf 71' lang='lat' dir='ltr'>multorum</span> <span class='ocrx_word' id='word_1_583' title='bbox 1642 1188 1752 1231; x_wconf 84' lang='lat' dir='ltr'>poste&#39;a</span> <span class='ocrx_word' id='word_1_584' title='bbox 1775 1190 1941 1232; x_wconf 69' lang='lat' dir='ltr'>praesentia</span> <span class='ocrx_word' id='word_1_585' title='bbox 1962 1188 2106 1229; x_wconf 70' lang='lat' dir='ltr'>obtulit,</span> 
     </span>
     <span class='ocr_line' id='line_1_87' title="bbox 1156 1233 2101 1283; baseline 0.007 -17"><span class='ocrx_word' id='word_1_586' title='bbox 1156 1246 1224 1267; x_wconf 85' lang='lat' dir='ltr'>non</span> <span class='ocrx_word' id='word_1_587' title='bbox 1244 1233 1492 1276; x_wconf 77' lang='lat' dir='ltr'>adimpleverit,</span> <span class='ocrx_word' id='word_1_588' title='bbox 1516 1237 1550 1270; x_wconf 90' lang='lat'>&amp;</span> <span class='ocrx_word' id='word_1_589' title='bbox 1561 1239 1591 1270; x_wconf 91' lang='lat' dir='ltr'>ei</span> <span class='ocrx_word' id='word_1_590' title='bbox 1614 1235 1717 1271; x_wconf 69' lang='lat' dir='ltr'>Archi</span> <span class='ocrx_word' id='word_1_591' title='bbox 1730 1259 1739 1265; x_wconf 91' lang='lat'>-</span> <span class='ocrx_word' id='word_1_592' title='bbox 1754 1238 1990 1283; x_wconf 85' lang='lat' dir='ltr'>Episcopatum</span> <span class='ocrx_word' id='word_1_593' title='bbox 2003 1240 2101 1273; x_wconf 82' lang='lat' dir='ltr'>suum</span> 
     </span>
    </p>
   </div>
   <div class='ocr_carea' id='block_1_24' title="bbox 1155 1283 2106 1381">
    <p class='ocr_par' dir='ltr' id='par_1_24' title="bbox 1155 1283 2106 1381">
     <span class='ocr_line' id='line_1_88' title="bbox 1155 1283 2106 1331; baseline 0.006 -15"><span class='ocrx_word' id='word_1_594' title='bbox 1155 1294 1231 1316; x_wconf 80' lang='lat' dir='ltr'>cum</span> <span class='ocrx_word' id='word_1_595' title='bbox 1243 1283 1390 1325; x_wconf 69' lang='lat' dir='ltr'>plenaria,</span> <span class='ocrx_word' id='word_1_596' title='bbox 1398 1284 1608 1318; x_wconf 76' lang='lat' dir='ltr'>restitutione</span> <span class='ocrx_word' id='word_1_597' title='bbox 1617 1285 1805 1322; x_wconf 74' lang='lat' dir='ltr'>ablatorum</span> <span class='ocrx_word' id='word_1_598' title='bbox 1814 1312 1826 1327; x_wconf 89' lang='lat'>,</span> <span class='ocrx_word' id='word_1_599' title='bbox 1853 1290 2106 1331; x_wconf 59' lang='lat' dir='ltr'>posseffionur&#39;mv</span> 
     </span>
     <span class='ocr_line' id='line_1_89' title="bbox 1155 1331 2105 1381; baseline 0.007 -17"><span class='ocrx_word' id='word_1_600' title='bbox 1155 1331 1190 1365; x_wconf 76' lang='grc' dir='ltr'>δε</span> <span class='ocrx_word' id='word_1_601' title='bbox 1211 1331 1378 1365; x_wconf 79' lang='lat' dir='ltr'>honorum</span> <span class='ocrx_word' id='word_1_602' title='bbox 1415 1342 1485 1365; x_wconf 82' lang='lat' dir='ltr'>non</span> <span class='ocrx_word' id='word_1_603' title='bbox 1512 1332 1688 1366; x_wconf 76' lang='lat' dir='ltr'>restituerit</span> <span class='ocrx_word' id='word_1_604' title='bbox 1710 1357 1721 1373; x_wconf 94' lang='lat'>,</span> <span class='ocrx_word' id='word_1_605' title='bbox 1749 1335 1942 1371; x_wconf 77' lang='lat' dir='ltr'>sententiam</span> <span class='ocrx_word' id='word_1_606' title='bbox 1966 1360 1978 1377; x_wconf 93' lang='lat'>,</span> <span class='ocrx_word' id='word_1_607' title='bbox 2003 1346 2105 1381; x_wconf 75' lang='lat' dir='ltr'>quan</span> 
     </span>
    </p>
   </div>
   <div class='ocr_carea' id='block_1_25' title="bbox 1115 1374 2106 1479">
    <p class='ocr_par' dir='ltr' id='par_1_25' title="bbox 1115 1374 2106 1479">
     <span class='ocr_line' id='line_1_90' title="bbox 1115 1374 2106 1421; baseline 0.007 -7"><span class='ocrx_word' id='word_1_608' title='bbox 1115 1402 1118 1404; x_wconf 38' lang='lat' dir='ltr'>v</span> <span class='ocrx_word' id='word_1_609' title='bbox 1157 1374 1351 1415; x_wconf 78' lang='lat' dir='ltr'>venerabilis</span> <span class='ocrx_word' id='word_1_610' title='bbox 1379 1381 1488 1414; x_wconf 85' lang='lat' dir='ltr'>Frater</span> <span class='ocrx_word' id='word_1_611' title='bbox 1522 1381 1631 1416; x_wconf 83' lang='lat' dir='ltr'>noster</span> <span class='ocrx_word' id='word_1_612' title='bbox 1665 1382 1867 1419; x_wconf 78' lang='lat' dir='ltr'>Wilhelmus</span> <span class='ocrx_word' id='word_1_613' title='bbox 1907 1387 2106 1421; x_wconf 81' lang='lat' dir='ltr'>Senonenfis</span> 
     </span>
     <span class='ocr_line' id='line_1_91' title="bbox 1115 1427 2103 1479; baseline 0.007 -16"><span class='ocrx_word' id='word_1_614' title='bbox 1115 1445 1117 1448; x_wconf 54' lang='lat'>&gt;</span> <span class='ocrx_word' id='word_1_615' title='bbox 1159 1427 1498 1472; x_wconf 77' lang='lat' dir='ltr'>Archi-Episcopus,</span> <span class='ocrx_word' id='word_1_616' title='bbox 1521 1431 1720 1473; x_wconf 72' lang='lat' dir='ltr'>Apostolicat</span> <span class='ocrx_word' id='word_1_617' title='bbox 1744 1434 1836 1467; x_wconf 89' lang='lat' dir='ltr'>Sedis</span> <span class='ocrx_word' id='word_1_618' title='bbox 1860 1435 2030 1479; x_wconf 81' lang='lat' dir='ltr'>Legatus,</span> <span class='ocrx_word' id='word_1_619' title='bbox 2065 1436 2103 1470; x_wconf 77' lang='grc' dir='ltr'>ὅε</span> 
     </span>
    </p>
   </div>
   <div class='ocr_carea' id='block_1_26' title="bbox 1156 1478 2105 1764">
    <p class='ocr_par' dir='ltr' id='par_1_26' title="bbox 1156 1478 2105 1764">
     <span class='ocr_line' id='line_1_92' title="bbox 1158 1478 2105 1524; baseline 0.008 -12"><span class='ocrx_word' id='word_1_620' title='bbox 1158 1479 1324 1522; x_wconf 69' lang='lat' dir='ltr'>praedistus</span> <span class='ocrx_word' id='word_1_621' title='bbox 1337 1478 1613 1524; x_wconf 73' lang='lat' dir='ltr'>Rothomagensis</span> <span class='ocrx_word' id='word_1_622' title='bbox 1624 1504 1635 1520; x_wconf 90' lang='lat'>,</span> <span class='ocrx_word' id='word_1_623' title='bbox 1661 1481 1715 1515; x_wconf 61' lang='lat' dir='ltr'>wel</span> <span class='ocrx_word' id='word_1_624' title='bbox 1733 1482 1814 1516; x_wconf 87' lang='lat' dir='ltr'>alter</span> <span class='ocrx_word' id='word_1_625' title='bbox 1823 1494 1937 1519; x_wconf 88' lang='lat' dir='ltr'>eorum</span> <span class='ocrx_word' id='word_1_626' title='bbox 1953 1507 1964 1523; x_wconf 94' lang='lat'>,</span> <span class='ocrx_word' id='word_1_627' title='bbox 1990 1485 2024 1518; x_wconf 89' lang='lat' dir='ltr'>in</span> <span class='ocrx_word' id='word_1_628' title='bbox 2038 1492 2105 1520; x_wconf 82' lang='lat' dir='ltr'>ter-</span> 
     </span>
     <span class='ocr_line' id='line_1_93' title="bbox 1158 1528 2100 1578; baseline 0.007 -16"><span class='ocrx_word' id='word_1_629' title='bbox 1158 1540 1224 1563; x_wconf 89' lang='lat' dir='ltr'>ram</span> <span class='ocrx_word' id='word_1_630' title='bbox 1235 1529 1301 1572; x_wconf 86' lang='lat' dir='ltr'>ejus</span> <span class='ocrx_word' id='word_1_631' title='bbox 1311 1528 1533 1563; x_wconf 84' lang='lat' dir='ltr'>Cismatinam</span> <span class='ocrx_word' id='word_1_632' title='bbox 1542 1541 1671 1574; x_wconf 83' lang='lat' dir='ltr'>propter</span> <span class='ocrx_word' id='word_1_633' title='bbox 1683 1530 1749 1568; x_wconf 83' lang='lat' dir='ltr'>hoc</span> <span class='ocrx_word' id='word_1_634' title='bbox 1772 1534 2032 1578; x_wconf 78' lang='lat' dir='ltr'>promulgaverit</span> <span class='ocrx_word' id='word_1_635' title='bbox 2044 1545 2100 1577; x_wconf 84' lang='lat' dir='ltr'>per</span> 
     </span>
     <span class='ocr_line' id='line_1_94' title="bbox 1158 1577 2097 1624; baseline 0.006 -12"><span class='ocrx_word' id='word_1_636' title='bbox 1158 1577 1334 1614; x_wconf 72' lang='lat' dir='ltr'>parochias</span> <span class='ocrx_word' id='word_1_637' title='bbox 1353 1578 1491 1618; x_wconf 78' lang='lat' dir='ltr'>vestras,</span> <span class='ocrx_word' id='word_1_638' title='bbox 1518 1582 1613 1614; x_wconf 86' lang='lat' dir='ltr'>omni</span> <span class='ocrx_word' id='word_1_639' title='bbox 1631 1581 1898 1624; x_wconf 83' lang='lat' dir='ltr'>appellatione&amp;</span> <span class='ocrx_word' id='word_1_640' title='bbox 1923 1583 2097 1618; x_wconf 72' lang='lat' dir='ltr'>occasione</span> 
     </span>
     <span class='ocr_line' id='line_1_95' title="bbox 1157 1629 2104 1675; baseline 0.004 -12"><span class='ocrx_word' id='word_1_641' title='bbox 1157 1640 1283 1664; x_wconf 78' lang='lat' dir='ltr'>remota</span> <span class='ocrx_word' id='word_1_642' title='bbox 1300 1629 1436 1663; x_wconf 79' lang='lat' dir='ltr'>firmiter</span> <span class='ocrx_word' id='word_1_643' title='bbox 1470 1629 1506 1663; x_wconf 67' lang='lat' dir='ltr'>dr</span> <span class='ocrx_word' id='word_1_644' title='bbox 1542 1629 1736 1666; x_wconf 70' lang='lat' dir='ltr'>inconcusse</span> <span class='ocrx_word' id='word_1_645' title='bbox 1755 1632 1957 1675; x_wconf 87' lang='lat' dir='ltr'>observetis,</span> <span class='ocrx_word' id='word_1_646' title='bbox 1982 1634 2015 1668; x_wconf 91' lang='lat'>&amp;</span> <span class='ocrx_word' id='word_1_647' title='bbox 2054 1632 2104 1667; x_wconf 79' lang='lat' dir='ltr'>ab</span> 
     </span>
     <span class='ocr_line' id='line_1_96' title="bbox 1156 1678 2103 1728; baseline 0.003 -15"><span class='ocrx_word' id='word_1_648' title='bbox 1156 1679 1228 1714; x_wconf 81' lang='lat' dir='ltr'>aliis</span> <span class='ocrx_word' id='word_1_649' title='bbox 1237 1679 1365 1713; x_wconf 77' lang='lat' dir='ltr'>faciatis</span> <span class='ocrx_word' id='word_1_650' title='bbox 1387 1678 1620 1714; x_wconf 81' lang='lat' dir='ltr'>inviolabiliter</span> <span class='ocrx_word' id='word_1_651' title='bbox 1630 1679 1816 1716; x_wconf 86' lang='lat' dir='ltr'>observari.</span> <span class='ocrx_word' id='word_1_652' title='bbox 1841 1684 1972 1719; x_wconf 88' lang='lat' dir='ltr'>Datum</span> <span class='ocrx_word' id='word_1_653' title='bbox 1993 1682 2103 1728; x_wconf 76' lang='lat' dir='ltr'>Signi-</span> 
     </span>
     <span class='ocr_line' id='line_1_97' title="bbox 1157 1726 1613 1764; baseline -0.007 0"><span class='ocrx_word' id='word_1_654' title='bbox 1157 1730 1194 1764; x_wconf 76' lang='lat' dir='ltr'>ni</span> <span class='ocrx_word' id='word_1_655' title='bbox 1211 1730 1312 1764; x_wconf 85' lang='lat' dir='ltr'>tertio</span> <span class='ocrx_word' id='word_1_656' title='bbox 1329 1727 1406 1763; x_wconf 86' lang='lat' dir='ltr'>ldus</span> <span class='ocrx_word' id='word_1_657' title='bbox 1428 1726 1584 1762; x_wconf 66' lang='lat' dir='ltr'>octobris</span> <span class='ocrx_word' id='word_1_658' title='bbox 1600 1752 1613 1760; x_wconf 85' lang='lat'>..</span> 
     </span>
    </p>
   </div>
   <div class='ocr_carea' id='block_1_27' title="bbox 1284 1828 2010 1872">
    <p class='ocr_par' dir='ltr' id='par_1_27' title="bbox 1284 1828 2010 1872">
     <span class='ocr_line' id='line_1_98' title="bbox 1284 1828 2010 1872; baseline 0.012 -9"><span class='ocrx_word' id='word_1_659' title='bbox 1284 1828 1691 1868; x_wconf 74' lang='lat' dir='ltr'>EPtsToLA</span> <span class='ocrx_word' id='word_1_660' title='bbox 1791 1835 2010 1872; x_wconf 65' lang='lat' dir='ltr'>xxxllr.</span> 
     </span>
    </p>
   </div>
   <div class='ocr_carea' id='block_1_28' title="bbox 1195 1928 2067 1980">
    <p class='ocr_par' dir='ltr' id='par_1_28' title="bbox 1195 1928 2067 1980">
     <span class='ocr_line' id='line_1_99' title="bbox 1195 1928 2067 1980; baseline 0.014 -18"><span class='ocrx_word' id='word_1_661' title='bbox 1195 1928 1317 1964; x_wconf 74' lang='lat' dir='ltr'>Thomae</span> <span class='ocrx_word' id='word_1_662' title='bbox 1328 1931 1544 1973; x_wconf 70' lang='lat' dir='ltr'>cantamenfi</span> <span class='ocrx_word' id='word_1_663' title='bbox 1550 1933 1642 1967; x_wconf 75' lang='lat' dir='ltr'>Archi</span> <span class='ocrx_word' id='word_1_664' title='bbox 1651 1952 1662 1959; x_wconf 90' lang='lat'>-</span> <span class='ocrx_word' id='word_1_665' title='bbox 1672 1933 1825 1980; x_wconf 75' lang='lat' dir='ltr'>Episcopo</span> <span class='ocrx_word' id='word_1_666' title='bbox 1835 1935 1909 1980; x_wconf 77' lang='lat' dir='ltr'>ficus</span> <span class='ocrx_word' id='word_1_667' title='bbox 1923 1938 2042 1973; x_wconf 65' lang='lat' dir='ltr'>Fidelis</span> <span class='ocrx_word' id='word_1_668' title='bbox 2053 1961 2067 1974; x_wconf 50' lang='lat' dir='ltr'>a</span> 
     </span>
    </p>
   </div>
   <div class='ocr_carea' id='block_1_29' title="bbox 1141 2027 2105 3513">
    <p class='ocr_par' dir='ltr' id='par_1_29' title="bbox 1141 2027 2105 3513">
     <span class='ocr_line' id='line_1_100' title="bbox 1155 2027 2103 2114; baseline 0.015 -53"><span class='ocrx_word' id='word_1_669' title='bbox 1155 2027 1511 2114; x_wconf 78' lang='lat' dir='ltr'>TRANSACTA</span> <span class='ocrx_word' id='word_1_670' title='bbox 1527 2034 1704 2069; x_wconf 88' lang='lat' dir='ltr'>Dominica</span> <span class='ocrx_word' id='word_1_671' title='bbox 1718 2035 1792 2071; x_wconf 77' lang='lat' dir='ltr'>Rex</span> <span class='ocrx_word' id='word_1_672' title='bbox 1804 2036 1889 2081; x_wconf 86' lang='lat' dir='ltr'>apud</span> <span class='ocrx_word' id='word_1_673' title='bbox 1903 2037 2103 2075; x_wconf 73' lang='lat' dir='ltr'>Londonias</span> 
     </span>
     <span class='ocr_line' id='line_1_101' title="bbox 1269 2079 2101 2128; baseline 0.013 -15"><span class='ocrx_word' id='word_1_674' title='bbox 1269 2079 1393 2114; x_wconf 76' lang='lat' dir='ltr'>Filium</span> <span class='ocrx_word' id='word_1_675' title='bbox 1407 2080 1499 2115; x_wconf 75' lang='lat' dir='ltr'>su&#39;um</span> <span class='ocrx_word' id='word_1_676' title='bbox 1512 2083 1652 2128; x_wconf 79' lang='lat' dir='ltr'>cingulo</span> <span class='ocrx_word' id='word_1_677' title='bbox 1668 2087 1797 2121; x_wconf 64' lang='lat' dir='ltr'>militiae</span> <span class='ocrx_word' id='word_1_678' title='bbox 1818 2088 1973 2122; x_wconf 83' lang='lat' dir='ltr'>donavit.</span> <span class='ocrx_word' id='word_1_679' title='bbox 2006 2090 2101 2125; x_wconf 77' lang='lat' dir='ltr'>Eun-</span> 
     </span>
     <span class='ocr_line' id='line_1_102' title="bbox 1153 2126 2095 2182; baseline 0.014 -21"><span class='ocrx_word' id='word_1_680' title='bbox 1153 2126 1289 2171; x_wconf 86' lang='lat' dir='ltr'>demque</span> <span class='ocrx_word' id='word_1_681' title='bbox 1304 2129 1412 2164; x_wconf 86' lang='lat' dir='ltr'>statim</span> <span class='ocrx_word' id='word_1_682' title='bbox 1427 2131 1635 2168; x_wconf 84' lang='lat' dir='ltr'>Eboracensis</span> <span class='ocrx_word' id='word_1_683' title='bbox 1657 2135 1689 2169; x_wconf 90' lang='lat' dir='ltr'>in</span> <span class='ocrx_word' id='word_1_684' title='bbox 1707 2137 1835 2182; x_wconf 86' lang='lat' dir='ltr'>Regem</span> <span class='ocrx_word' id='word_1_685' title='bbox 1849 2138 2003 2172; x_wconf 87' lang='lat' dir='ltr'>inunxit.</span> <span class='ocrx_word' id='word_1_686' title='bbox 2032 2140 2095 2174; x_wconf 81' lang='lat' dir='ltr'>lbi-</span> 
     </span>
     <span class='ocr_line' id='line_1_103' title="bbox 1155 2178 2105 2228; baseline 0.016 -19"><span class='ocrx_word' id='word_1_687' title='bbox 1155 2189 1217 2220; x_wconf 88' lang='lat' dir='ltr'>que</span> <span class='ocrx_word' id='word_1_688' title='bbox 1242 2178 1314 2212; x_wconf 82' lang='lat' dir='ltr'>Rex</span> <span class='ocrx_word' id='word_1_689' title='bbox 1326 2180 1418 2214; x_wconf 86' lang='lat' dir='ltr'>Filiis</span> <span class='ocrx_word' id='word_1_690' title='bbox 1438 2182 1501 2215; x_wconf 91' lang='lat' dir='ltr'>suis</span> <span class='ocrx_word' id='word_1_691' title='bbox 1514 2183 1632 2219; x_wconf 80' lang='lat' dir='ltr'>Terras</span> <span class='ocrx_word' id='word_1_692' title='bbox 1645 2186 1713 2220; x_wconf 82' lang='lat' dir='ltr'>suas</span> <span class='ocrx_word' id='word_1_693' title='bbox 1734 2188 1841 2222; x_wconf 81' lang='lat' dir='ltr'>divisit</span> <span class='ocrx_word' id='word_1_694' title='bbox 1856 2213 1866 2228; x_wconf 94' lang='lat'>,</span> <span class='ocrx_word' id='word_1_695' title='bbox 1893 2190 2018 2223; x_wconf 64' lang='lat' dir='ltr'>cunctis</span> <span class='ocrx_word' id='word_1_696' title='bbox 2044 2190 2105 2224; x_wconf 61' lang='lat' dir='ltr'>ad«</span> 
     </span>
     <span class='ocr_line' id='line_1_104' title="bbox 1155 2228 2096 2273; baseline 0.015 -14"><span class='ocrx_word' id='word_1_697' title='bbox 1155 2228 1367 2269; x_wconf 88' lang='lat' dir='ltr'>mirantibus,</span> <span class='ocrx_word' id='word_1_698' title='bbox 1394 2230 1475 2272; x_wconf 88' lang='lat' dir='ltr'>quid</span> <span class='ocrx_word' id='word_1_699' title='bbox 1489 2233 1528 2266; x_wconf 89' lang='lat' dir='ltr'>de</span> <span class='ocrx_word' id='word_1_700' title='bbox 1540 2245 1652 2268; x_wconf 80' lang='lat' dir='ltr'>caetero</span> <span class='ocrx_word' id='word_1_701' title='bbox 1666 2238 1702 2269; x_wconf 80' lang='lat' dir='ltr'>fit</span> <span class='ocrx_word' id='word_1_702' title='bbox 1714 2238 1873 2272; x_wconf 62' lang='lat' dir='ltr'>fadlurus.</span> <span class='ocrx_word' id='word_1_703' title='bbox 1903 2237 2096 2273; x_wconf 87' lang='lat' dir='ltr'>Adventum</span> 
     </span>
     <span class='ocr_line' id='line_1_105' title="bbox 1155 2277 2095 2330; baseline 0.015 -21"><span class='ocrx_word' id='word_1_704' title='bbox 1155 2277 1299 2310; x_wconf 86' lang='lat' dir='ltr'>suumin·</span> <span class='ocrx_word' id='word_1_705' title='bbox 1318 2278 1559 2315; x_wconf 83' lang='lat' dir='ltr'>Normanniam</span> <span class='ocrx_word' id='word_1_706' title='bbox 1572 2284 1722 2326; x_wconf 76' lang='lat' dir='ltr'>quotidie</span> <span class='ocrx_word' id='word_1_707' title='bbox 1739 2288 1818 2321; x_wconf 86' lang='lat' dir='ltr'>facit</span> <span class='ocrx_word' id='word_1_708' title='bbox 1843 2287 2004 2330; x_wconf 82' lang='lat' dir='ltr'>praedicari</span> <span class='ocrx_word' id='word_1_709' title='bbox 2019 2313 2031 2328; x_wconf 92' lang='lat'>,</span> <span class='ocrx_word' id='word_1_710' title='bbox 2057 2298 2095 2322; x_wconf 88' lang='lat' dir='ltr'>ut</span> 
     </span>
     <span class='ocr_line' id='line_1_106' title="bbox 1156 2328 2094 2379; baseline 0.015 -21"><span class='ocrx_word' id='word_1_711' title='bbox 1156 2328 1258 2371; x_wconf 82' lang='lat' dir='ltr'>magis</span> <span class='ocrx_word' id='word_1_712' title='bbox 1269 2328 1442 2361; x_wconf 86' lang='lat' dir='ltr'>timeatur.</span> <span class='ocrx_word' id='word_1_713' title='bbox 1470 2330 1532 2363; x_wconf 82' lang='lat' dir='ltr'>Sed</span> <span class='ocrx_word' id='word_1_714' title='bbox 1546 2343 1612 2364; x_wconf 86' lang='lat' dir='ltr'>non</span> <span class='ocrx_word' id='word_1_715' title='bbox 1628 2335 1736 2369; x_wconf 90' lang='lat' dir='ltr'>veniet</span> <span class='ocrx_word' id='word_1_716' title='bbox 1752 2358 1764 2375; x_wconf 86' lang='lat'>,</span> <span class='ocrx_word' id='word_1_717' title='bbox 1793 2337 1949 2379; x_wconf 77' lang='lat' dir='ltr'>quamdiu</span> <span class='ocrx_word' id='word_1_718' title='bbox 1974 2338 2094 2372; x_wconf 84' lang='lat' dir='ltr'>Filiam</span> 
     </span>
     <span class='ocr_line' id='line_1_107' title="bbox 1156 2377 2094 2425; baseline 0.015 -17"><span class='ocrx_word' id='word_1_719' title='bbox 1156 2377 1254 2420; x_wconf 81' lang='lat' dir='ltr'>Regis</span> <span class='ocrx_word' id='word_1_720' title='bbox 1274 2377 1474 2412; x_wconf 83' lang='lat' dir='ltr'>Francorum</span> <span class='ocrx_word' id='word_1_721' title='bbox 1500 2392 1573 2415; x_wconf 89' lang='lat' dir='ltr'>cum</span> <span class='ocrx_word' id='word_1_722' title='bbox 1589 2382 1720 2425; x_wconf 86' lang='lat' dir='ltr'>Regina</span> <span class='ocrx_word' id='word_1_723' title='bbox 1747 2385 1895 2418; x_wconf 89' lang='lat' dir='ltr'>Cadomi</span> <span class='ocrx_word' id='word_1_724' title='bbox 1908 2397 2094 2422; x_wconf 84' lang='lat' dir='ltr'>morantem</span> 
     </span>
     <span class='ocr_line' id='line_1_108' title="bbox 1153 2426 2098 2472; baseline 0.012 -14"><span class='ocrx_word' id='word_1_725' title='bbox 1153 2426 1314 2467; x_wconf 84' lang='lat' dir='ltr'>vestibus,</span> <span class='ocrx_word' id='word_1_726' title='bbox 1335 2428 1545 2470; x_wconf 85' lang='lat' dir='ltr'>equitaturis,</span> <span class='ocrx_word' id='word_1_727' title='bbox 1585 2431 1618 2462; x_wconf 78' lang='lat' dir='ltr'>dc</span> <span class='ocrx_word' id='word_1_728' title='bbox 1637 2431 1759 2464; x_wconf 81' lang='lat' dir='ltr'>familia</span> <span class='ocrx_word' id='word_1_729' title='bbox 1783 2434 1936 2466; x_wconf 86' lang='lat' dir='ltr'>decenter</span> <span class='ocrx_word' id='word_1_730' title='bbox 1957 2436 2098 2472; x_wconf 68' lang='lat' dir='ltr'>instrue·</span> 
     </span>
     <span class='ocr_line' id='line_1_109' title="bbox 1151 2475 2097 2524; baseline 0.012 -15"><span class='ocrx_word' id='word_1_731' title='bbox 1151 2486 1198 2510; x_wconf 89' lang='lat' dir='ltr'>ret</span> <span class='ocrx_word' id='word_1_732' title='bbox 1210 2475 1249 2510; x_wconf 86' lang='lat' dir='ltr'>ad</span> <span class='ocrx_word' id='word_1_733' title='bbox 1259 2478 1528 2511; x_wconf 77' lang='lat' dir='ltr'>transfretandum</span> <span class='ocrx_word' id='word_1_734' title='bbox 1541 2502 1551 2517; x_wconf 93' lang='lat'>,</span> <span class='ocrx_word' id='word_1_735' title='bbox 1573 2480 1707 2522; x_wconf 78' lang='lat' dir='ltr'>quando</span> <span class='ocrx_word' id='word_1_736' title='bbox 1718 2481 1782 2524; x_wconf 89' lang='lat' dir='ltr'>ipse</span> <span class='ocrx_word' id='word_1_737' title='bbox 1797 2482 1965 2517; x_wconf 84' lang='lat' dir='ltr'>mandaret</span> <span class='ocrx_word' id='word_1_738' title='bbox 1977 2508 1984 2517; x_wconf 85' lang='lat'><strong><em>.</em></strong></span> <span class='ocrx_word' id='word_1_739' title='bbox 2010 2485 2097 2520; x_wconf 88' lang='lat' dir='ltr'>Hoc·</span> 
     </span>
     <span class='ocr_line' id='line_1_110' title="bbox 1142 2527 2086 2574; baseline 0.011 -15"><span class='ocrx_word' id='word_1_740' title='bbox 1142 2535 1259 2560; x_wconf 76' lang='lat' dir='ltr'>vantem</span> <span class='ocrx_word' id='word_1_741' title='bbox 1271 2527 1388 2560; x_wconf 64' lang='lat' dir='ltr'>factum</span> <span class='ocrx_word' id='word_1_742' title='bbox 1401 2527 1445 2559; x_wconf 86' lang='lat' dir='ltr'>est</span> <span class='ocrx_word' id='word_1_743' title='bbox 1458 2550 1468 2565; x_wconf 90' lang='lat'>,</span> <span class='ocrx_word' id='word_1_744' title='bbox 1495 2538 1530 2560; x_wconf 90' lang='lat' dir='ltr'>ut</span> <span class='ocrx_word' id='word_1_745' title='bbox 1542 2528 1651 2562; x_wconf 88' lang='lat' dir='ltr'>audiat</span> <span class='ocrx_word' id='word_1_746' title='bbox 1664 2530 1737 2564; x_wconf 84' lang='lat' dir='ltr'>Rex</span> <span class='ocrx_word' id='word_1_747' title='bbox 1748 2531 1973 2574; x_wconf 85' lang='lat' dir='ltr'>Francorum,</span> <span class='ocrx_word' id='word_1_748' title='bbox 1999 2534 2031 2568; x_wconf 70' lang='grc' dir='ltr'>δε</span> <span class='ocrx_word' id='word_1_749' title='bbox 2044 2535 2086 2569; x_wconf 87' lang='lat' dir='ltr'>ab</span> 
     </span>
     <span class='ocr_line' id='line_1_111' title="bbox 1151 2576 2090 2624; baseline 0.012 -15"><span class='ocrx_word' id='word_1_750' title='bbox 1151 2576 1382 2621; x_wconf 86' lang='lat' dir='ltr'>indignatione</span> <span class='ocrx_word' id='word_1_751' title='bbox 1399 2599 1410 2615; x_wconf 87' lang='lat'>,</span> <span class='ocrx_word' id='word_1_752' title='bbox 1444 2586 1542 2618; x_wconf 85' lang='lat' dir='ltr'>quam</span> <span class='ocrx_word' id='word_1_753' title='bbox 1562 2577 1601 2611; x_wconf 89' lang='lat' dir='ltr'>de</span> <span class='ocrx_word' id='word_1_754' title='bbox 1622 2590 1814 2624; x_wconf 87' lang='lat' dir='ltr'>contemptu</span> <span class='ocrx_word' id='word_1_755' title='bbox 1847 2583 1939 2616; x_wconf 75' lang='lat' dir='ltr'>Filia:</span> <span class='ocrx_word' id='word_1_756' title='bbox 1974 2595 2090 2619; x_wconf 88' lang='lat' dir='ltr'>conce-</span> 
     </span>
     <span class='ocr_line' id='line_1_112' title="bbox 1151 2624 2088 2669; baseline 0.01 -9"><span class='ocrx_word' id='word_1_757' title='bbox 1151 2627 1221 2669; x_wconf 86' lang='lat' dir='ltr'>pit,</span> <span class='ocrx_word' id='word_1_758' title='bbox 1248 2624 1477 2669; x_wconf 85' lang='lat' dir='ltr'>aliquantisper</span> <span class='ocrx_word' id='word_1_759' title='bbox 1496 2627 1638 2669; x_wconf 87' lang='lat' dir='ltr'>quiescat</span> <span class='ocrx_word' id='word_1_760' title='bbox 1653 2652 1660 2660; x_wconf 91' lang='lat'><strong>.</strong></span> <span class='ocrx_word' id='word_1_761' title='bbox 1686 2629 1767 2663; x_wconf 90' lang='lat' dir='ltr'>Non</span> <span class='ocrx_word' id='word_1_762' title='bbox 1780 2632 1869 2666; x_wconf 86' lang='lat' dir='ltr'>enim</span> <span class='ocrx_word' id='word_1_763' title='bbox 1891 2634 2088 2669; x_wconf 84' lang='lat' dir='ltr'>mandatum·</span> 
     </span>
     <span class='ocr_line' id='line_1_113' title="bbox 1148 2675 2091 2727; baseline 0.014 -21"><span class='ocrx_word' id='word_1_764' title='bbox 1148 2676 1193 2710; x_wconf 83' lang='lat' dir='ltr'>est</span> <span class='ocrx_word' id='word_1_765' title='bbox 1205 2700 1217 2716; x_wconf 94' lang='lat'>,</span> <span class='ocrx_word' id='word_1_766' title='bbox 1242 2685 1278 2708; x_wconf 86' lang='lat' dir='ltr'>ut</span> <span class='ocrx_word' id='word_1_767' title='bbox 1289 2675 1396 2708; x_wconf 88' lang='lat' dir='ltr'>statim</span> <span class='ocrx_word' id='word_1_768' title='bbox 1407 2685 1477 2715; x_wconf 92' lang='lat' dir='ltr'>eat,</span> <span class='ocrx_word' id='word_1_769' title='bbox 1504 2676 1558 2711; x_wconf 82' lang='lat' dir='ltr'>sed</span> <span class='ocrx_word' id='word_1_770' title='bbox 1567 2680 1732 2721; x_wconf 71' lang='lat' dir='ltr'>praeparari</span> <span class='ocrx_word' id='word_1_771' title='bbox 1754 2680 1885 2723; x_wconf 82' lang='lat' dir='ltr'>jubetur</span> <span class='ocrx_word' id='word_1_772' title='bbox 1897 2707 1907 2723; x_wconf 92' lang='lat'>,</span> <span class='ocrx_word' id='word_1_773' title='bbox 1935 2692 1972 2717; x_wconf 89' lang='lat' dir='ltr'>ut</span> <span class='ocrx_word' id='word_1_774' title='bbox 1987 2694 2091 2727; x_wconf 83' lang='lat' dir='ltr'>quan-</span> 
     </span>
     <span class='ocr_line' id='line_1_114' title="bbox 1147 2724 2089 2768; baseline 0.007 -9"><span class='ocrx_word' id='word_1_775' title='bbox 1147 2726 1191 2760; x_wconf 87' lang='lat' dir='ltr'>do</span> <span class='ocrx_word' id='word_1_776' title='bbox 1204 2727 1278 2758; x_wconf 80' lang='lat' dir='ltr'>Rex</span> <span class='ocrx_word' id='word_1_777' title='bbox 1297 2724 1416 2759; x_wconf 83' lang='lat' dir='ltr'>miserit</span> <span class='ocrx_word' id='word_1_778' title='bbox 1427 2737 1486 2768; x_wconf 88' lang='lat' dir='ltr'>pro</span> <span class='ocrx_word' id='word_1_779' title='bbox 1497 2737 1554 2766; x_wconf 90' lang='lat' dir='ltr'>ea,</span> <span class='ocrx_word' id='word_1_780' title='bbox 1580 2728 1626 2762; x_wconf 85' lang='lat' dir='ltr'>ire</span> <span class='ocrx_word' id='word_1_781' title='bbox 1650 2740 1717 2763; x_wconf 89' lang='lat' dir='ltr'>non</span> <span class='ocrx_word' id='word_1_782' title='bbox 1742 2731 1869 2766; x_wconf 78' lang='lat' dir='ltr'>differat</span> <span class='ocrx_word' id='word_1_783' title='bbox 1885 2758 1892 2764; x_wconf 87' lang='lat'><strong>.</strong></span> <span class='ocrx_word' id='word_1_784' title='bbox 1921 2733 2020 2767; x_wconf 78' lang='lat' dir='ltr'>Forte</span> <span class='ocrx_word' id='word_1_785' title='bbox 2043 2745 2089 2768; x_wconf 88' lang='lat' dir='ltr'>et·-</span> 
     </span>
     <span class='ocr_line' id='line_1_115' title="bbox 1147 2775 2087 2825; baseline 0.01 -17"><span class='ocrx_word' id='word_1_786' title='bbox 1147 2787 1192 2820; x_wconf 89' lang='lat' dir='ltr'>go</span> <span class='ocrx_word' id='word_1_787' title='bbox 1213 2775 1502 2810; x_wconf 67' lang='lat' dir='ltr'>consecrationem</span> <span class='ocrx_word' id='word_1_788' title='bbox 1521 2776 1642 2812; x_wconf 68' lang='lat' dir='ltr'>Puellae</span> <span class='ocrx_word' id='word_1_789' title='bbox 1660 2802 1672 2818; x_wconf 91' lang='lat'>‚</span> <span class='ocrx_word' id='word_1_790' title='bbox 1706 2779 1784 2814; x_wconf 76' lang='lat' dir='ltr'>srcut</span> <span class='ocrx_word' id='word_1_791' title='bbox 1812 2782 1845 2815; x_wconf 75' lang='grc' dir='ltr'>ἀ</span> <span class='ocrx_word' id='word_1_792' title='bbox 1870 2783 1962 2825; x_wconf 88' lang='lat' dir='ltr'>pueri</span> <span class='ocrx_word' id='word_1_793' title='bbox 1986 2784 2087 2818; x_wconf 85' lang='lat' dir='ltr'>furari</span> 
     </span>
     <span class='ocr_line' id='line_1_116' title="bbox 1148 2825 2087 2872; baseline 0.01 -14"><span class='ocrx_word' id='word_1_794' title='bbox 1148 2826 1315 2858; x_wconf 86' lang='lat' dir='ltr'>nituntur.</span> <span class='ocrx_word' id='word_1_795' title='bbox 1344 2825 1408 2859; x_wconf 87' lang='lat' dir='ltr'>Sed</span> <span class='ocrx_word' id='word_1_796' title='bbox 1431 2826 1452 2858; x_wconf 86' lang='lat' dir='ltr'>si</span> <span class='ocrx_word' id='word_1_797' title='bbox 1474 2825 1573 2862; x_wconf 87' lang='lat' dir='ltr'>etiam</span> <span class='ocrx_word' id='word_1_798' title='bbox 1596 2828 1702 2871; x_wconf 77' lang='lat' dir='ltr'>palam</span> <span class='ocrx_word' id='word_1_799' title='bbox 1725 2831 1814 2864; x_wconf 86' lang='lat' dir='ltr'>fieret</span> <span class='ocrx_word' id='word_1_800' title='bbox 1836 2856 1847 2872; x_wconf 91' lang='lat'>,</span> <span class='ocrx_word' id='word_1_801' title='bbox 1888 2830 1996 2867; x_wconf 88' lang='lat' dir='ltr'>videte</span> <span class='ocrx_word' id='word_1_802' title='bbox 2007 2844 2049 2867; x_wconf 90' lang='lat' dir='ltr'>ne</span> <span class='ocrx_word' id='word_1_803' title='bbox 2067 2833 2087 2866; x_wconf 66' lang='lat' dir='ltr'>a</span> 
     </span>
     <span class='ocr_line' id='line_1_117' title="bbox 1149 2873 2084 2926; baseline 0.011 -19"><span class='ocrx_word' id='word_1_804' title='bbox 1149 2874 1240 2908; x_wconf 87' lang='lat' dir='ltr'>vobis</span> <span class='ocrx_word' id='word_1_805' title='bbox 1260 2873 1370 2917; x_wconf 85' lang='lat' dir='ltr'>aliquo</span> <span class='ocrx_word' id='word_1_806' title='bbox 1383 2875 1484 2909; x_wconf 91' lang='lat' dir='ltr'>modo</span> <span class='ocrx_word' id='word_1_807' title='bbox 1497 2877 1643 2912; x_wconf 63' lang='lat' dir='ltr'>inunctio</span> <span class='ocrx_word' id='word_1_808' title='bbox 1658 2879 1748 2913; x_wconf 70' lang='lat' dir='ltr'>Filiae</span> <span class='ocrx_word' id='word_1_809' title='bbox 1763 2881 1865 2926; x_wconf 84' lang='lat' dir='ltr'>Regis</span> <span class='ocrx_word' id='word_1_810' title='bbox 1879 2882 2084 2917; x_wconf 82' lang='lat' dir='ltr'>Francorum.</span> 
     </span>
     <span class='ocr_line' id='line_1_118' title="bbox 1147 2923 2077 2974; baseline 0.008 -16"><span class='ocrx_word' id='word_1_811' title='bbox 1147 2923 1375 2968; x_wconf 83' lang='lat' dir='ltr'>prohibeatur.</span> <span class='ocrx_word' id='word_1_812' title='bbox 1403 2926 1455 2959; x_wconf 89' lang='lat' dir='ltr'>De</span> <span class='ocrx_word' id='word_1_813' title='bbox 1477 2927 1668 2963; x_wconf 62' lang='lat' dir='ltr'>inunctione</span> <span class='ocrx_word' id='word_1_814' title='bbox 1694 2941 1827 2974; x_wconf 87' lang='lat' dir='ltr'>quoque</span> <span class='ocrx_word' id='word_1_815' title='bbox 1848 2931 1945 2965; x_wconf 85' lang='lat' dir='ltr'>Pueri</span> <span class='ocrx_word' id='word_1_816' title='bbox 1973 2932 2077 2965; x_wconf 87' lang='lat' dir='ltr'>nolite</span> 
     </span>
     <span class='ocr_line' id='line_1_119' title="bbox 1148 2974 2082 3022; baseline 0.01 -16"><span class='ocrx_word' id='word_1_817' title='bbox 1148 2974 1286 3008; x_wconf 77' lang='lat' dir='ltr'>nimium</span> <span class='ocrx_word' id='word_1_818' title='bbox 1303 2974 1446 3016; x_wconf 86' lang='lat' dir='ltr'>turbari,</span> <span class='ocrx_word' id='word_1_819' title='bbox 1475 2977 1529 3011; x_wconf 88' lang='lat' dir='ltr'>sed</span> <span class='ocrx_word' id='word_1_820' title='bbox 1553 2978 1645 3012; x_wconf 83' lang='lat' dir='ltr'>vobis</span> <span class='ocrx_word' id='word_1_821' title='bbox 1667 2980 1848 3021; x_wconf 85' lang='lat' dir='ltr'>imputate,</span> <span class='ocrx_word' id='word_1_822' title='bbox 1875 2981 1933 3022; x_wconf 87' lang='lat' dir='ltr'>qui</span> <span class='ocrx_word' id='word_1_823' title='bbox 1956 2980 2082 3015; x_wconf 83' lang='lat' dir='ltr'>litteras</span> 
     </span>
     <span class='ocr_line' id='line_1_120' title="bbox 1148 3024 2080 3074; baseline 0.009 -18"><span class='ocrx_word' id='word_1_824' title='bbox 1148 3035 1215 3057; x_wconf 90' lang='lat' dir='ltr'>non</span> <span class='ocrx_word' id='word_1_825' title='bbox 1239 3024 1386 3063; x_wconf 77' lang='lat' dir='ltr'>misistis,</span> <span class='ocrx_word' id='word_1_826' title='bbox 1413 3036 1481 3068; x_wconf 69' lang='lat' dir='ltr'>quae</span> <span class='ocrx_word' id='word_1_827' title='bbox 1494 3037 1639 3069; x_wconf 79' lang='lat' dir='ltr'>poterant</span> <span class='ocrx_word' id='word_1_828' title='bbox 1667 3028 1957 3065; x_wconf 79' lang='lat' dir='ltr'>Consecrationem</span> <span class='ocrx_word' id='word_1_829' title='bbox 1973 3031 2080 3074; x_wconf 84' lang='lat' dir='ltr'>impe-</span> 
     </span>
     <span class='ocr_line' id='line_1_121' title="bbox 1145 3073 2083 3123; baseline 0.011 -18"><span class='ocrx_word' id='word_1_830' title='bbox 1145 3073 1230 3108; x_wconf 88' lang='lat' dir='ltr'>dire.</span> <span class='ocrx_word' id='word_1_831' title='bbox 1258 3074 1374 3108; x_wconf 85' lang='lat' dir='ltr'>Nolite</span> <span class='ocrx_word' id='word_1_832' title='bbox 1387 3074 1488 3118; x_wconf 88' lang='lat' dir='ltr'>igitur</span> <span class='ocrx_word' id='word_1_833' title='bbox 1504 3078 1593 3119; x_wconf 88' lang='lat' dir='ltr'>super</span> <span class='ocrx_word' id='word_1_834' title='bbox 1604 3077 1747 3121; x_wconf 86' lang='lat' dir='ltr'>Regem,</span> <span class='ocrx_word' id='word_1_835' title='bbox 1764 3090 1818 3114; x_wconf 86' lang='lat' dir='ltr'>aut</span> <span class='ocrx_word' id='word_1_836' title='bbox 1832 3082 1924 3123; x_wconf 88' lang='lat' dir='ltr'>super</span> <span class='ocrx_word' id='word_1_837' title='bbox 1950 3081 2083 3123; x_wconf 87' lang='lat' dir='ltr'>Episco-</span> 
     </span>
     <span class='ocr_line' id='line_1_122' title="bbox 1146 3123 2077 3172; baseline 0.005 -15"><span class='ocrx_word' id='word_1_838' title='bbox 1146 3135 1204 3167; x_wconf 88' lang='lat' dir='ltr'>pos</span> <span class='ocrx_word' id='word_1_839' title='bbox 1216 3123 1335 3158; x_wconf 84' lang='lat' dir='ltr'>vestros</span> <span class='ocrx_word' id='word_1_840' title='bbox 1345 3124 1485 3168; x_wconf 86' lang='lat' dir='ltr'>aliquam</span> <span class='ocrx_word' id='word_1_841' title='bbox 1509 3127 1697 3162; x_wconf 85' lang='lat' dir='ltr'>sententiam</span> <span class='ocrx_word' id='word_1_842' title='bbox 1726 3129 1801 3164; x_wconf 85' lang='lat' dir='ltr'>dare</span> <span class='ocrx_word' id='word_1_843' title='bbox 1816 3154 1826 3169; x_wconf 87' lang='lat'>‚</span> <span class='ocrx_word' id='word_1_844' title='bbox 1855 3130 2012 3172; x_wconf 76' lang='lat' dir='ltr'>quamdiu</span> <span class='ocrx_word' id='word_1_845' title='bbox 2034 3129 2077 3163; x_wconf 90' lang='lat' dir='ltr'>de</span> 
     </span>
     <span class='ocr_line' id='line_1_123' title="bbox 1145 3174 2074 3220; baseline 0.005 -13"><span class='ocrx_word' id='word_1_846' title='bbox 1145 3185 1221 3217; x_wconf 86' lang='lat' dir='ltr'>pace</span> <span class='ocrx_word' id='word_1_847' title='bbox 1234 3174 1332 3208; x_wconf 83' lang='lat' dir='ltr'>vestra</span> <span class='ocrx_word' id='word_1_848' title='bbox 1343 3177 1491 3208; x_wconf 70' lang='lat' dir='ltr'>tras’tatur</span> <span class='ocrx_word' id='word_1_849' title='bbox 1505 3199 1514 3214; x_wconf 90' lang='lat'>,</span> <span class='ocrx_word' id='word_1_850' title='bbox 1541 3177 1592 3209; x_wconf 89' lang='lat' dir='ltr'>sed</span> <span class='ocrx_word' id='word_1_851' title='bbox 1608 3179 1764 3220; x_wconf 83' lang='lat' dir='ltr'>patienter</span> <span class='ocrx_word' id='word_1_852' title='bbox 1780 3179 1930 3213; x_wconf 86' lang='lat' dir='ltr'>sustinete</span> <span class='ocrx_word' id='word_1_853' title='bbox 1944 3202 1954 3218; x_wconf 93' lang='lat'>,</span> <span class='ocrx_word' id='word_1_854' title='bbox 1967 3178 2074 3212; x_wconf 84' lang='lat' dir='ltr'>donec</span> 
     </span>
     <span class='ocr_line' id='line_1_124' title="bbox 1145 3224 2078 3273; baseline 0.008 -17"><span class='ocrx_word' id='word_1_855' title='bbox 1145 3224 1253 3257; x_wconf 88' lang='lat' dir='ltr'>veniat</span> <span class='ocrx_word' id='word_1_856' title='bbox 1264 3224 1331 3258; x_wconf 87' lang='lat' dir='ltr'>dies</span> <span class='ocrx_word' id='word_1_857' title='bbox 1348 3224 1462 3256; x_wconf 66' lang='lat' dir='ltr'>laetitiae</span> <span class='ocrx_word' id='word_1_858' title='bbox 1474 3225 1508 3257; x_wconf 73' lang='grc' dir='ltr'>ὅ(</span> <span class='ocrx_word' id='word_1_859' title='bbox 1521 3225 1605 3267; x_wconf 85' lang='lat' dir='ltr'>pacis</span> <span class='ocrx_word' id='word_1_860' title='bbox 1623 3251 1634 3266; x_wconf 86' lang='lat'>,</span> <span class='ocrx_word' id='word_1_861' title='bbox 1663 3229 1709 3261; x_wconf 87' lang='lat' dir='ltr'>vel</span> <span class='ocrx_word' id='word_1_862' title='bbox 1724 3230 1791 3271; x_wconf 81' lang='lat' dir='ltr'>dies</span> <span class='ocrx_word' id='word_1_863' title='bbox 1815 3229 1865 3261; x_wconf 84' lang='lat' dir='ltr'>irae</span> <span class='ocrx_word' id='word_1_864' title='bbox 1881 3228 1912 3260; x_wconf 77' lang='grc' dir='ltr'>ὅ(</span> <span class='ocrx_word' id='word_1_865' title='bbox 1926 3227 2078 3273; x_wconf 86' lang='lat' dir='ltr'>indigna-</span> 
     </span>
     <span class='ocr_line' id='line_1_125' title="bbox 1141 3273 2078 3319; baseline 0.004 -11"><span class='ocrx_word' id='word_1_866' title='bbox 1141 3274 1242 3308; x_wconf 77' lang='lat' dir='ltr'>tionis</span> <span class='ocrx_word' id='word_1_867' title='bbox 1256 3298 1263 3305; x_wconf 92' lang='lat'><strong>.</strong></span> <span class='ocrx_word' id='word_1_868' title='bbox 1293 3273 1400 3306; x_wconf 84' lang='lat' dir='ltr'>Credo</span> <span class='ocrx_word' id='word_1_869' title='bbox 1413 3284 1519 3307; x_wconf 80' lang='lat' dir='ltr'>tamen</span> <span class='ocrx_word' id='word_1_870' title='bbox 1529 3276 1616 3315; x_wconf 80' lang='lat' dir='ltr'>quod</span> <span class='ocrx_word' id='word_1_871' title='bbox 1633 3289 1684 3319; x_wconf 89' lang='lat' dir='ltr'>per</span> <span class='ocrx_word' id='word_1_872' title='bbox 1698 3278 1932 3311; x_wconf 86' lang='lat' dir='ltr'>Nivernensem</span> <span class='ocrx_word' id='word_1_873' title='bbox 1946 3289 2009 3319; x_wconf 82' lang='lat' dir='ltr'>pax</span> <span class='ocrx_word' id='word_1_874' title='bbox 2025 3288 2078 3312; x_wconf 87' lang='lat' dir='ltr'>ve·</span> 
     </span>
     <span class='ocr_line' id='line_1_126' title="bbox 1141 3323 2074 3368; baseline 0.004 -11"><span class='ocrx_word' id='word_1_875' title='bbox 1141 3324 1201 3357; x_wconf 85' lang='lat' dir='ltr'>stra</span> <span class='ocrx_word' id='word_1_876' title='bbox 1214 3334 1279 3356; x_wconf 91' lang='lat' dir='ltr'>non</span> <span class='ocrx_word' id='word_1_877' title='bbox 1294 3323 1351 3355; x_wconf 84' lang='lat' dir='ltr'>fiet</span> <span class='ocrx_word' id='word_1_878' title='bbox 1362 3345 1372 3360; x_wconf 94' lang='lat'>,</span> <span class='ocrx_word' id='word_1_879' title='bbox 1399 3324 1557 3366; x_wconf 82' lang='lat' dir='ltr'>quoniam</span> <span class='ocrx_word' id='word_1_880' title='bbox 1569 3327 1759 3359; x_wconf 84' lang='lat' dir='ltr'>Senonensis</span> <span class='ocrx_word' id='word_1_881' title='bbox 1771 3337 1879 3368; x_wconf 89' lang='lat' dir='ltr'>pacem</span> <span class='ocrx_word' id='word_1_882' title='bbox 1903 3337 1979 3361; x_wconf 89' lang='lat' dir='ltr'>cum</span> <span class='ocrx_word' id='word_1_883' title='bbox 2002 3327 2074 3361; x_wconf 84' lang='lat' dir='ltr'>Re-</span> 
     </span>
     <span class='ocr_line' id='line_1_127' title="bbox 1141 3372 2078 3418; baseline 0.004 -12"><span class='ocrx_word' id='word_1_884' title='bbox 1141 3385 1181 3417; x_wconf 91' lang='lat' dir='ltr'>ge</span> <span class='ocrx_word' id='word_1_885' title='bbox 1196 3372 1382 3416; x_wconf 84' lang='lat' dir='ltr'>Anglorum</span> <span class='ocrx_word' id='word_1_886' title='bbox 1396 3374 1537 3416; x_wconf 80' lang='lat' dir='ltr'>amplius</span> <span class='ocrx_word' id='word_1_887' title='bbox 1549 3378 1658 3416; x_wconf 68' lang='lat' dir='ltr'>quaerit</span> <span class='ocrx_word' id='word_1_888' title='bbox 1670 3401 1680 3415; x_wconf 89' lang='lat'>,</span> <span class='ocrx_word' id='word_1_889' title='bbox 1692 3376 1786 3418; x_wconf 66' lang='lat' dir='ltr'>quasa</span> <span class='ocrx_word' id='word_1_890' title='bbox 1801 3375 1938 3410; x_wconf 81' lang='lat' dir='ltr'>vestram</span> <span class='ocrx_word' id='word_1_891' title='bbox 1953 3401 1960 3409; x_wconf 91' lang='lat'>.</span> <span class='ocrx_word' id='word_1_892' title='bbox 1972 3376 2078 3411; x_wconf 80' lang='lat' dir='ltr'>Pluri-</span> 
     </span>
     <span class='ocr_line' id='line_1_128' title="bbox 1141 3420 2079 3470; baseline 0.002 -13"><span class='ocrx_word' id='word_1_893' title='bbox 1141 3434 1232 3457; x_wconf 87' lang='lat' dir='ltr'>mum</span> <span class='ocrx_word' id='word_1_894' title='bbox 1242 3422 1330 3456; x_wconf 86' lang='lat' dir='ltr'>enim</span> <span class='ocrx_word' id='word_1_895' title='bbox 1345 3420 1469 3457; x_wconf 64' lang='lat' dir='ltr'>affestat</span> <span class='ocrx_word' id='word_1_896' title='bbox 1484 3424 1573 3467; x_wconf 82' lang='lat' dir='ltr'>loqui</span> <span class='ocrx_word' id='word_1_897' title='bbox 1585 3435 1658 3458; x_wconf 86' lang='lat' dir='ltr'>cum</span> <span class='ocrx_word' id='word_1_898' title='bbox 1676 3424 1905 3470; x_wconf 82' lang='lat' dir='ltr'>Rege‚&amp;dixit</span> <span class='ocrx_word' id='word_1_899' title='bbox 1917 3425 1999 3459; x_wconf 89' lang='lat' dir='ltr'>mihi</span> <span class='ocrx_word' id='word_1_900' title='bbox 2014 3438 2079 3459; x_wconf 88' lang='lat' dir='ltr'>ma-</span> 
     </span>
     <span class='ocr_line' id='line_1_129' title="bbox 1641 3473 2041 3513; baseline 0.005 -7"><span class='ocrx_word' id='word_1_901' title='bbox 1641 3473 1667 3506; x_wconf 80' lang='lat' dir='ltr'><strong>F</strong></span> <span class='ocrx_word' id='word_1_902' title='bbox 1693 3475 1713 3507; x_wconf 86' lang='lat' dir='ltr'>f</span> <span class='ocrx_word' id='word_1_903' title='bbox 1904 3474 2016 3511; x_wconf 74' lang='lat' dir='ltr'>nifeste</span> <span class='ocrx_word' id='word_1_904' title='bbox 2029 3499 2041 3513; x_wconf 73' lang='lat'>‚.</span> 
     </span>
    </p>
   </div>
  </div>
 </body>
</html>
