2358 3776
505 106 545 153 S.
592 101 888 151 THOMAE
935 95 1337 147 CANTUAR.
1387 98 1523 146 LIB.
1576 104 1632 148 V.

843 187 912 222 ium
934 185 1045 229 aliquo
1077 192 1080 196 ’

126 211 172 237 ear
193 197 348 234 libertatis
367 203 424 231 aut
441 191 578 229 honoris
589 190 687 227 nostri
707 186 841 234 dispend

125 249 228 287 modo
250 249 469 282 conferremus
486 244 522 279 in
542 243 710 279 arbitrium
729 240 814 284 ejus.
841 236 885 272 Er
906 235 1047 271 fieaece-

118 301 239 336 dentes
250 297 288 333 ad
301 298 427 343 Regem
437 295 471 330 dr
484 296 576 332 suos,
601 304 680 328 cum
701 291 796 326 omni
804 286 990 324 humilitate
1001 297 1050 320 ro-

124 350 276 398 gavimus
288 360 342 393 per
351 358 389 382 os
401 346 541 380 Domini
554 342 747 378 senonensis
764 364 776 381 ,
800 339 858 384 qui
882 336 971 371 verbi
993 347 1049 370 no-

125 400 182 436 stri
195 399 320 442 bajulus
330 408 395 433 erat
405 421 416 438 ,
442 407 477 431 ut
489 391 583 429 nobis
593 394 732 439 gratiam
745 392 833 424 suam
846 387 1024 422 restitueret
1037 411 1047 427 ‚

125 462 238 497 pacem
247 449 282 482 &
294 448 497 483 securitatem
507 455 573 480 tam
588 440 683 478 nobis
692 440 791 486 quam
803 437 919 473 nostris
929 462 941 478 ,
967 437 1014 471 Ca
1019 446 1051 470 n·

126 501 323 536 tuariensem
337 497 513 533 Ecclesiam
524 495 558 530 ἁ
570 489 856 539 poffeffionuejus
868 512 879 528 ,
907 498 987 532 quas
995 498 1049 521 ex-

127 561 236 594 ceptas
256 549 291 583 in
313 547 471 584 Chartula
495 546 616 591 legerat
634 568 647 586 ,
680 543 716 577 dc
738 549 774 583 ut
801 538 1049 573 misericorditer

1114 183 1251 229 phenet
1263 182 1311 218 ΗΠ
1323 207 1334 226 ‚
1352 182 1598 220 distiflstionem»
1608 191 1778 229 necessari&
1787 194 2033 232 admittendam,

1116 235 1204 269 Nam
1223 235 1258 269 in
1279 235 1350 276 eis,
1373 244 1515 279 quornm
1544 236 1788 279 advocationem
1818 247 1996 290 susceperat

1115 294 1204 320 etant
1223 282 1373 319 homines
1391 285 1523 320 diversae
1541 287 1746 323 conditionis
1758 316 1770 331 ,
1793 296 1825 329 &
1846 296 1902 331 am
1915 272 2037 332 nocent

1113 336 1232 376 tiores,
1266 335 1323 369 alii
1345 335 1455 370 minus
1481 359 1492 376 ,
1521 335 1576 370 alii
1599 339 1632 371 in
1655 345 1889 380 communione
1914 347 2033 381 Eccle-

1114 386 1182 427 fiae,
1206 385 1264 420 aiii
1285 387 1563 421 excommunicati
1583 411 1596 429 ‚
1628 390 1796 423 contraau
1815 392 1848 424 ἀ
1869 398 2035 440 participa.

1112 437 1207 470 tione
1226 435 1446 471 anathematis
1464 445 1521 471 aut
1540 437 1701 472 sententia
1732 463 1744 480 ,
1777 438 1834 474 alii
1857 440 1890 473 in
1911 445 2038 480 Summi

1092 519 1094 523 .
1116 486 1288 522 Pontificis
1303 486 1572 522 constitutionem
1596 488 1777 523 inciderant
1799 512 1811 530 ‚
1847 489 1880 525 ἀ
1901 490 1966 524 sine
1988 504 2044 527 an·

1114 534 1270 572 thoritate
1289 538 1357 581 ejus
1381 537 1596 577 absolvi'non
1620 540 1772 580 possunt,
1797 539 1853 574 alii
1874 551 1916 574 ex
1943 541 2042 576 variis

127 599 316 636 emendaret
335 597 426 643 quod
447 593 559 632 contra
582 605 643 628 nos
661 594 696 628 δι
717 589 887 625 Ecclesiam
908 588 1051 622 nostram
1117 587 1247 622 caufisa
1270 587 1365 622 nobis
1387 588 1441 622 vel
1462 587 1504 622 ab
1514 587 1588 622 aliis
1601 587 1790 632 pastoribus
1799 588 1959 633 suisjusto
1971 591 2045 626 lunt

128 652 234 686 fuerat
256 650 291 684 in
312 648 374 682 filii
396 647 445 682 sui
466 643 682 680 coronatione
704 641 930 686 presumptum
950 650 958 671 ι
985 648 1053 682 pro-

1117 636 1324 673 anathemate
1345 637 1560 676 condemnati
1580 661 1588 670 .
1627 638 1772 675 Proinde
1793 640 1992 686 iri-personis
2012 642 2048 676 dt

129 703 299 736 mittentes
307 699 337 734 ei
349 697 538 733 amorem&
557 694 716 730 bonorem
728 715 740 732 ,
765 691 799 724 δε
820 687 978 733 quidquid
996 687 1052 722 ob-
1117 688 1219 722 caufis
1241 698 1310 722 tam
1326 687 1532 722 dissimilibus
1553 687 1635 723 ratio
1645 687 1768 731 juris&
1786 689 1948 734 ae'quitatis
1962 699 2049 725 vetat

129 752 232 794 sequii
249 749 379 794 Regi&
401 746 545 790 Principi
567 742 669 788 potest
690 741 731 775 ab
754 738 1055 783 Archi-Episcopo
1110 738 1287 772 idem‘esse
1305 738 1480 781 judicium.
1509 737 1584 772 Nos
1601 749 1710 773 autem
1731 738 1771 773 ad
1783 750 1897 775 omnes
1911 763 1923 780 ‚
1948 751 2050 786 quan-

130 799 279 835 exhiberi
290 800 325 832 in
337 798 505 834 Domino·
524 794 590 828 Ille
601 790 732 828 verbum
745 790 1055 835 acceptansannuit,

128 851 163 885 δι
185 860 246 885 nos
268 849 303 884 δε
325 849 451 889 nostroe
468 844 527 889 qni
545 841 701 882 aderant,
727 842 846 885 recepit
868 840 902 874 in
917 838 1056 884 gratiam

129 900 222 935 suam
236 925 244 932 .
275 899 320 933 Et
330 897 406 943 quia
417 905 485 931 non
497 893 736 938 praeceperatis,
760 901 798 925 ut
820 890 888 934 ipse
910 888 1006 924 nobis
1025 888 1059 922 δι

130 951 252 985 nostris
270 947 377 983 ablata
396 945 576 980 restitueret
597 968 610 985 ,
647 953 754 986 neque
773 940 794 975 a
817 939 914 975 nobis
934 949 1058 983 poterat

128 998 296 1044 impetrari
315 1007 372 1032 aut
395 994 515 1042 poterit
535 994 611 1029 Deo
621 992 780 1032 authore,
805 1000 843 1026 ut
863 1001 901 1025 ea
918 989 1057 1024 remitta-

128 1060 205 1084 mus
218 1073 228 1089 ,
254 1048 346 1092 juxta
358 1045 557 1080 Mandatum
570 1043 708 1079 vestrum
720 1040 870 1086 repetitio
880 1050 994 1076 eorum
1013 1037 1061 1072 di-

130 1099 197 1134 lata
218 1099 286 1139 est,
312 1107 381 1131 non
397 1094 538 1130 sublata.
565 1091 654 1129 Nam
675 1091 927 1137 sipraecepiffetis
949 1101 990 1124 eo
1019 1087 1062 1121 vi-

130 1158 212 1194 gore
224 1173 235 1189 ,
260 1157 358 1193 quem
376 1147 409 1181 in
424 1144 601 1180 novistimis
622 1142 810 1187 expressistis
825 1166 836 1182 ,
864 1151 901 1175 ut
923 1140 1062 1173 restitue-

131 1208 266 1239 rentur,
293 1195 380 1231 haud
401 1195 538 1230 dubium
550 1195 631 1239 quin
652 1192 871 1231 satisfeciffet,
900 1190 936 1224 dt
959 1188 1059 1231 poste-

132 1250 178 1285 ris
187 1247 325 1283 dedisset
333 1245 520 1291 exemplum
532 1269 542 1284 ,
559 1245 623 1279 toti
636 1243 784 1278 Ecclesia:
794 1240 907 1275 Dei&
917 1236 1062 1272 maxime

132 1296 339 1344 apostolicas
358 1295 433 1332 Sedi
456 1293 612 1338 perpetud
634 1293 840 1334 profuturum
863 1308 872 1320 .
907 1284 1062 1319 Tandem

115 1376 118 1380 Δ
133 1348 245 1391 itaque
253 1346 425 1384 nobiscum
437 1342 539 1376 multa
556 1342 591 1374 dt
613 1339 670 1373 diu
691 1338 888 1376 conferens,
913 1334 990 1368 cum
1003 1344 1064 1367 nos

130 1395 202 1433 dno
213 1395 274 1430 soli
284 1392 352 1429 fere
362 1393 462 1436 usque
472 1390 513 1425 ad
526 1390 688 1433 vesperam
708 1386 868 1421 collocuti
890 1385 1025 1419 essemus
1054 1408 1064 1423 ,

132 1444 322 1482 secundum
347 1451 472 1477 morem
491 1438 719 1473 familiaritatis
738 1436 880 1478 antiquae
899 1458 911 1474 ,
936 1435 972 1468 in
999 1432 1064 1467 hoc

131 1494 355 1531 convenimus
378 1515 392 1532 ‚
425 1500 463 1524 ut
482 1500 525 1523 eo
545 1486 732 1522 discedente
757 1485 935 1521 rediremus
946 1480 1085 1528 gratias(

133 1543 235 1580 aetati
246 1539 524 1578 christianissimo
536 1538 621 1583 Regi
636 1561 646 1578 ‚
669 1538 703 1572 ἀ
715 1536 787 1570 aliis
805 1533 1067 1569 benefactoribus
1081 1516 1085 1549 Ι

132 1593 281 1634 uostris,
306 1590 459 1627 reversuri
480 1588 522 1623 ad
546 1589 651 1633 ipsum
674 1587 768 1621 rebus
790 1584 980 1629 compositis
998 1607 1010 1623 ,
1033 1582 1068 1616 &

136 1643 339 1688 aliquamdiu
358 1639 516 1676 moraturi
538 1639 622 1673 circa
643 1648 716 1672 eum
730 1661 742 1678 ‚
766 1636 940 1679 antequam
963 1632 1069 1666 redea-

138 1705 214 1729 mus
227 1693 261 1726 in
275 1692 454 1737 Angliam,
474 1698 510 1723 ut
522 1688 677 1723 omnibus
691 1687 873 1723 innotescat
884 1710 895 1726 ,
923 1685 958 1717 in
969 1694 1070 1727 quan·

135 1747 210 1779 tam
231 1743 484 1777 familiaritatem
505 1738 540 1773 δε
560 1737 700 1784 gratiam
721 1747 783 1771 nos
803 1731 978 1778 receperit.
1008 1734 1071 1766 Ex·

135 1792 354 1840 *astabimus
365 1798 475 1825 autern
486 1788 521 1823 in
534 1787 672 1821 Francia
682 1786 791 1819 donec
801 1785 933 1818 redeant
943 1780 1070 1815 Nuncii

138 1839 245 1879 nihl
263 1862 276 1881 ,
322 1849 407 1884 quoa
426 1837 469 1872 ad
498 1835 698 1879 recipiendas
720 1833 924 1878 poiseffiones
949 1830 1073 1864 nostras

139 1890 397 1930 destinavimus,
421 1886 498 1933 quia
521 1896 589 1920 non
610 1884 655 1919 est
680 1884 716 1918 in
742 1883 855 1919 animo
877 1879 1008 1919 nostro,
1035 1888 1071 1913 ut

139 1940 312 1978 redeamus
321 1938 361 1975 ad
373 1938 478 1983 ipsum
491 1962 504 1978 ,
525 1935 684 1980 quamdiu
695 1934 735 1967 de
747 1943 830 1967 terra
854 1930 996 1965 Ecclefiz
1009 1930 1074 1973 pas-

141 1991 213 2029 ffln
224 1990 315 2038 pedis
323 1987 489 2025 abstulerit
501 2011 508 2018 .
537 1985 629 2019 Nam
641 1984 675 2017 in
686 1982 892 2017 restitutione
913 1979 1073 2023 possessio-

143 2036 333 2077 num'faeile
345 2036 570 2075 advertemus,
598 2044 662 2078 qua
672 2033 857 2067 sinceritate
880 2038 1002 2074 agatur‘
1015 2039 1074 2063 no·

145 2090 292 2126 hiscum.
319 2089 393 2126 Nec
403 2096 512 2120 tamen
534 2094 704 2123 veremur,
724 2081 809 2127 quin
837 2081 971 2124 impleat
984 2077 1074 2122 quod

146 2140 293 2187 promisit
304 2146 320 2181 ,’
341 2137 401 2173 nili
412 2147 488 2171 eum
501 2134 694 2179 prepediant
706 2131 891 2167 Confiliarii
904 2155 915 2171 ,
942 2138 1024 2174 quos
1035 2128 1077 2163 de

146 2189 306 2237 pravitate
317 2186 522 2222 eonscientiae
532 2183 680 2218 stimulus
690 2183 850 2226 quiescere
870 2190 940 2214 non
951 2179 1078 2224 permit—

148 2242 190 2276 tit
203 2264 212 2272 .
238 2238 287 2272 Hi
298 2235 456 2282 liquidem
469 2246 511 2270 ne
529 2231 848 2277 comprehendantur
869 2231 904 2265 in
925 2229 1077 2274 operibus

151 2298 309 2325 manuum
333 2288 484 2326 suarum,
509 2294 631 2318 errores
653 2284 727 2317 suos
749 2282 942 2325 impunitate
963 2280 1076 2314 donari

150 2339 355 2377 moliuntur,
379 2334 580 2370 authoritate
601 2334 635 2369 dc
654 2332 823 2367 consortio
846 2329 958 2376 Regiae
979 2328 1078 2371 Maie-

150 2389 242 2425 statis
260 2414 268 2421 .
294 2388 345 2422 Hi
366 2395 426 2421 nos
447 2385 482 2419 in
505 2386 623 2419 sortem
647 2382 899 2417 Balaamitarum
918 2387 1079 2414 conantur

152 2438 349 2482 impellere,
375 2445 412 2470 ut
432 2435 636 2468 vivificantes
657 2430 784 2467 animas
803 2455 814 2472 ‚
848 2441 919 2474 quae
942 2440 1008 2463 non
1032 2429 1096 2462 vi··

151 2498 256 2527 eunt,
283 2484 476 2521 criminosos
499 2484 534 2518 in
556 2483 675 2519 scelere
693 2480 909 2525 deprehensos
933 2479 1077 2513 absolva-

152 2546 227 2574 mus
237 2538 302 2571 fine
313 2534 504 2579 poenitentia
525 2533 560 2567 ἀ
580 2531 794 2567 Confeffione
804 2530 940 2564 erroris.
968 2529 1079 2572 Quam

155 2589 271 2630 ntique
284 2583 475 2629 potestatem
496 2581 609 2621 Deus,
635 2593 696 2616 nec
716 2580 773 2616 alii
788 2580 942 2618 indulsit,
968 2590 1027 2613 nec
1039 2589 1081 2612 re·

155 2637 258 2673 tinuit
280 2634 355 2669 sibi.
382 2631 455 2666 Nifi
479 2630 759 2675 adquieverimus,
785 2630 1085 2672 pacem&concor-

156 2686 248 2722 diam
268 2694 342 2719 tum
362 2681 515 2717 Domino
539 2681 633 2725 Rege
650 2679 765 2713 initam
789 2678 1018 2713 machinantur
1037 2677 1085 2711 iii-

156 2737 317 2782 fringere.
343 2732 404 2768 Sed
418 2756 429 2772 ,
443 2732 519 2765 Deo
530 2728 668 2765 authore
680 2753 692 2770 ,
718 2739 777 2762 nec
788 2728 830 2762 fic
843 2740 903 2762 nos
917 2729 1085 2768 inducent,

157 2796 196 2821 ut
207 2785 314 2821 sedem
325 2791 482 2828 ponentes
491 2792 532 2814 ex
543 2780 678 2815 adverso
701 2777 858 2812 Altiffimi
868 2803 878 2819 ,
905 2778 1084 2823 gloriemur

158 2836 301 2871 inaniter
312 2845 373 2869 nos
392 2831 557 2867 vivificare
577 2840 633 2865 aut
658 2828 831 2872 justificare
844 2838 926 2871 quos
950 2828 1003 2861 ille
1017 2840 1083 2862 non

161 2886 307 2921 vivificat
321 2908 330 2916 .
354 2882 491 2917 Certum
504 2881 593 2915 enim
615 2878 661 2914 est
683 2878 937 2923 quanticumque
947 2877 1086 2913 Pastoris

164 2932 435 2976 sententiamjure
456 2930 655 2965 veraciffimo
679 2939 745 2962 non
765 2939 896 2969 tenere,
922 2929 943 2961 fi
958 2929 1086 2962 Divino

165 2983 287 3030 'iudicio
298 2981 486 3027 reprobatur
497 3005 504 3012 .
531 2979 604 3014 Nos
614 2988 721 3013 tamen
734 2978 788 3012 sub
799 2979 869 3022 ipso
887 2978 1019 3012 discessu
1032 2990 1085 3012 no-

165 3035 231 3069 stro
243 3058 253 3074 ,
278 3030 341 3067 five
351 3032 422 3076 paci
433 3030 584 3065 invidens
594 3053 605 3070 ,
629 3029 690 3063 sive
702 3030 814 3063 amicis
828 3030 860 3062 δι
872 3029 1085 3063 familiaribus

167 3083 349 3130 prospicere
371 3081 508 3120 volens,
532 3079 574 3114 ad
595 3078 803 3120 instantiam,
830 3079 908 3112 licut
930 3078 1050 3112 dicitur
1076 3103 1087 3119 ,

165 3129 573 3169 GaufrediCantuarienfis
595 3127 852 3163 Archi-Diaconi
867 3151 876 3168 ‚
900 3129 1085 3169 Lexonien·

167 3185 206 3218 sis
231 3183 410 3227 Episcopus
436 3179 510 3214 satis
535 3178 647 3224 argute
674 3179 707 3213 dt
742 3171 943 3219 instanter?
958 3178 1050 3223 Rege
1077 3203 1088 3219 ,

171 3232 339 3276 Episcopis
353 3255 364 3271 ,
388 3228 625 3265 &Proceribus
649 3229 871 3271 presentibus,
900 3228 1087 3263 sollicitavit

169 3284 254 3317 circa
267 3281 439 3316 articulum
453 3279 548 3313 istum
562 3302 573 3319 ,
597 3277 709 3313 dicens
728 3289 875 3325 oportere
887 3303 898 3319 ,
923 3288 960 3313 ut
978 3290 1089 3323 quem·

172 3331 351 3367 admodum
361 3330 528 3365 Dominus
539 3328 612 3363 Rex
625 3328 736 3362 fideles
758 3330 881 3365 nostros
906 3328 939 3362 in
953 3329 1089 3374 gratiam

173 3389 353 3426 receperat,
378 3380 423 3414 ita
434 3389 636 3417 nosomnes,
665 3378 806 3422 quicum
820 3380 880 3414 illo
902 3379 1053 3414 steterant
1081 3402 1091 3418 ,

172 3434 207 3469 in
220 3431 356 3479 gratiam
367 3429 593 3475 reciperemus.
621 3427 690 3463 Cui
702 3429 944 3474 respondimus,
970 3428 1024 3464 hic
1039 3454 1052 3472 ,
1069 3427 1091 3461 si

1118 797 1190 822 tum
1205 789 1239 822 in
1253 787 1347 822 nobis
1357 787 1425 830 est,
1452 798 1564 832 pacem
1582 788 1618 823 ὅ(
1642 787 1833 824 charitatem
1854 789 2015 826 habentes
2040 815 2052 833 ,

1122 838 1263 873 Domini
1275 837 1377 883 Regis
1390 838 1504 873 audito
1513 838 1652 874 confilio
1666 863 1677 880 ,
1700 839 1742 874 ad
1752 837 1914 876 honorem
1937 841 2050 876 Eccle

1121 890 1171 923 siae
1193 886 1278 930 Dei,
1304 889 1420 929 suum,
1444 890 1477 922 ἀ
1501 889 1646 924 nostrum
1665 913 1677 929 ‚
1703 883 1833 925 necnon
1857 892 1890 925 ἀ
1912 892 2052 926 salutem

1124 940 1255 992 illorum
1276 962 1288 979 ,
1314 938 1434 991 quibus
1469 939 1697 975 reconciliatio
1735 941 1887 985 quaritur
1913 965 1925 982 ,
1951 952 2053 986 nego-

1123 991 1206 1025 tium
1219 990 1294 1023 Deo
1309 989 1454 1032 propitio
1465 989 1705 1025 moderabimur
1715 1014 1727 1032 ,
1754 1002 1790 1026 ut
1802 991 1823 1026 fi
1835 991 1908 1036 quis
1918 1001 2033 1025 eorum
2042 1014 2055 1032 ,

1123 1040 1214 1084 quod
1226 1039 1302 1073 abiit
1315 1063 1327 1080 ,
1354 1050 1432 1083 pace
1442 1041 1601 1080 caruerit,
1630 1042 1911 1076 reconciliationis
1923 1052 2056 1085 expers,

1126 1090 1190 1125 hoc
1201 1090 1281 1131 fibi,
1308 1100 1375 1122 non
1391 1088 1611 1124 nobisdebeat
1631 1091 1808 1134 imputare.
1837 1091 1924 1126 Cum
1944 1100 2055 1126 autem

1126 1140 1166 1175 ad
1190 1138 1256 1174 haec
1279 1139 1427 1183 praefatus
1447 1139 1630 1175 Gaufredus
1653 1141 1944 1177 Archi-Diaconus
1967 1166 1979 1183 ,
2004 1138 2058 1176 ad·

1127 1190 1191 1223 huc
1212 1190 1514 1224 excommunicatus
1538 1215 1549 1232 ,
1575 1191 1655 1225 ficut
1682 1192 1833 1227 incentor
1852 1192 2019 1226 discordiae
2046 1213 2060 1231 ,

1128 1239 1532 1281 ita-&contemptorjustae
1552 1241 1741 1280 sententiae‚
1768 1241 1913 1275 tumidus
1934 1243 2059 1285 respon-

1126 1288 1238 1327 deret,
1268 1289 1435 1321 Dominus
1458 1288 1552 1326 Rex,
1583 1300 1624 1321 ne
1649 1289 1844 1323 suborientia
1877 1290 1955 1323 hinc
1982 1289 2061 1324 inde

1126 1335 1221 1371 verba
1232 1336 1343 1370 causas
1354 1336 1424 1370 odii
1453 1335 1487 1369 δι
1509 1336 1620 1378 sopitae
1642 1337 1824 1372 inimicitiae
1847 1340 1997 1373 fomitem
2014 1340 2063 1373 in·

1128 1387 1327 1427 ssaurarent‚
1355 1395 1414 1419 nos
1425 1386 1465 1419 de
1479 1386 1573 1420 turba
1585 1386 1756 1421 extrahens
1778 1412 1789 1428 ,
1815 1389 1941 1433 rogavit
1958 1400 1997 1422 ne
2010 1401 2063 1422 cu-

1128 1447 1271 1471 raremus
1282 1447 1353 1479 quae
1364 1436 1547 1469 dicerentur
1565 1434 1730 1476 animm,
1759 1437 1792 1470 δε
1816 1449 1852 1470 ut
1866 1448 1980 1479 pacato
1994 1439 2065 1472 ani-

1133 1497 1188 1521 mo
1199 1486 1231 1520 δε
1243 1484 1420 1528 tranquillo
1431 1484 1643 1518 &licentiam
1658 1486 1690 1518 &
1711 1485 1971 1520 benedictionem
1985 1488 2063 1521 dan·

1132 1547 1179 1570 tes
1190 1559 1201 1575 ,
1226 1546 1302 1569 cum
1314 1535 1415 1579 gratia
1430 1534 1539 1568 Dei&
1566 1535 1619 1568 sua
1642 1536 1815 1570 rediremus
1828 1541 1866 1570 ad
1881 1535 2060 1580 hospitium

1135 1586 1296 1620 nostrum.
1321 1584 1437 1621 Postea
1462 1584 1536 1618 vero
1560 1586 1764 1628 accepimus,
1790 1588 1878 1628 quod
1899 1588 2065 1621 venerabi-

1136 1638 1179 1671 les
1206 1635 1264 1669 viri
1288 1659 1299 1675 ,
1325 1634 1491 1669 Dominus
1519 1635 1796 1680 Rothomagensis
1821 1629 2066 1682 &JinsI-opus

1136 1686 1369 1724 Nivernenfis,
1393 1695 1476 1727 quos
1498 1685 1582 1717 inter
1607 1695 1667 1717 nos
1692 1687 1923 1721 &Dominum
1939 1689 2067 1732 Regem

1135 1736 1290 1779 jusseratis
1300 1735 1362 1767 effe
1375 1734 1570 1768 mediatores
1582 1757 1593 1773 ,
1618 1733 1651 1766 δε
1675 1735 1730 1776 qui
1744 1734 1785 1767 de
1798 1745 1875 1777 pace
1888 1736 1993 1769 nostra
2009 1738 2071 1771 sol-

1137 1785 1221 1819 liciti
1233 1782 1453 1822 exstiterunt,
1482 1782 1647 1825 Episcopo
1671 1783 1812 1827 Sagiensi
1837 1785 2012 1820 transeunti
2037 1787 2072 1821 in

1139 1833 1296 1879 Angliam
1308 1832 1469 1867 dederunt
1484 1831 1518 1865 in
1532 1832 1700 1867 Mandatis
1713 1857 1723 1873 ,
1751 1844 1785 1866 ut
1808 1836 2073 1872 excommunica-

1139 1894 1191 1919 tos
1205 1883 1332 1919 nostros
1341 1881 1518 1916 absolveret
1530 1905 1542 1922 ,
1569 1882 1620 1916 sed
1633 1883 1793 1916 incertum
1808 1884 1853 1916 est
1868 1909 1878 1924 ‚
1904 1896 1945 1918 an
1960 1887 1990 1919 ei
2007 1888 2071 1920 for-

1139 1945 1226 1968 mam
1249 1943 1346 1976 quam
1369 1931 1433 1965 illis
1451 1930 1608 1966 dederatis
1628 1957 1638 1973 ,
1666 1934 1906 1977 praescripserint
1923 1960 1934 1976 ‚
1962 1946 2019 1970 aut
2042 1937 2066 1970 fi

1141 1984 1321 2027 praescripta
1343 1981 1409 2021 est,
1435 1993 1476 2015 an
1498 1992 1569 2016 eam
1587 1982 1625 2014 sit
1644 1983 1730 2018 idem
1755 1984 1931 2027 Episcopus
1944 1987 2070 2021 secutu-

1140 2044 1212 2067 rus.
1253 2032 1490 2066 Verumtamen
1514 2044 1575 2067 nec
1600 2032 1664 2071 'illis
1685 2035 1841 2069 mandare
1866 2035 1958 2070 licuit
1973 2059 1983 2074 ‚
2010 2037 2067 2070 nili

1141 2083 1298 2126 quatenus
1320 2081 1509 2126 potestatem
1534 2083 1552 2115 a
1573 2084 1668 2117 vobis
1688 2095 1903 2127 acceperunt,
1930 2097 1991 2120 nec
2013 2088 2070 2121 ille

1141 2133 1264 2177 aliquid
1275 2134 1364 2178 egit,
1390 2132 1414 2166 fi
1430 2133 1512 2167 fines
1523 2157 1533 2173 ,
1543 2142 1624 2177 quos
1636 2134 1890 2180 praescripseratis
1905 2161 1914 2175 ‚
1926 2137 2067 2171 excessit.

1142 2182 1249 2218 Unde
1270 2183 1291 2216 li
1313 2183 1439 2226 placet,
1467 2184 1591 2218 neceffe
1610 2184 1655 2217 est
1675 2209 1686 2225 ,
1712 2194 1747 2219 ut
1767 2186 1787 2218 fi
1809 2186 1901 2220 aliter
1924 2186 2067 2221 absoluti

1140 2233 1249 2287 sunt&
1268 2232 1452 2276 precipiatis
1468 2243 1525 2267 eos
1547 2234 1727 2273 sententia,
1753 2246 1815 2279 qua
1835 2235 2031 2270 tenebantur
2056 2260 2069 2276 ,

1140 2283 1275 2322 arflari,
1299 2281 1590 2315 doneclbcundum
1605 2283 1752 2317 Ecclesia:
1763 2286 1903 2319 formam
1924 2285 2031 2327 jurent
2057 2310 2069 2325 ,

1141 2342 1178 2367 ut
1190 2341 1266 2365 ante
1275 2328 1430 2374 jusseratis
1440 2354 1451 2372 ,
1461 2331 1492 2363 se
1505 2331 1609 2365 vestro
1621 2332 1785 2367 Mandato
1796 2336 1955 2378 parituros
1966 2360 1975 2375 ‚
1986 2335 2021 2368 ὅ(
2035 2335 2070 2368 il-

1143 2382 1202 2421 lis,
1228 2382 1284 2424 qui
1303 2379 1411 2414 taliter
1431 2379 1553 2414 absolvi
1575 2383 1770 2421 meruerint,
1798 2385 1831 2415 in
1856 2384 1972 2418 virtute
1992 2385 2068 2419 obe-

1143 2430 1273 2466 dientiae
1284 2430 1461 2474 injungatis
1475 2454 1485 2470 ,
1510 2431 1669 2470 quatenus
1680 2431 1877 2466 Mandatum
1890 2457 1900 2472 ,
1921 2434 2010 2476 quod
2023 2435 2070 2471 eis

1145 2494 1185 2517 ex
1196 2490 1284 2525 parre
1296 2479 1396 2514 vestra
1409 2479 1562 2513 faciemus
1575 2504 1585 2520 ,
1612 2479 1849 2516 inviolabiliter
1858 2481 2030 2520 observent
2054 2511 2067 2528 ,

1146 2532 1195 2566 vel
1206 2532 1245 2566 ad
1259 2530 1409 2565 vosinfra
1422 2530 1619 2569 terminum,
1643 2524 1740 2574 quem
1765 2532 1958 2580 praefigetis,
1983 2547 2070 2572 acce-

1147 2582 1226 2617 dant
1241 2605 1253 2622 ,
1278 2591 1315 2616 ut
1335 2577 1469 2612 audiant
1491 2579 1627 2614 vestrum
1652 2579 1786 2627 subjesta
1800 2595 1916 2628 poena,
1945 2587 2004 2621 nisi
2018 2599 2072 2631 p2.

1148 2630 1270 2667 ruerint
1282 2656 1291 2671 ‚
1301 2639 1336 2663 ut
1347 2630 1382 2663 in
1396 2628 1560 2673 pristinam
1573 2631 1767 2667 sententiam
1779 2635 1905 2670 sublato
1924 2637 2071 2681 appella·-

1147 2682 1249 2718 tionis
1260 2679 1427 2714 obstaculo
1440 2690 1653 2724 reponantur.
1676 2681 1796 2726 Neque
1815 2683 1882 2720 haec
1893 2684 2033 2722 dicimus
2058 2712 2070 2729 ‚

1147 2733 1225 2768 Deo
1240 2729 1318 2764 teste
1334 2753 1345 2769 ,
1381 2728 1559 2765 vindictam
1579 2735 1788 2775 expetentes,
1813 2734 1889 2771 cum
1914 2737 2070 2779 scriptum

1149 2782 1211 2817 else
1224 2780 1411 2814 noverimus
1420 2805 1430 2823 ‚
1455 2790 1513 2814 non
1525 2791 1641 2824 quaeres
1656 2783 1794 2817 ultionem
1806 2809 1816 2825 ‚
1829 2796 1880 2819 nec
1890 2798 1998 2820 memor
2006 2793 2071 2820 eris

1149 2834 1272 2874 injurIae
1283 2833 1405 2863 Civium
1418 2841 1533 2864 tuorum
1549 2852 1561 2871 ‚
1587 2831 1639 2866 sed
1661 2844 1696 2868 ut
1710 2835 1849 2870 Ecclesia
1862 2835 2073 2874 correctionis

1149 2881 1302 2940 exemplo
1313 2879 1405 2923 poffit
1417 2890 1471 2924 per
1483 2881 1548 2915 Dei
1560 2883 1698 2927 gratiam
1720 2886 1928 2927 imposterum
1941 2886 2069 2922 robora·

1151 2944 1175 2966 ri
1189 2956 1204 2988 ,ι
1225 2930 1258 2964 ὅ(
1281 2940 1376 2974 poena
1398 2941 1574 2974 paucorum
1596 2934 1718 2969 multos
1736 2935 1871 2971 aedificet
1890 2958 1898 2971 .
1924 2937 2012 2970 Nam
2034 2944 2072 2970 ut

1151 2982 1289 3025 Spiritus
1306 2982 1336 3015 S.
1352 2979 1471 3015 author
1481 2981 1526 3016 est
1540 3007 1550 3022 ,
1572 2982 1720 3026 flagellato
1727 2984 1874 3028 pestilente
1877 2984 2001 3029 sapiens
2012 2997 2074 3019 eru·

1151 3033 1247 3065 ditur.
1271 3030 1348 3088 piet
1362 3031 1470 3076 vigere
1482 3033 1599 3076 poterit
1612 3034 1810 3077 Apostolicae
1820 3036 1909 3070 Sedis
1927 3033 2073 3071 authori·

1152 3092 1218 3124 tas,
1246 3081 1303 3114 nisi
1316 3082 1574 3124 percellantur&
1587 3081 1620 3116 hi
1634 3107 1646 3124 ‚
1672 3084 1912 3128 quiffiaicorum
1935 3084 2078 3129 patroci-

1153 3133 1209 3166 nio
1229 3130 1419 3172 abutentes,
1447 3133 1722 3168 excommunicati
1743 3145 1800 3170 aut
1821 3131 1976 3179 prohibiti
1997 3145 2072 3176 prae·

1153 3181 1353 3225 sumpserunt
1368 3181 1490 3214 Divina
1500 3180 1666 3217 celebrare.
1686 3184 1776 3231 Quid
1787 3185 1874 3219 enim
1888 3184 1971 3219 solus
1984 3182 2074 3227 Epis}

1151 3242 1271 3276 copus,
1299 3229 1536 3274 quantumlibet
1564 3231 1708 3268 Ecclesiae
1725 3235 1884 3270 Romaaae
1897 3234 2035 3268 devotus
2059 3257 2069 3274 ‚

1154 3282 1294 3326 poterit,
1319 3282 1338 3313 si
1362 3279 1402 3312 ab
1424 3278 1611 3316 obedientia
1632 3283 1700 3325 ejus
1711 3282 1749 3318 ad
1762 3293 1878 3317 nutum
1891 3282 2070 3317 potentum

1152 3332 1332 3366 recefferint
1350 3329 1535 3364 Sacerdotes
1555 3332 1590 3366 dc
1609 3333 1722 3367 Clerus
1741 3332 1811 3366 suus
1836 3334 1848 3367 ἓ
1872 3331 1970 3367 Nihil
1983 3333 2072 3367 enim

1154 3381 1198 3415 est
1210 3406 1222 3422 ‚
1259 3378 1346 3424 quod
1358 3379 1531 3413 Ecclesiam
1545 3381 1646 3424 magis
1664 3380 1834 3422 debilitet,
1860 3382 1957 3425 quam
1979 3382 2071 3426 quod

1159 3429 1345 3476 Apostolica
1357 3427 1453 3463 Sedes
1462 3430 1538 3465 talia
1551 3453 1563 3470 ,
1571 3439 1645 3464 cum
1656 3440 1826 3475 emergunt
1838 3455 1853 3472 ,
1863 3433 1962 3468 facile
1974 3444 2078 3478 prete-

1987 3485 2031 3518 rit
