2358 3776
203 135 244 180 S.
317 129 704 177 THOMAE
773 124 1719 178 CANTUARIENSIS.

1834 144 1924 192 155

52 217 164 252 Nemo
176 225 243 250 non
254 223 348 255 aptus
360 212 404 247 est
419 238 428 253 ‚
454 213 513 247 nisi
524 212 580 256 qui
596 222 663 246 non
676 210 745 244 vult
766 210 832 253 pati
855 220 912 253 pro
925 207 991 241 fide
1036 226 1042 253 μ
1058 206 1284 253 ignorantibus
1304 206 1449 241 creditur
1468 203 1586 242 habere
1605 210 1736 252 copiam
1752 236 1763 252 ‚
1788 224 1847 249 vos
1863 222 1997 250 contut-

45 265 238 310 &operibus
264 263 339 297 fidei
356 288 364 295 .
393 263 553 296 Parvulus
566 263 602 296 sit
623 274 666 295 an
686 260 840 300 adultus,
866 258 990 302 Judaeus

47 329 91 351 an
105 313 264 353 Gentilis‚
293 312 495 347 Christianus
507 325 548 347 an
561 311 704 346 infidelis
716 334 726 350 ,
738 311 787 342 vir
797 321 839 343 an
852 308 990 348 mulier,

48 378 119 401 non
142 363 253 399 refert.
283 363 370 397 Nam
393 362 591 408 quicumque
601 370 671 404 Ι-ριό
689 359 809 403 justitia
834 358 954 402 patitur
980 380 992 396 ‚

49 417 178 458 Martyr
195 413 241 448 est
254 438 265 453 ‚
291 413 325 448 id
347 413 418 453 est,
442 414 533 447 testis
550 411 679 455 justitia
698 433 710 450 ‚
737 411 869 443 assertor
890 409 991 442 causae

53 464 198 500 Christi.
222 463 286 498 Sed
297 463 451 508 quorsum
464 463 559 497 haec?
581 460 659 495 Scio
669 460 760 494 enim
775 484 786 501 ,
814 458 991 493 secundum

50 514 138 560 quod
151 514 293 559 praesagit
305 515 454 554 animus,
479 512 568 556 quod
582 511 655 545 Rex
665 510 800 544 eatenus
825 520 892 542 non
913 520 993 542 con-

49 566 186 600 valescet
199 589 210 604 ,
237 575 272 598 ut
283 564 324 598 de
335 565 501 598 securitate
511 561 565 606 agi
576 570 723 604 oporteat
736 585 743 592 .
771 558 815 592 Et
834 559 912 602 quia
936 558 1011 607 illa.

49 614 266 650 robussiffima
282 614 435 649 columna
457 611 569 654 templi
590 611 693 650 dicit,
721 609 810 654 quod
833 607 991 652 quidquid
1009 612 1011 619 ’

50 666 168 710 agitis,
195 662 445 699 extollentiaeest
456 662 595 702 autirae,
621 659 699 695 huic
712 659 864 704 opinioni
883 670 994 692 occur-

52 715 193 749 rendum
205 716 249 750 est
260 713 462 749 exhibitione
477 711 734 751 moderationis,
760 720 828 744 tam
849 710 883 743 in
903 709 993 742 factis

51 765 86 799 &
108 765 218 805 dictis,
243 764 340 809 quam
360 764 394 797 in
416 763 505 807 gestu
525 763 559 797 &
581 760 695 796 habitu
715 772 722 791 :
759 759 861 806 Quod
884 770 992 794 tamen

49 815 135 858 apud
148 816 255 848 Deum
266 825 334 848 non
344 813 486 847 multum
497 810 623 856 prodest
636 835 648 852 ,
660 811 716 845 nisi
727 808 768 844 de
778 821 899 845 arcano
910 821 993 845 con-

53 865 194 899 scientiae
205 862 338 907 prodeat
347 887 358 895 .

102 915 155 957 De
175 914 313 957 negotio
334 911 556 946 Saresberiensi
578 912 711 952 recolo,
737 910 827 955 quod
851 922 893 944 ex
906 919 995 954 parte

50 962 249 1008 Episcopi&
263 962 409 997 Ecclesiae
419 961 460 996 de
474 962 649 996 intrusione
669 961 796 997 Decani
818 961 930 996 audivi
942 972 996 1010 vp-

50 1014 196 1055 hiscum,
220 1014 257 1047 &
271 1013 509 1058 Episcoporum
518 1013 803 1047 circumventione
815 1036 825 1052 ,
848 1014 905 1055 qui
918 1011 992 1055 Epi-

52 1065 185 1108 scopum
217 1063 250 1097 &
284 1063 459 1097 Eceiefiam
483 1063 541 1096 suo
560 1063 702 1097 consilio
725 1061 927 1096 induxerunt
953 1060 995 1095 ad

56 1113 335 1159 transgreffionem
350 1112 534 1155 Apostolici
547 1112 699 1148 Mandati
712 1137 720 1145 .
748 1112 791 1146 Et
804 1112 826 1146 si
840 1111 925 1156 apud
939 1109 997 1145 ho-

53 1163 183 1203 mines,
207 1162 363 1206 sicutjure
373 1173 504 1196 cautum
516 1161 577 1203 est,
608 1163 690 1197 nulli
717 1163 791 1196 suus
816 1162 997 1206 patrocina-

54 1213 142 1247 bitur
151 1213 270 1253 dolus,
297 1213 404 1246 multo
420 1212 531 1246 minus
542 1212 629 1255 apud
649 1213 760 1246 Deum
775 1209 995 1255 patrocinabi-

53 1271 130 1302 tur,
155 1261 211 1305 qui
223 1260 382 1303 disperdet
392 1261 477 1296 labia
488 1261 624 1301 dolosa,
649 1262 902 1304 &prudentiam
925 1270 996 1302 pru-

52 1311 203 1346 dentium
214 1310 399 1354 reprobabit
412 1335 419 1342 .
447 1311 490 1345 Et
501 1312 578 1344 sicut
591 1310 674 1343 mihi
696 1310 737 1344 ab
760 1309 856 1344 Urbe
876 1308 996 1353 signifi-

53 1371 165 1396 catum
175 1358 221 1395 est
234 1383 245 1400 ‚
269 1359 376 1404 &ego
390 1360 483 1394 vobis
495 1360 644 1403 scripsisse
655 1371 708 1394 me
730 1360 867 1393 memini
882 1383 893 1399 ,
920 1358 997 1392 Do·

54 1411 167 1446 minus
189 1409 277 1453 Papa
297 1408 362 1451 jam
385 1411 520 1444 vestram
543 1411 735 1445 sententiam
754 1408 963 1445 confirmavit
989 1433 1001 1450 ,

54 1460 159 1499 immo
170 1461 259 1495 suam
271 1460 451 1494 vindicavit
463 1461 617 1503 injuriam
629 1486 639 1493 .

105 1510 159 1545 De
169 1510 387 1554 appellatione
401 1510 638 1554 Episcoporum
650 1510 729 1554 quid
750 1509 906 1549 sentiam,
933 1521 999 1544 non

56 1559 159 1596 silebo
172 1585 179 1592 .
206 1560 471 1607 Qialiberieffe
483 1562 599 1595 volunt
612 1585 623 1601 ,
649 1562 753 1595 timeo
766 1572 808 1595 ne
836 1570 1002 1604 perpetue-

54 1611 272 1645 turservitus.
300 1610 374 1654 Jure
386 1609 518 1653 quidem
534 1635 541 1642 .
568 1610 659 1657 Qa
672 1622 748 1645 cum
770 1621 874 1644 annus
898 1608 1003 1643 remis·

54 1661 153 1695 sionis
164 1660 304 1699 adesset,
332 1670 437 1693 annus
452 1659 601 1694 videlicet
615 1661 727 1704 gratiae
740 1684 751 1700 ‚
778 1659 953 1693 Ecclesiam
967 1660 1002 1691 in

53 1709 239 1744 libertatem
250 1709 440 1748 evocantis,
467 1708 538 1752 post
553 1711 606 1743 sex
630 1721 759 1750 annos,
785 1709 904 1752 quibus
924 1708 1002 1741 affli-

56 1759 98 1796 ffi
108 1768 199 1794 erant
210 1759 296 1802 quasi
308 1758 342 1791 in
355 1759 427 1792 luto
438 1759 470 1791 ὅ(
482 1759 598 1798 latere,
613 1760 799 1792 maluerunt
811 1782 823 1798 ,
853 1758 896 1791 eo
911 1757 1002 1799 quod

58 1807 192 1852 quidam
210 1817 324 1841 eorum
349 1817 464 1839 uxores
484 1806 668 1845 duxerant,
693 1815 830 1850 quarum
850 1813 1003 1839 tenentur

52 1857 248 1898 amelium,
272 1855 331 1889 alii
341 1854 417 1899 juga
430 1854 530 1889 boum
543 1855 875 1898 plurimaadunarunt
902 1878 913 1894 ,
939 1853 998 1888 alii

52 1906 273 1942 thesaurizant
284 1905 456 1949 pecuniam
473 1929 482 1945 ‚
505 1906 686 1940 nescientes
708 1915 818 1939 tamen
843 1905 897 1939 cui
922 1916 1004 1938 con-

56 1965 228 2001 gregetur,
256 1955 314 1989 alii
341 1955 414 1989 aliis
437 1956 472 1989 δε
498 1955 594 1990 variis
616 1955 841 1998 voluptatibus
857 1957 886 1988 se
904 1954 1006 1989 dede-

60 2015 155 2047 runt,
168 2006 390 2049 &premente
403 2005 525 2049 sejugo
538 2005 595 2039 sibi
616 2006 816 2047 placentium
843 2005 1000 2038 vitiorum

60 2057 267 2097 maluerunt,
294 2056 429 2099 inquam
449 2079 461 2095 ‚
498 2055 532 2088 in
554 2055 689 2099 antiqua
712 2055 863 2089 servitute
883 2054 1007 2094 teneri,

61 2106 94 2141 δε
115 2117 207 2140 aures
225 2106 297 2143 suas
319 2105 475 2149 perforari
496 2104 610 2139 subula
627 2114 785 2148 perpetuae
810 2104 971 2137 servitutis
996 2128 1007 2143 ,

62 2167 125 2199 qua
136 2157 168 2191 se
181 2156 377 2199 profitentur
389 2154 534 2190 moribus
547 2154 680 2190 obedire
698 2153 864 2188 servilibus
889 2164 1008 2195 perver-

60 2208 164 2240 sarum
176 2206 473 2246 consuetudinum,
498 2204 596 2246 quarn
619 2205 652 2238 in
667 2205 850 2239 libertatem
871 2203 1024 2246 Spiritus

62 2255 148 2292 velle
158 2255 312 2289 evadere.
341 2255 474 2288 Annon
487 2255 632 2288 recolitis
650 2278 662 2294 ,
700 2255 793 2299 quod
809 2254 884 2288 duae
908 2253 1009 2287 tribus

60 2304 269 2345 &dim-idm,
295 2305 373 2347 quia
392 2314 508 2347 pecora
530 2305 633 2339 multa
654 2303 816 2338 habebant
836 2304 871 2337 ἃ
896 2303 1009 2346 posses-

63 2355 168 2388 siones
193 2353 366 2397 plurimas,
395 2366 464 2388 non
488 2355 605 2387 sortita:
633 2354 707 2388 sunt
728 2352 946 2388 haereditatern
973 2353 1007 2386 in

64 2404 360 2443 medioFratrum,
387 2403 478 2436 idest
493 2426 505 2441 ‚
528 2404 792 2443 communione,
819 2413 901 2437 terra
927 2389 1024 2437 scili-¹

63 2454 115 2488 cet
126 2452 368 2498 promiffionis,
405 2453 456 2486 sed
480 2453 622 2495 Jordane
643 2453 794 2488 nondum
819 2452 953 2487 transito
975 2454 1009 2486 in

67 2500 327 2544 Amorrheorum
341 2502 460 2536 finibus
484 2501 716 2538 substiterunt?
736 2503 816 2537 Haec
838 2514 952 2539 nonne
974 2503 1010 2536 in

66 2551 251 2597 Evangelio
280 2553 507 2595 interpretatur
530 2553 600 2595 pius
622 2553 710 2596 Jesus

67 2601 219 2637 distionis
237 2602 421 2642 affirmans,
447 2602 521 2645 quia
549 2602 682 2637 facilius
701 2604 747 2638 est
772 2604 934 2638 camelum
956 2613 1025 2646 per-

67 2654 213 2688 foramen
225 2664 300 2687 aeus
311 2652 441 2685 transire
454 2676 464 2691 ,
491 2652 588 2694 quarn
599 2648 742 2687 divitem
758 2654 877 2687 intrare
900 2654 932 2687 in
949 2653 1011 2685 Re-

66 2713 168 2747 gnum
180 2702 337 2737 coelorum
352 2727 359 2734 .
385 2703 425 2735 Et
438 2700 568 2746 quidem
584 2703 638 2745 qui
651 2703 692 2736 ad
705 2703 932 2736 transeundum
947 2703 1012 2744 Jor-

67 2753 187 2787 danem
198 2751 282 2797 pigri
293 2753 419 2787 fuerant
432 2776 442 2792 ,
471 2752 585 2786 Altare
596 2752 865 2786 contradictionis
877 2754 910 2786 &
926 2753 1011 2786 scan-

69 2802 135 2838 dali
149 2803 257 2846 postea
268 2811 456 2836 erexerunt:
487 2803 567 2836 sicut
580 2802 735 2846 Episcopi
751 2803 871 2840 nostri,
883 2803 940 2845 qui
952 2801 1011 2836 sub

69 2852 312 2896 praetextujuris
321 2854 460 2886 formam
478 2853 511 2886 δε
535 2854 679 2896 vigorem
703 2852 830 2894 justitia:
851 2861 1012 2887 conantur

70 2900 218 2937 eludere.
247 2902 351 2937 Sed&
364 2902 425 2937 hos
444 2902 484 2936 ad
503 2903 664 2936 unitatem
679 2903 713 2936 ὃ(
736 2902 863 2946 pietatis
884 2902 1011 2937 cultum

70 2950 287 2994 triumphator
299 2954 446 2997 gentium
462 2952 628 2998 legatione
636 2952 726 2987 miffa
738 2952 899 2988 revocabit
912 2952 1012 2996 Jesus,

72 2999 113 3034 ad
126 3001 349 3044 professionem
361 3002 444 3048 legis
456 3003 488 3037 ὅ(
500 3003 627 3046 justitiae
636 3002 760 3038 cultum
775 3027 785 3043 ‚
811 3013 847 3037 ut
866 3003 953 3047 quod
966 3013 1014 3036 re·

74 3053 161 3085 stum
183 3049 229 3085 est
253 3062 362 3084 coram
386 3054 486 3092 Deo,
513 3054 660 3096 sapiant,
685 3053 887 3098 loquantur,
918 3053 1012 3087 &fa-

75 3100 184 3140 ciant‚
210 3100 244 3134 &
257 3101 370 3134 armati
389 3100 616 3136 exhortatione
637 3103 765 3147 Moysis
779 3128 789 3143 ,
814 3103 845 3139 id
871 3102 915 3136 est
929 3126 939 3142 ,
965 3102 1011 3136 di-

75 3150 159 3184 vinae
171 3150 265 3195 legis,
295 3148 469 3194 praecedant
486 3152 610 3186 Fratres
632 3154 725 3194 suos,
750 3154 856 3187 donec
879 3151 1012 3186 Christo

74 3199 239 3234 haereditas
249 3201 322 3240 sua,
348 3199 492 3235 Ecclesia
502 3202 646 3244 scilicet,
673 3202 828 3238 liberetur
848 3203 892 3239 de
911 3203 1012 3236 mani·

77 3249 137 3284 bus
160 3249 320 3283 hostiurn.
351 3251 395 3284 Et
412 3249 481 3294 post
503 3251 634 3288 inclitos
656 3252 697 3288 de
718 3255 808 3289 vitiis
829 3251 1014 3297 triumphos

74 3299 253 3333 stabiliatur
264 3302 296 3333 in
307 3309 388 3334 terra
405 3326 411 3332 .

123 3350 156 3383 Si
169 3349 300 3384 interim
313 3349 555 3385 Herefotdensis
568 3352 747 3398 Episcopus
759 3379 769 3395 ,
793 3355 852 3399 qui
862 3354 881 3389 ὲ
900 3355 1012 3400 pleris-

50 3413 54 3417 <
74 3409 137 3442 que
146 3399 315 3434 videbatur
327 3398 517 3435 liberaturus
530 3402 645 3443 lsrael,
670 3403 704 3437 in
716 3416 906 3450 contemptu
924 3416 1012 3440 mun·

73 3448 274 3495 di&peritia
286 3450 486 3494 litterarum,
514 3463 650 3496 quarum
662 3453 703 3489 ab
725 3454 848 3500 ignaris
877 3457 1014 3491 veleum

1056 258 1185 293 batores
1197 256 1346 292 Ecclefiae
1368 268 1557 299 nuncupat,
1588 259 1621 292 ei
1641 260 1674 292 &
1697 263 1910 305 complicibus
1928 264 1995 308 ejus

1056 308 1240 353 responderi
1261 306 1382 351 poterit
1401 306 1508 342 verbis
1530 308 1609 342 Eliae
1629 307 1773 343 similiter
1793 313 1958 360 objurgati
1981 336 2003 354 ,„

1054 357 1192 394 dicentis
1202 357 1244 392 ad
1257 357 1398 394 Achab:
1424 362 1500 392 Non
1510 369 1561 402 ego
1579 357 1705 393 turbavi
1725 357 1835 401 lsrael,
1859 363 1914 404 [ed
1924 372 1957 398 tu
1981 388 1993 405 ,

1055 410 1212 442 &Domus
1226 410 1330 442 Patris
1342 412 1387 442 tui
1408 433 1420 448 ‚
1443 413 1497 452 qui
1521 409 1714 452 dereliquistis
1733 409 1883 443 mandata
1898 415 1995 447 Domi.

1056 464 1088 490 m·
1107 483 1117 500 ,
1154 460 1188 492 ὀ·
1205 456 1298 501 secun
1317 458 1381 498 estis
1393 459 1538 492 Baalim.
1569 459 1651 493 Non
1673 459 1765 502 quod
1788 459 1913 499 velim,
1938 464 1995 502 qui

1058 508 1250 543 modestiam
1263 508 1382 544 suadeo
1391 533 1402 550 ,
1425 520 1484 543 ore
1495 508 1599 542 vestro
1611 508 1676 544 haec
1689 509 1857 553 Episcopis
1869 510 2000 552 respon-

1057 558 1146 599 deri,
1175 560 1227 594 sed
1239 557 1547 594 sibiaconscientiis
1569 557 1651 599 suis,
1681 560 1731 594 vel
1745 558 1788 594 ab
1810 560 1925 602 aliquo
1938 558 2000 593 Re-

1059 609 1198 653 iigioso,
1223 611 1280 652 qui
1301 609 1456 653 corripiat
1474 619 1533 644 eos
1550 632 1562 649 ,
1598 606 1640 643 eo
1662 610 1752 651 quod
1775 610 1837 643 sint
1856 610 2000 644 cultores

1058 658 1206 702 Jezabel‚
1230 670 1299 703 quae
1321 659 1542 695 cohabitatrix
1558 682 1570 699 ‚
1595 658 1685 703 quod
1708 671 1831 695 nomen
1851 659 2002 694 meretri-

1057 708 1181 750 cisest‚
1209 710 1458 753 interpretatur:
1486 719 1542 744 aut
1553 708 1659 744 fluxus
1671 719 1794 750 vanus,
1818 711 1896 754 quia
1909 720 2001 743 more

1059 761 1280 801 meretricum,
1320 770 1390 804 quae
1405 759 1559 795 convivia
1580 760 1738 795 scetantur
1759 760 1792 794 ἀ
1814 759 1963 794 tabernas
1989 783 2001 800 ,

1061 810 1237 844 seluxuriae
1248 810 1411 854 primum,
1434 810 1470 845 &
1483 808 1576 844 omni
1596 809 1806 854 postmodum
1828 807 2003 853 turpitudi-

1062 859 1095 893 ni
1107 870 1328 903 exponentes,
1354 872 1423 895 non
1436 859 1493 895 uifi
1508 859 1595 894 fluxa
1608 884 1620 901 ‚
1652 872 1730 895 cum
1746 859 1866 902 quibus
1887 861 1922 896 &
1945 860 2002 903 ipsi

1063 910 1276 954 pereffluant,
1300 911 1549 951 consectantur,
1573 921 1611 946 ut
1626 911 1662 946 in
1687 922 1862 946 momento
1886 912 2004 953 pariter

1059 961 1250 996 evanescant
1260 973 1337 995 cum
1350 961 1548 995 vanitatibus
1560 961 1637 996 suis.
1672 960 1856 1006 Vosigitur
1879 960 2007 995 istisin-

1060 1011 1326 1053 terpretatoribus
1344 1035 1357 1051 ,
1382 1011 1488 1046 imme>
1520 1011 1754 1046 detrastoribus
1790 1012 1899 1046 vestris
1925 1009 2006 1054 quid

1060 1060 1182 1105 poffitis
1195 1060 1338 1096 modeste
1347 1062 1541 1105 respondere
1561 1062 1579 1094 ἒ
1617 1062 1748 1106 Nempe
1765 1062 1855 1105 quod
1879 1061 2008 1095 sanstis-

1060 1112 1154 1145 fimus
1173 1112 1210 1146 ἀ
1230 1112 1480 1147 modestissimus
1504 1111 1614 1147 David
1636 1113 1765 1149 intorsit
1786 1112 1821 1147 in
1834 1112 2006 1157 negligen-

1060 1162 1140 1194 tiam
1154 1161 1287 1204 Abner,
1313 1162 1419 1206 quiin
1432 1162 1529 1207 patris
1540 1162 1706 1198 lucernam
1720 1164 1858 1198 vertitur
1869 1186 1880 1202 ‚
1906 1172 2006 1205 quan·

1060 1211 1105 1244 do
1117 1212 1246 1245 Saulem
1269 1212 1303 1246 in
1326 1212 1436 1246 castris
1456 1213 1677 1247 dormientem
1693 1213 1803 1248 custos
1824 1211 2008 1246 somnolen-

1062 1271 1113 1293 tus
1131 1262 1283 1303 exposuit
1306 1260 1479 1302 hostibus,
1514 1271 1550 1296 ut
1571 1263 1606 1295 in
1627 1273 1860 1306 argumentum
1880 1259 2007 1294 defidiae

1063 1311 1210 1343 lanceam
1222 1310 1323 1354 Regis
1340 1310 1374 1344 ὅ(
1397 1309 1558 1353 scyphum
1581 1321 1672 1353 aquae
1696 1311 1887 1344 auserrenta
1901 1310 2009 1352 capite

1060 1359 1151 1403 ejus,
1173 1358 1209 1393 ὅ(
1232 1361 1449 1403 asportarent.
1479 1360 1621 1394 Dicatur
1639 1358 1719 1404 ergo
1739 1357 1970 1394 Herefordensi
1998 1381 2009 1397 ‚

1061 1411 1221 1455 quoniam
1241 1410 1309 1454 ipse
1327 1411 1375 1444 sui
1398 1409 1504 1444 Saulis
1522 1409 1631 1444 custos
1654 1409 1699 1444 est
1719 1433 1732 1449 ,
1756 1420 1794 1445 ut
1815 1409 1909 1453 ajunt
1931 1434 1938 1441 .
1966 1408 2011 1442 Et

1064 1460 1289 1495 [ondonienfl
1312 1484 1323 1500 ‚
1349 1460 1407 1502 qui
1429 1460 1447 1494 ὲ
1468 1461 1609 1495 Summo
1627 1459 1795 1494 Pontifice
1823 1457 2010 1494 custodi-am

1064 1510 1173 1550 hanc,
1197 1509 1395 1544 ciimaSede
1408 1510 1463 1544 sua
1485 1509 1638 1554 migraret
1661 1510 1698 1543 in
1719 1509 1839 1550 aliam,
1866 1508 2013 1543 noscitur

1064 1561 1220 1603 accepisse
1243 1584 1251 1592 .
1278 1560 1420 1594 Dicatur
1442 1583 1454 1600 ,
1482 1558 1618 1602 inquam
1644 1582 1657 1599 ‚
1683 1559 1812 1602 utrique
1847 1568 1961 1591 eorum
2000 1568 2010 1589 ε

1065 1611 1211 1652 Nonquia
1234 1621 1293 1642 non
1318 1615 1370 1642 vir
1395 1616 1429 1642 tu
1453 1619 1485 1642 es
1524 1632 1536 1649 ,
1574 1611 1611 1643 <5
1634 1613 1705 1652 quis
1730 1610 1809 1642 alius
1837 1606 1940 1650 fimilis
1966 1612 2011 1640 tui

1065 1667 1096 1693 in
1122 1659 1239 1703 lsrael?
1265 1662 1372 1703 ,Quare
1395 1670 1455 1692 non
1478 1658 1624 1699 custodisti
1650 1661 1812 1692 Dominum
1849 1667 1935 1692 tuum
1954 1661 2013 1691 Re·

1062 1711 1157 1754 gem?
1182 1715 1271 1742 Vivit
1295 1711 1441 1741 Dominus
1468 1730 1480 1745 ,
1514 1713 1589 1749 quta
1610 1706 1671 1746 filu
1695 1713 1801 1741 mortis
1825 1707 1890 1746 estis
1916 1718 1980 1741 vor,
1998 1731 2010 1747 ,

1064 1764 1115 1801 qui
1138 1770 1197 1791 non
1220 1756 1379 1796 custodistis
1409 1759 1567 1788 Dominum
1594 1754 1742 1797 nostrum,
1779 1755 1931 1796 Christum
1955 1757 2017 1789 Do·

1065 1812 1158 1840 mini.
1185 1806 1242 1839 Ubi
1266 1811 1347 1841 enim
1372 1804 1456 1846 basta
1480 1807 1572 1851 Regn-
1597 1829 1610 1846 ,
1641 1805 1776 1849 justitia,
1797 1805 2014 1841 directionem

1065 1855 1251 1902 significans
1290 1870 1303 1889 .-
1330 1859 1375 1889 Et
1395 1854 1520 1899 scyphus
1546 1867 1633 1899 aquae
1657 1881 1670 1898 ,
1704 1867 1759 1892 vas
1783 1856 1905 1891 scilicet
1932 1856 2016 1901 legis

1066 1918 1150 1951 purae
1172 1931 1182 1946 ,
1209 1912 1261 1949 qui
1279 1906 1388 1947 fuerat
1413 1907 1458 1939 ad
1486 1913 1577 1948 caput
1599 1907 1667 1946 ejus
1704 1929 1718 1947 ,
1743 1905 1786 1940 ad
1811 1905 2026 1951 refrigerium⁸

1066 1957 1174 1991 carnis
1192 1981 1203 1997 ‚
1229 1958 1263 1991 δι
1289 1957 1500 1990 refe-{tionem
1527 1955 1660 1998 spiritus
1687 1954 1723 1990 in
1750 1956 1803 1990 siti
1829 1957 1884 1990 sua
1906 1957 1919 1989 ?
1952 1953 2015 1991 Sed

1067 2007 1101 2041 ὅ(
1127 2006 1175 2039 illi
1203 2005 1369 2040 continuo
1395 2003 1499 2039 verbis
1524 2003 1638 2039 Abner
1663 2004 1741 2040 fidei
1764 2006 1801 2040 &
1827 2004 2017 2041 sollicitudi-

1068 2057 1103 2089 ni
1123 2056 1232 2090 vestrae
1258 2055 1513 2098 increpationem
1539 2053 1780 2098 respondebunt
1798 2079 1811 2096 ,
1847 2055 2016 2090 dicentes:

1068 2108 1150 2149 ,Quis
1176 2116 1208 2138 es
1233 2111 1283 2146 qui
1308 2107 1419 2138 clamas
1455 2129 1466 2145 ,
1491 2107 1526 2140 et
1551 2111 1702 2148 inquietas
1728 2109 1838 2150 Regem
1869 2105 1888 2138 3
1914 2103 1967 2139 Ac
1984 2105 2016 2138 1si

1067 2156 1199 2190 dicant:
1227 2155 1413 2190 Permittite
1438 2155 1612 2190 nobiscum
1637 2155 1672 2190 in
1698 2164 1894 2199 contemptu
1920 2166 2017 2190 man·-

1066 2205 1220 2240 datorum
1245 2203 1280 2239 ἀ
1308 2206 1532 2247 persecutione
1568 2207 1755 2242 sanctorum
1781 2205 1928 2241 dormire
1954 2205 2023 2240 Re-

1067 2266 1143 2300 gem
1171 2255 1339 2294 nostrum,
1367 2262 1404 2287 ut
1426 2265 1505 2289 eum
1532 2257 1722 2299 pausantem
1748 2256 1790 2290 sic
1816 2256 1852 2291 in
1870 2265 2020 2291 contem·

1068 2316 1130 2348 ptu
1158 2304 1288 2339 Divinae
1301 2304 1402 2349 Legis
1426 2303 1643 2348 producamus
1667 2308 1704 2342 ἀ
1729 2304 1946 2351 perducamus
1971 2304 2014 2341 ad

1069 2357 1219 2390 somnum
1246 2355 1385 2389 mortis.

1121 2404 1191 2438 Vos
1212 2415 1322 2438 tamen
1337 2428 1348 2444 ,
1371 2403 1430 2447 qui
1451 2404 1703 2441 reminiscimini
1726 2407 1892 2447 Domini.
1923 2413 2019 2441 neta-

1068 2455 1166 2489 ceatis
1180 2478 1191 2495 ,
1216 2455 1252 2490 &
1278 2466 1319 2489 ne
1341 2453 1427 2489 detis
1447 2456 1613 2490 silentium
1632 2456 1685 2496 ei,
1726 2455 1781 2490 sed
1807 2455 2018 2498 exequamini

1070 2505 1158 2549 quod
1180 2504 1225 2539 ait
1249 2504 1451 2549 Apostolus:
1478 2510 1573 2550 Argue
1600 2530 1611 2546 ‚
1638 2504 1779 2548 obsecra,
1800 2509 1941 2546 increpa,
1968 2511 2018 2546 op·

736 2578 747 2593 ‚
786 2565 842 2597 per
871 2554 1025 2604 figuram}
1066 2556 1212 2598 portland,
1235 2558 1422 2597 importuni·
1448 2555 1485 2590 Id
1504 2555 1572 2594 est,
1600 2565 1806 2599 quacumque
1828 2564 2016 2598 opportuna

1070 2605 1320 2649 importunitate
1342 2629 1348 2638 .
1378 2602 1446 2639 Sub
1470 2612 1617 2646 pretextu
1641 2614 1752 2639 tamen
1780 2604 2017 2648 appellationis

1069 2667 1185 2690 omnes
1196 2656 1228 2690 se
1238 2654 1398 2698 decetero
1409 2653 1610 2695 tuebuntur,
1638 2657 1742 2698 parati
1762 2650 1944 2697 quamlibet
1969 2654 2016 2696 in·

1070 2717 1196 2741 currere
1228 2704 1487 2739 inobedientiam
1511 2717 1520 2737 z
1559 2704 1786 2748 Exspectantes
1807 2704 1939 2739 interim
1961 2714 2018 2738 aut

1071 2766 1210 2791 mortem
1220 2753 1362 2789 Domini
1373 2754 1488 2797 Papae,
1514 2764 1614 2797 qnam
1622 2764 1740 2798 optant
1752 2777 1764 2795 ,
1789 2763 1845 2788 aut
1858 2753 1992 2791 vestram
2005 2778 2017 2794 ,

1071 2818 1126 2841 aut
1136 2807 1236 2845 aliurn
1246 2806 1378 2845 casum,
1403 2805 1460 2848 qui
1474 2815 1588 2839 eorum
1614 2804 1746 2840 malitia
1768 2804 2017 2848 patrocinetur.

1073 2855 1145 2891 Rex
1158 2866 1267 2891 autem
1285 2879 1296 2894 ‚
1322 2854 1342 2888 a
1363 2854 1455 2898 cujus
1473 2855 1758 2890 excommunicati
1776 2855 2017 2890 communione

1072 2907 1102 2941 se
1123 2905 1291 2948 uunquam
1312 2904 1529 2948 suspendent,
1554 2916 1668 2940 nonne
1693 2906 1726 2940 ei
1738 2905 1860 2950 semper
1876 2904 2017 2939 Pontifi-

1071 2957 1167 2991 ces&
1191 2956 1305 2991 Clerus
1326 2954 1391 2989 fere
1412 2965 1502 2989 totus
1513 2954 1709 2991 adstiterunt
1722 2954 1876 2990 adversus
1896 2955 2018 2990 Domi·

1074 3017 1176 3047 num,
1202 3005 1577 3040 &adversuschristum
1590 3005 1658 3049 ejus
1678 3005 1696 3037 ἔ
1721 3003 1833 3042 Credo
1858 3005 2017 3040 tamenin

1077 3056 1243 3099 Episcopis
1255 3055 1384 3099 aliquos
1404 3056 1488 3094 esse,
1515 3057 1572 3099 qui
1598 3054 1790 3095 vobiscum,
1814 3056 1918 3090 immo
1938 3064 2017 3089 cum

1074 3106 1149 3140 Deo
1166 3106 1201 3140 &
1225 3104 1366 3140 Ecclesia
1387 3104 1478 3148 eJus,
1504 3106 1636 3139 votis&
1650 3105 1855 3140 orationibus
1880 3105 2017 3139 firmiter

1076 3157 1291 3199 perseverant,
1314 3155 1385 3189 &fi
1407 3155 1552 3189 inimicis
1572 3156 1607 3189 ὅ(
1631 3154 1884 3198 persecutoribus
1908 3154 2017 3188 Eccle-

1074 3206 1120 3240 fiae
1130 3207 1308 3249 corpore&
1321 3205 1421 3240 verbo
1430 3216 1525 3240 tenus
1544 3205 1578 3239 in
1604 3206 1719 3240 multis
1738 3206 1987 3239 communicent
2008 3226 2014 3234 .

1074 3256 1125 3290 Sic
1136 3255 1292 3300 Ionathas
1302 3266 1438 3298 corpore
1450 3266 1527 3288 cum
1550 3251 1647 3288 s'aule
1673 3254 1770 3290 Patre
1794 3256 1852 3288 suo
1875 3250 2018 3286 versaba-

1074 3316 1146 3346 tur,
1185 3305 1240 3340 sed
1258 3316 1331 3340 tota
1360 3305 1483 3338 mentis
1504 3305 1685 3339 sinceritate
1705 3315 1780 3338 cum
1801 3302 1912 3337 David
1933 3312 2017 3335 exu-

1077 3355 1177 3390 labat.
1202 3356 1257 3390 Sic
1268 3356 1368 3388 etiam
1382 3353 1422 3388 ad
1448 3353 1506 3387 lilii
1520 3352 1692 3389 Parricidae
1701 3352 1906 3387 consortium
1920 3350 2018 3386 chu-

1076 3405 1117 3441 sai
1133 3404 1316 3440 ·Arathiten
1339 3405 1373 3437 in
1399 3404 1537 3438 exilium
1561 3412 1786 3448 properantem
1808 3401 1925 3434 remisit
1950 3400 2017 3434 Da-

1077 3455 1152 3498 vid,
1177 3455 1302 3492 malens
1327 3453 1421 3489 illurn
1440 3465 1519 3489 cum
1541 3453 1653 3489 amicis
1673 3452 1780 3488 Sadoc
1800 3450 1836 3485 ἀ
1858 3449 2016 3485 Abiath‘ar

1853 3501 1966 3535 Sacer-
