<?xml version="1.0" encoding="UTF-8"?>
<!DOCTYPE html PUBLIC "-//W3C//DTD XHTML 1.0 Transitional//EN"
    "http://www.w3.org/TR/xhtml1/DTD/xhtml1-transitional.dtd">
<html xmlns="http://www.w3.org/1999/xhtml" xml:lang="en" lang="en">
 <head>
  <title>
</title>
<meta http-equiv="Content-Type" content="text/html;charset=utf-8" />
  <meta name='ocr-system' content='tesseract 3.04.00' />
  <meta name='ocr-capabilities' content='ocr_page ocr_carea ocr_par ocr_line ocrx_word'/>
</head>
<body>
  <div class='ocr_page' id='page_1' title='image "./operaomniastudio10lupuuoft/operaomniastudio10lupuuoft_0185.png"; bbox 0 0 2358 3776; ppageno 0'>
   <div class='ocr_carea' id='block_1_1' title="bbox 0 3215 13 3767">
    <p class='ocr_par' dir='ltr' id='par_1_1' title="bbox 0 3215 13 3767">
     <span class='ocr_line' id='line_1_1' title="bbox 0 3215 13 3767; baseline 0 0"><span class='ocrx_word' id='word_1_1' title='bbox 0 3215 13 3767; x_wconf 95' lang='lat' dir='ltr'> </span> 
     </span>
    </p>
   </div>
   <div class='ocr_carea' id='block_1_2' title="bbox 238 134 1733 195">
    <p class='ocr_par' dir='ltr' id='par_1_2' title="bbox 238 134 1733 195">
     <span class='ocr_line' id='line_1_2' title="bbox 238 134 1733 195; baseline -0.002 -2"><span class='ocrx_word' id='word_1_2' title='bbox 238 142 278 195; x_wconf 79' lang='lat' dir='ltr'>S.</span> <span class='ocrx_word' id='word_1_3' title='bbox 345 139 724 190; x_wconf 87' lang='lat' dir='ltr'><strong>THOMAE</strong></span> <span class='ocrx_word' id='word_1_4' title='bbox 794 134 1733 192; x_wconf 66' lang='lat' dir='ltr'>CANTUARLENSIS.</span> 
     </span>
    </p>
   </div>
   <div class='ocr_carea' id='block_1_3' title="bbox 111 220 1057 671">
    <p class='ocr_par' dir='ltr' id='par_1_3' title="bbox 111 220 1057 671">
     <span class='ocr_line' id='line_1_3' title="bbox 124 220 1050 270; baseline -0.013 -4"><span class='ocrx_word' id='word_1_5' title='bbox 124 230 240 267; x_wconf 78' lang='lat' dir='ltr'>retis&amp;</span> <span class='ocrx_word' id='word_1_6' title='bbox 252 228 339 261; x_wconf 87' lang='lat' dir='ltr'>vita.</span> <span class='ocrx_word' id='word_1_7' title='bbox 366 225 538 270; x_wconf 87' lang='lat' dir='ltr'>Numquid</span> <span class='ocrx_word' id='word_1_8' title='bbox 554 235 635 260; x_wconf 89' lang='lat' dir='ltr'>tunc</span> <span class='ocrx_word' id='word_1_9' title='bbox 645 224 864 270; x_wconf 80' lang='lat' dir='ltr'>fungebamur</span> <span class='ocrx_word' id='word_1_10' title='bbox 873 221 944 255; x_wconf 89' lang='lat' dir='ltr'>vice</span> <span class='ocrx_word' id='word_1_11' title='bbox 953 220 1050 262; x_wconf 87' lang='lat' dir='ltr'>cotis,</span> 
     </span>
     <span class='ocr_line' id='line_1_4' title="bbox 112 269 1056 321; baseline -0.01 -9"><span class='ocrx_word' id='word_1_12' title='bbox 112 289 235 317; x_wconf 17' lang='lat' dir='ltr'>*acutum</span> <span class='ocrx_word' id='word_1_13' title='bbox 253 278 377 311; x_wconf 78' lang='lat' dir='ltr'><em>reddere</em></span> <span class='ocrx_word' id='word_1_14' title='bbox 392 288 460 320; x_wconf 82' lang='lat' dir='ltr'>quae</span> <span class='ocrx_word' id='word_1_15' title='bbox 472 276 597 321; x_wconf 81' lang='lat' dir='ltr'>ferrum</span> <span class='ocrx_word' id='word_1_16' title='bbox 621 277 727 315; x_wconf 77' lang='lat' dir='ltr'>valet,</span> <span class='ocrx_word' id='word_1_17' title='bbox 753 271 853 317; x_wconf 84' lang='lat' dir='ltr'>exsors</span> <span class='ocrx_word' id='word_1_18' title='bbox 864 269 933 315; x_wconf 75' lang='lat' dir='ltr'>ipsa</span> <span class='ocrx_word' id='word_1_19' title='bbox 955 269 1056 313; x_wconf 81' lang='lat' dir='ltr'>secan-</span> 
     </span>
     <span class='ocr_line' id='line_1_5' title="bbox 119 322 1057 364; baseline -0.007 -2"><span class='ocrx_word' id='word_1_20' title='bbox 119 332 151 364; x_wconf 78' lang='lat' dir='ltr'>di</span> <span class='ocrx_word' id='word_1_21' title='bbox 162 330 180 361; x_wconf 67' lang='grc' dir='ltr'><em>ἓ</em></span> <span class='ocrx_word' id='word_1_22' title='bbox 207 328 332 362; x_wconf 84' lang='lat' dir='ltr'>Mirum</span> <span class='ocrx_word' id='word_1_23' title='bbox 346 327 390 361; x_wconf 88' lang='lat' dir='ltr'>est</span> <span class='ocrx_word' id='word_1_24' title='bbox 402 327 423 360; x_wconf 85' lang='lat' dir='ltr'>fi</span> <span class='ocrx_word' id='word_1_25' title='bbox 437 338 504 361; x_wconf 89' lang='lat' dir='ltr'>non</span> <span class='ocrx_word' id='word_1_26' title='bbox 516 327 665 361; x_wconf 85' lang='lat' dir='ltr'>tinniunt</span> <span class='ocrx_word' id='word_1_27' title='bbox 686 334 776 358; x_wconf 87' lang='lat' dir='ltr'>aures</span> <span class='ocrx_word' id='word_1_28' title='bbox 795 323 904 357; x_wconf 76' lang='lat' dir='ltr'>vestra:</span> <span class='ocrx_word' id='word_1_29' title='bbox 914 322 932 354; x_wconf 69' lang='lat' dir='ltr'>a</span> <span class='ocrx_word' id='word_1_30' title='bbox 945 322 1057 356; x_wconf 89' lang='lat' dir='ltr'>confa-</span> 
     </span>
     <span class='ocr_line' id='line_1_6' title="bbox 117 372 1056 417; baseline -0.011 -4"><span class='ocrx_word' id='word_1_31' title='bbox 117 379 288 415; x_wconf 80' lang='lat' dir='ltr'>bulatione</span> <span class='ocrx_word' id='word_1_32' title='bbox 302 377 496 412; x_wconf 76' lang='lat' dir='ltr'>scholarium</span> <span class='ocrx_word' id='word_1_33' title='bbox 510 401 521 417; x_wconf 92' lang='lat'>,</span> <span class='ocrx_word' id='word_1_34' title='bbox 547 376 747 410; x_wconf 64' lang='lat' dir='ltr'>detractione</span> <span class='ocrx_word' id='word_1_35' title='bbox 758 372 973 407; x_wconf 86' lang='lat' dir='ltr'>AEmulorum</span> <span class='ocrx_word' id='word_1_36' title='bbox 987 396 997 412; x_wconf 93' lang='lat'>,</span> <span class='ocrx_word' id='word_1_37' title='bbox 1022 372 1056 405; x_wconf 74' lang='grc' dir='ltr'>δε</span> 
     </span>
     <span class='ocr_line' id='line_1_7' title="bbox 111 422 1055 472; baseline -0.01 -9"><span class='ocrx_word' id='word_1_38' title='bbox 111 430 298 463; x_wconf 81' lang='lat' dir='ltr'>amicorum</span> <span class='ocrx_word' id='word_1_39' title='bbox 323 427 463 472; x_wconf 74' lang='lat' dir='ltr'>querelis</span> <span class='ocrx_word' id='word_1_40' title='bbox 481 452 490 460; x_wconf 92' lang='lat'>.</span> <span class='ocrx_word' id='word_1_41' title='bbox 517 424 679 459; x_wconf 75' lang='lat' dir='ltr'>Adversus</span> <span class='ocrx_word' id='word_1_42' title='bbox 703 425 834 458; x_wconf 87' lang='lat' dir='ltr'>Patrem</span> <span class='ocrx_word' id='word_1_43' title='bbox 858 422 1000 456; x_wconf 87' lang='lat' dir='ltr'>vestrum</span> <span class='ocrx_word' id='word_1_44' title='bbox 1023 423 1055 456; x_wconf 70' lang='grc' dir='ltr'>ὃ(</span> 
     </span>
     <span class='ocr_line' id='line_1_8' title="bbox 114 471 1055 519; baseline -0.007 -6"><span class='ocrx_word' id='word_1_45' title='bbox 114 482 375 513; x_wconf 67' lang='lat' dir='ltr'>conservatorem</span> <span class='ocrx_word' id='word_1_46' title='bbox 389 502 401 518; x_wconf 92' lang='lat'>,</span> <span class='ocrx_word' id='word_1_47' title='bbox 426 476 633 519; x_wconf 86' lang='lat' dir='ltr'>eundemque</span> <span class='ocrx_word' id='word_1_48' title='bbox 654 485 714 518; x_wconf 87' lang='lat' dir='ltr'>pro</span> <span class='ocrx_word' id='word_1_49' title='bbox 734 472 853 517; x_wconf 83' lang='lat' dir='ltr'>justitia</span> <span class='ocrx_word' id='word_1_50' title='bbox 864 496 876 513; x_wconf 94' lang='lat'>‚</span> <span class='ocrx_word' id='word_1_51' title='bbox 902 471 936 505; x_wconf 86' lang='lat'>&amp;</span> <span class='ocrx_word' id='word_1_52' title='bbox 961 472 1055 506; x_wconf 89' lang='lat' dir='ltr'>liber-</span> 
     </span>
     <span class='ocr_line' id='line_1_9' title="bbox 113 522 1055 568; baseline -0.008 -4"><span class='ocrx_word' id='word_1_53' title='bbox 113 538 181 564; x_wconf 84' lang='lat' dir='ltr'>tate</span> <span class='ocrx_word' id='word_1_54' title='bbox 210 529 358 563; x_wconf 75' lang='lat' dir='ltr'>Ecclesiae</span> <span class='ocrx_word' id='word_1_55' title='bbox 380 527 591 566; x_wconf 72' lang='lat' dir='ltr'>exulantem,</span> <span class='ocrx_word' id='word_1_56' title='bbox 629 536 733 568; x_wconf 85' lang='lat' dir='ltr'>nuper</span> <span class='ocrx_word' id='word_1_57' title='bbox 767 522 951 566; x_wconf 76' lang='lat' dir='ltr'>appellastis</span> <span class='ocrx_word' id='word_1_58' title='bbox 978 533 1055 557; x_wconf 89' lang='lat' dir='ltr'>cum</span> 
     </span>
     <span class='ocr_line' id='line_1_10' title="bbox 117 572 1054 623; baseline -0.005 -10"><span class='ocrx_word' id='word_1_59' title='bbox 117 579 211 621; x_wconf 87' lang='lat' dir='ltr'>aliis,</span> <span class='ocrx_word' id='word_1_60' title='bbox 247 581 305 623; x_wconf 90' lang='lat' dir='ltr'>qui</span> <span class='ocrx_word' id='word_1_61' title='bbox 328 576 566 613; x_wconf 73' lang='lat' dir='ltr'>subversionem</span> <span class='ocrx_word' id='word_1_62' title='bbox 586 574 719 618; x_wconf 78' lang='lat' dir='ltr'>justitiae</span> <span class='ocrx_word' id='word_1_63' title='bbox 737 581 885 618; x_wconf 78' lang='lat' dir='ltr'>quaerunt</span> <span class='ocrx_word' id='word_1_64' title='bbox 908 572 942 606; x_wconf 75' lang='grc' dir='ltr'>δε</span> <span class='ocrx_word' id='word_1_65' title='bbox 962 573 1054 608; x_wconf 87' lang='lat' dir='ltr'>suam</span> 
     </span>
     <span class='ocr_line' id='line_1_11' title="bbox 116 623 1055 671; baseline -0.009 -8"><span class='ocrx_word' id='word_1_66' title='bbox 116 630 336 670; x_wconf 86' lang='lat' dir='ltr'>eversionem,</span> <span class='ocrx_word' id='word_1_67' title='bbox 361 628 396 662; x_wconf 73' lang='grc' dir='ltr'>ὃ(</span> <span class='ocrx_word' id='word_1_68' title='bbox 418 624 574 671; x_wconf 80' lang='lat' dir='ltr'>ponendo</span> <span class='ocrx_word' id='word_1_69' title='bbox 595 635 672 660; x_wconf 87' lang='lat' dir='ltr'>cum</span> <span class='ocrx_word' id='word_1_70' title='bbox 695 623 804 669; x_wconf 82' lang='lat' dir='ltr'>impiis</span> <span class='ocrx_word' id='word_1_71' title='bbox 827 623 1015 666; x_wconf 88' lang='lat' dir='ltr'>portionem</span> <span class='ocrx_word' id='word_1_72' title='bbox 1041 647 1055 665; x_wconf 86' lang='lat'>‚</span> 
     </span>
    </p>
   </div>
   <div class='ocr_carea' id='block_1_4' title="bbox 119 673 1078 718">
    <p class='ocr_par' dir='ltr' id='par_1_4' title="bbox 119 673 1078 718">
     <span class='ocr_line' id='line_1_12' title="bbox 119 673 1078 718; baseline -0.007 -5"><span class='ocrx_word' id='word_1_73' title='bbox 119 679 206 713; x_wconf 78' lang='lat' dir='ltr'>unde</span> <span class='ocrx_word' id='word_1_74' title='bbox 229 678 435 714; x_wconf 87' lang='lat' dir='ltr'>vehementer</span> <span class='ocrx_word' id='word_1_75' title='bbox 453 675 627 718; x_wconf 75' lang='lat' dir='ltr'>doiemus,</span> <span class='ocrx_word' id='word_1_76' title='bbox 652 676 776 710; x_wconf 87' lang='lat' dir='ltr'>famam</span> <span class='ocrx_word' id='word_1_77' title='bbox 795 673 930 708; x_wconf 83' lang='lat' dir='ltr'>vestram</span> <span class='ocrx_word' id='word_1_78' title='bbox 955 674 1053 718; x_wconf 86' lang='lat' dir='ltr'>pluri·</span> <span class='ocrx_word' id='word_1_79' title='bbox 1076 681 1078 683; x_wconf 79' lang='grc'><strong>’</strong></span> 
     </span>
    </p>
   </div>
   <div class='ocr_carea' id='block_1_5' title="bbox 118 723 1055 1022">
    <p class='ocr_par' dir='ltr' id='par_1_5' title="bbox 118 723 1055 1022">
     <span class='ocr_line' id='line_1_13' title="bbox 118 723 1054 774; baseline -0.006 -11"><span class='ocrx_word' id='word_1_80' title='bbox 118 729 211 764; x_wconf 68' lang='lat' dir='ltr'>mum</span> <span class='ocrx_word' id='word_1_81' title='bbox 231 726 436 774; x_wconf 81' lang='lat' dir='ltr'>denigrastis.</span> <span class='ocrx_word' id='word_1_82' title='bbox 469 726 632 771; x_wconf 82' lang='lat' dir='ltr'>Nunquid</span> <span class='ocrx_word' id='word_1_83' title='bbox 651 725 745 760; x_wconf 86' lang='lat' dir='ltr'>enim</span> <span class='ocrx_word' id='word_1_84' title='bbox 764 724 889 758; x_wconf 81' lang='lat' dir='ltr'>litteras</span> <span class='ocrx_word' id='word_1_85' title='bbox 908 723 1054 767; x_wconf 87' lang='lat' dir='ltr'>appella-</span> 
     </span>
     <span class='ocr_line' id='line_1_14' title="bbox 119 772 1054 820; baseline -0.005 -8"><span class='ocrx_word' id='word_1_86' title='bbox 119 781 299 814; x_wconf 62' lang='lat' dir='ltr'>torhmon</span> <span class='ocrx_word' id='word_1_87' title='bbox 314 778 459 817; x_wconf 85' lang='lat' dir='ltr'>vidistis,</span> <span class='ocrx_word' id='word_1_88' title='bbox 485 786 566 820; x_wconf 73' lang='lat' dir='ltr'>quas</span> <span class='ocrx_word' id='word_1_89' title='bbox 599 775 754 819; x_wconf 84' lang='lat' dir='ltr'>Episcopi</span> <span class='ocrx_word' id='word_1_90' title='bbox 778 775 819 809; x_wconf 84' lang='lat' dir='ltr'>ad</span> <span class='ocrx_word' id='word_1_91' title='bbox 840 772 943 808; x_wconf 82' lang='lat' dir='ltr'>Archi</span> <span class='ocrx_word' id='word_1_92' title='bbox 958 774 1054 818; x_wconf 88' lang='lat' dir='ltr'>-Epi-</span> 
     </span>
     <span class='ocr_line' id='line_1_15' title="bbox 120 823 1055 871; baseline -0.004 -9"><span class='ocrx_word' id='word_1_93' title='bbox 120 830 255 871; x_wconf 83' lang='lat' dir='ltr'>scopum</span> <span class='ocrx_word' id='word_1_94' title='bbox 268 829 360 862; x_wconf 86' lang='lat' dir='ltr'>suum</span> <span class='ocrx_word' id='word_1_95' title='bbox 370 825 638 862; x_wconf 78' lang='lat' dir='ltr'>transmiserunt?</span> <span class='ocrx_word' id='word_1_96' title='bbox 663 823 762 859; x_wconf 72' lang='lat' dir='ltr'>Certe</span> <span class='ocrx_word' id='word_1_97' title='bbox 776 824 799 858; x_wconf 85' lang='lat' dir='ltr'>fi</span> <span class='ocrx_word' id='word_1_98' title='bbox 812 836 879 859; x_wconf 92' lang='lat' dir='ltr'>non</span> <span class='ocrx_word' id='word_1_99' title='bbox 893 824 1019 859; x_wconf 85' lang='lat' dir='ltr'>vidistis</span> <span class='ocrx_word' id='word_1_100' title='bbox 1044 848 1055 866; x_wconf 86' lang='lat'>‚</span> 
     </span>
     <span class='ocr_line' id='line_1_16' title="bbox 119 873 1054 921; baseline -0.003 -9"><span class='ocrx_word' id='word_1_101' title='bbox 119 878 255 912; x_wconf 80' lang='lat' dir='ltr'>stultum</span> <span class='ocrx_word' id='word_1_102' title='bbox 267 878 331 912; x_wconf 89' lang='lat' dir='ltr'>fuit</span> <span class='ocrx_word' id='word_1_103' title='bbox 341 902 352 918; x_wconf 91' lang='lat'>,</span> <span class='ocrx_word' id='word_1_104' title='bbox 379 885 415 912; x_wconf 89' lang='lat' dir='ltr'>ut</span> <span class='ocrx_word' id='word_1_105' title='bbox 426 887 504 921; x_wconf 84' lang='lat' dir='ltr'>pace</span> <span class='ocrx_word' id='word_1_106' title='bbox 514 876 615 910; x_wconf 80' lang='lat' dir='ltr'>vestra</span> <span class='ocrx_word' id='word_1_107' title='bbox 626 876 795 910; x_wconf 89' lang='lat' dir='ltr'>verit-atem</span> <span class='ocrx_word' id='word_1_108' title='bbox 806 875 959 920; x_wconf 87' lang='lat' dir='ltr'>loquatur</span> <span class='ocrx_word' id='word_1_109' title='bbox 979 873 1054 910; x_wconf 87' lang='lat' dir='ltr'>cha-</span> 
     </span>
     <span class='ocr_line' id='line_1_17' title="bbox 119 925 1055 971; baseline -0.004 -9"><span class='ocrx_word' id='word_1_110' title='bbox 119 929 215 968; x_wconf 76' lang='lat' dir='ltr'>ritas,</span> <span class='ocrx_word' id='word_1_111' title='bbox 243 938 312 961; x_wconf 86' lang='lat' dir='ltr'>non</span> <span class='ocrx_word' id='word_1_112' title='bbox 324 927 550 961; x_wconf 82' lang='lat' dir='ltr'>examinatum</span> <span class='ocrx_word' id='word_1_113' title='bbox 570 926 615 961; x_wconf 84' lang='lat' dir='ltr'>de</span> <span class='ocrx_word' id='word_1_114' title='bbox 626 935 659 961; x_wconf 92' lang='lat' dir='ltr'>re</span> <span class='ocrx_word' id='word_1_115' title='bbox 670 936 782 968; x_wconf 81' lang='lat' dir='ltr'>tanta,</span> <span class='ocrx_word' id='word_1_116' title='bbox 805 926 842 961; x_wconf 76' lang='grc' dir='ltr'>ἀ</span> <span class='ocrx_word' id='word_1_117' title='bbox 855 937 926 971; x_wconf 65' lang='lat' dir='ltr'>quar</span> <span class='ocrx_word' id='word_1_118' title='bbox 936 925 977 960; x_wconf 87' lang='lat' dir='ltr'>ad</span> <span class='ocrx_word' id='word_1_119' title='bbox 995 925 1055 959; x_wconf 89' lang='lat' dir='ltr'>Ec·</span> 
     </span>
     <span class='ocr_line' id='line_1_18' title="bbox 118 976 1054 1022; baseline -0.004 -10"><span class='ocrx_word' id='word_1_120' title='bbox 118 977 245 1012; x_wconf 83' lang='lat' dir='ltr'>clesiam</span> <span class='ocrx_word' id='word_1_121' title='bbox 258 977 447 1012; x_wconf 78' lang='lat' dir='ltr'>Romanam</span> <span class='ocrx_word' id='word_1_122' title='bbox 468 976 656 1020; x_wconf 86' lang='lat' dir='ltr'>perferenda</span> <span class='ocrx_word' id='word_1_123' title='bbox 670 976 716 1011; x_wconf 83' lang='lat' dir='ltr'>est</span> <span class='ocrx_word' id='word_1_124' title='bbox 729 1001 740 1018; x_wconf 91' lang='lat'>,</span> <span class='ocrx_word' id='word_1_125' title='bbox 766 976 893 1022; x_wconf 87' lang='lat' dir='ltr'>signare</span> <span class='ocrx_word' id='word_1_126' title='bbox 913 976 1054 1010; x_wconf 84' lang='lat' dir='ltr'>testimo-</span> 
     </span>
    </p>
   </div>
   <div class='ocr_carea' id='block_1_6' title="bbox 55 1020 1054 1071">
    <p class='ocr_par' dir='ltr' id='par_1_6' title="bbox 55 1020 1054 1071">
     <span class='ocr_line' id='line_1_19' title="bbox 55 1020 1054 1071; baseline -0.002 -10"><span class='ocrx_word' id='word_1_127' title='bbox 55 1028 57 1030; x_wconf 81' lang='grc'><strong>’</strong></span> <span class='ocrx_word' id='word_1_128' title='bbox 121 1026 233 1064; x_wconf 78' lang='lat' dir='ltr'>nium.</span> <span class='ocrx_word' id='word_1_129' title='bbox 259 1028 294 1063; x_wconf 88' lang='lat' dir='ltr'>Si</span> <span class='ocrx_word' id='word_1_130' title='bbox 314 1038 422 1062; x_wconf 87' lang='lat' dir='ltr'>autem</span> <span class='ocrx_word' id='word_1_131' title='bbox 436 1020 642 1067; x_wconf 60' lang='lat' dir='ltr'>vidisti‘seas,</span> <span class='ocrx_word' id='word_1_132' title='bbox 667 1038 731 1071; x_wconf 83' lang='lat' dir='ltr'>qua</span> <span class='ocrx_word' id='word_1_133' title='bbox 743 1026 966 1068; x_wconf 89' lang='lat' dir='ltr'>conscientia,</span> <span class='ocrx_word' id='word_1_134' title='bbox 992 1037 1054 1069; x_wconf 89' lang='lat' dir='ltr'>qua</span> 
     </span>
    </p>
   </div>
   <div class='ocr_carea' id='block_1_7' title="bbox 100 1076 1055 1122">
    <p class='ocr_par' dir='ltr' id='par_1_7' title="bbox 100 1076 1055 1122">
     <span class='ocr_line' id='line_1_20' title="bbox 100 1076 1055 1122; baseline -0.001 -11"><span class='ocrx_word' id='word_1_135' title='bbox 100 1078 249 1122; x_wconf 12' lang='lat' dir='ltr'>«fronte,</span> <span class='ocrx_word' id='word_1_136' title='bbox 273 1078 338 1112; x_wconf 87' lang='lat' dir='ltr'>ausi</span> <span class='ocrx_word' id='word_1_137' title='bbox 357 1077 464 1112; x_wconf 83' lang='lat' dir='ltr'>fuistis</span> <span class='ocrx_word' id='word_1_138' title='bbox 482 1076 614 1112; x_wconf 72' lang='lat' dir='ltr'>assercre</span> <span class='ocrx_word' id='word_1_139' title='bbox 630 1101 643 1119; x_wconf 90' lang='lat'>,</span> <span class='ocrx_word' id='word_1_140' title='bbox 668 1077 704 1111; x_wconf 77' lang='grc' dir='ltr'>δε</span> <span class='ocrx_word' id='word_1_141' title='bbox 725 1087 762 1111; x_wconf 91' lang='lat' dir='ltr'>ut</span> <span class='ocrx_word' id='word_1_142' title='bbox 784 1076 940 1117; x_wconf 86' lang='lat' dir='ltr'>scribitis,</span> <span class='ocrx_word' id='word_1_143' title='bbox 978 1086 1055 1111; x_wconf 90' lang='lat' dir='ltr'>cum</span> 
     </span>
    </p>
   </div>
   <div class='ocr_carea' id='block_1_8' title="bbox 108 1124 1081 1171">
    <p class='ocr_par' dir='ltr' id='par_1_8' title="bbox 108 1124 1081 1171">
     <span class='ocr_line' id='line_1_21' title="bbox 108 1124 1081 1171; baseline -0.003 -9"><span class='ocrx_word' id='word_1_144' title='bbox 108 1126 215 1162; x_wconf 64' lang='lat' dir='ltr'>⁴omni</span> <span class='ocrx_word' id='word_1_145' title='bbox 235 1124 355 1162; x_wconf 84' lang='lat' dir='ltr'>fiducia</span> <span class='ocrx_word' id='word_1_146' title='bbox 376 1127 566 1170; x_wconf 65' lang='lat' dir='ltr'>praedicare,</span> <span class='ocrx_word' id='word_1_147' title='bbox 590 1125 681 1171; x_wconf 84' lang='lat' dir='ltr'>quod</span> <span class='ocrx_word' id='word_1_148' title='bbox 703 1127 818 1162; x_wconf 86' lang='lat' dir='ltr'>falsum</span> <span class='ocrx_word' id='word_1_149' title='bbox 841 1128 903 1161; x_wconf 75' lang='lat' dir='ltr'>esse</span> <span class='ocrx_word' id='word_1_150' title='bbox 925 1127 1018 1160; x_wconf 88' lang='lat' dir='ltr'>novit</span> <span class='ocrx_word' id='word_1_151' title='bbox 1045 1148 1057 1165; x_wconf 94' lang='lat'>,</span> <span class='ocrx_word' id='word_1_152' title='bbox 1080 1150 1081 1153; x_wconf 65' lang='lat'>,</span> 
     </span>
    </p>
   </div>
   <div class='ocr_carea' id='block_1_9' title="bbox 117 1175 1059 1718">
    <p class='ocr_par' dir='ltr' id='par_1_9' title="bbox 117 1175 1059 1718">
     <span class='ocr_line' id='line_1_22' title="bbox 122 1175 1055 1218; baseline -0.002 -7"><span class='ocrx_word' id='word_1_153' title='bbox 122 1188 191 1211; x_wconf 87' lang='lat' dir='ltr'>non</span> <span class='ocrx_word' id='word_1_154' title='bbox 203 1176 305 1211; x_wconf 78' lang='lat' dir='ltr'>modo</span> <span class='ocrx_word' id='word_1_155' title='bbox 325 1175 462 1213; x_wconf 80' lang='lat' dir='ltr'>Vicinia</span> <span class='ocrx_word' id='word_1_156' title='bbox 483 1186 575 1218; x_wconf 84' lang='lat' dir='ltr'>tota,</span> <span class='ocrx_word' id='word_1_157' title='bbox 601 1177 654 1212; x_wconf 90' lang='lat' dir='ltr'>sed</span> <span class='ocrx_word' id='word_1_158' title='bbox 667 1176 733 1211; x_wconf 77' lang='lat' dir='ltr'>fere</span> <span class='ocrx_word' id='word_1_159' title='bbox 753 1177 892 1212; x_wconf 88' lang='lat' dir='ltr'>Latinus</span> <span class='ocrx_word' id='word_1_160' title='bbox 925 1176 1025 1211; x_wconf 83' lang='lat' dir='ltr'>Orbis</span> <span class='ocrx_word' id='word_1_161' title='bbox 1048 1198 1055 1205; x_wconf 88' lang='lat'>-</span> 
     </span>
     <span class='ocr_line' id='line_1_23' title="bbox 123 1224 1056 1271; baseline -0.004 -10"><span class='ocrx_word' id='word_1_162' title='bbox 123 1227 310 1262; x_wconf 80' lang='lat' dir='ltr'>Praedicatis</span> <span class='ocrx_word' id='word_1_163' title='bbox 330 1226 443 1268; x_wconf 86' lang='lat' dir='ltr'>enim,</span> <span class='ocrx_word' id='word_1_164' title='bbox 464 1238 560 1271; x_wconf 89' lang='lat' dir='ltr'>quem</span> <span class='ocrx_word' id='word_1_165' title='bbox 585 1227 631 1261; x_wconf 87' lang='lat' dir='ltr'>sic</span> <span class='ocrx_word' id='word_1_166' title='bbox 651 1227 787 1262; x_wconf 82' lang='lat' dir='ltr'>scribitis</span> <span class='ocrx_word' id='word_1_167' title='bbox 795 1227 866 1268; x_wconf 87' lang='lat'>,·&amp;</span> <span class='ocrx_word' id='word_1_168' title='bbox 886 1234 921 1259; x_wconf 93' lang='lat' dir='ltr'>ut</span> <span class='ocrx_word' id='word_1_169' title='bbox 933 1224 975 1258; x_wconf 91' lang='lat' dir='ltr'>de</span> <span class='ocrx_word' id='word_1_170' title='bbox 1007 1234 1056 1257; x_wconf 90' lang='lat' dir='ltr'>ve-</span> 
     </span>
     <span class='ocr_line' id='line_1_24' title="bbox 122 1274 1055 1319; baseline -0.003 -10"><span class='ocrx_word' id='word_1_171' title='bbox 122 1277 184 1310; x_wconf 76' lang='lat' dir='ltr'>stra</span> <span class='ocrx_word' id='word_1_172' title='bbox 200 1276 397 1319; x_wconf 73' lang='lat' dir='ltr'>potiffimum</span> <span class='ocrx_word' id='word_1_173' title='bbox 430 1287 539 1310; x_wconf 87' lang='lat' dir='ltr'>utatur</span> <span class='ocrx_word' id='word_1_174' title='bbox 566 1275 766 1310; x_wconf 77' lang='lat' dir='ltr'>authoritate</span> <span class='ocrx_word' id='word_1_175' title='bbox 783 1300 795 1316; x_wconf 92' lang='lat'><em>‚</em></span> <span class='ocrx_word' id='word_1_176' title='bbox 827 1275 959 1319; x_wconf 84' lang='lat' dir='ltr'>signatis</span> <span class='ocrx_word' id='word_1_177' title='bbox 983 1274 1055 1308; x_wconf 86' lang='lat' dir='ltr'>scri·</span> 
     </span>
     <span class='ocr_line' id='line_1_25' title="bbox 122 1323 1056 1370; baseline -0.005 -10"><span class='ocrx_word' id='word_1_178' title='bbox 122 1335 249 1370; x_wconf 85' lang='lat' dir='ltr'>pturam</span> <span class='ocrx_word' id='word_1_179' title='bbox 260 1337 337 1359; x_wconf 87' lang='lat' dir='ltr'>cum</span> <span class='ocrx_word' id='word_1_180' title='bbox 352 1325 512 1369; x_wconf 80' lang='lat' dir='ltr'>Episcopo</span> <span class='ocrx_word' id='word_1_181' title='bbox 534 1324 761 1359; x_wconf 87' lang='lat' dir='ltr'>Londoniensi</span> <span class='ocrx_word' id='word_1_182' title='bbox 773 1348 786 1364; x_wconf 93' lang='lat'>,</span> <span class='ocrx_word' id='word_1_183' title='bbox 812 1324 902 1367; x_wconf 80' lang='lat' dir='ltr'>quod</span> <span class='ocrx_word' id='word_1_184' title='bbox 912 1323 988 1358; x_wconf 85' lang='lat' dir='ltr'>Rex</span> <span class='ocrx_word' id='word_1_185' title='bbox 1008 1332 1056 1355; x_wconf 86' lang='lat' dir='ltr'>ve·</span> 
     </span>
     <span class='ocr_line' id='line_1_26' title="bbox 118 1372 1056 1418; baseline -0.003 -8"><span class='ocrx_word' id='word_1_186' title='bbox 118 1375 205 1416; x_wconf 81' lang='lat' dir='ltr'>ster,</span> <span class='ocrx_word' id='word_1_187' title='bbox 238 1376 296 1410; x_wconf 88' lang='lat' dir='ltr'>etsi</span> <span class='ocrx_word' id='word_1_188' title='bbox 321 1375 485 1409; x_wconf 79' lang='lat' dir='ltr'>interdum</span> <span class='ocrx_word' id='word_1_189' title='bbox 503 1385 541 1409; x_wconf 88' lang='lat' dir='ltr'>ut</span> <span class='ocrx_word' id='word_1_190' title='bbox 562 1372 666 1409; x_wconf 88' lang='lat' dir='ltr'>homo</span> <span class='ocrx_word' id='word_1_191' title='bbox 696 1374 872 1418; x_wconf 76' lang='lat' dir='ltr'>deliquerit</span> <span class='ocrx_word' id='word_1_192' title='bbox 894 1397 907 1414; x_wconf 89' lang='lat'>,</span> <span class='ocrx_word' id='word_1_193' title='bbox 940 1383 1056 1408; x_wconf 90' lang='lat' dir='ltr'>omnes</span> 
     </span>
     <span class='ocr_line' id='line_1_27' title="bbox 117 1422 1057 1470; baseline -0.004 -10"><span class='ocrx_word' id='word_1_194' title='bbox 117 1427 258 1460; x_wconf 81' lang='lat' dir='ltr'>excessus</span> <span class='ocrx_word' id='word_1_195' title='bbox 280 1426 355 1460; x_wconf 87' lang='lat' dir='ltr'>suos</span> <span class='ocrx_word' id='word_1_196' title='bbox 373 1424 537 1470; x_wconf 83' lang='lat' dir='ltr'>corrigere</span> <span class='ocrx_word' id='word_1_197' title='bbox 560 1434 687 1467; x_wconf 83' lang='lat' dir='ltr'>paratus</span> <span class='ocrx_word' id='word_1_198' title='bbox 696 1425 741 1458; x_wconf 89' lang='lat' dir='ltr'>est</span> <span class='ocrx_word' id='word_1_199' title='bbox 754 1448 766 1465; x_wconf 94' lang='lat'>,</span> <span class='ocrx_word' id='word_1_200' title='bbox 791 1425 825 1458; x_wconf 68' lang='grc' dir='ltr'>δι’.</span> <span class='ocrx_word' id='word_1_201' title='bbox 845 1426 880 1458; x_wconf 91' lang='lat' dir='ltr'>in</span> <span class='ocrx_word' id='word_1_202' title='bbox 902 1422 1057 1458; x_wconf 86' lang='lat' dir='ltr'>omnibus</span> 
     </span>
     <span class='ocr_line' id='line_1_28' title="bbox 119 1473 1057 1519; baseline -0.004 -9"><span class='ocrx_word' id='word_1_203' title='bbox 119 1475 343 1519; x_wconf 84' lang='lat' dir='ltr'>obtemperare</span> <span class='ocrx_word' id='word_1_204' title='bbox 362 1474 511 1518; x_wconf 60' lang='lat' dir='ltr'>iustitiae.</span> <span class='ocrx_word' id='word_1_205' title='bbox 537 1475 582 1508; x_wconf 88' lang='lat' dir='ltr'>Et</span> <span class='ocrx_word' id='word_1_206' title='bbox 594 1474 616 1507; x_wconf 89' lang='lat' dir='ltr'>si</span> <span class='ocrx_word' id='word_1_207' title='bbox 629 1486 698 1509; x_wconf 89' lang='lat' dir='ltr'>non</span> <span class='ocrx_word' id='word_1_208' title='bbox 710 1473 859 1509; x_wconf 85' lang='lat' dir='ltr'>credatur</span> <span class='ocrx_word' id='word_1_209' title='bbox 875 1473 906 1509; x_wconf 88' lang='lat' dir='ltr'>ei</span> <span class='ocrx_word' id='word_1_210' title='bbox 920 1495 931 1511; x_wconf 85' lang='lat'>‚</span> <span class='ocrx_word' id='word_1_211' title='bbox 955 1475 1057 1509; x_wconf 88' lang='lat' dir='ltr'>etiam</span> 
     </span>
     <span class='ocr_line' id='line_1_29' title="bbox 119 1523 1057 1568; baseline -0.004 -9"><span class='ocrx_word' id='word_1_212' title='bbox 119 1523 362 1560; x_wconf 80' lang='lat' dir='ltr'>satisdationem</span> <span class='ocrx_word' id='word_1_213' title='bbox 386 1525 504 1565; x_wconf 87' lang='lat' dir='ltr'>offert,</span> <span class='ocrx_word' id='word_1_214' title='bbox 529 1525 563 1559; x_wconf 79' lang='grc' dir='ltr'>δε</span> <span class='ocrx_word' id='word_1_215' title='bbox 590 1524 753 1568; x_wconf 82' lang='lat' dir='ltr'>adjicitis:</span> <span class='ocrx_word' id='word_1_216' title='bbox 782 1526 936 1568; x_wconf 67' lang='lat' dir='ltr'>,Quoniam</span> <span class='ocrx_word' id='word_1_217' title='bbox 959 1525 1057 1567; x_wconf 68' lang='lat' dir='ltr'>diligit</span> 
     </span>
     <span class='ocr_line' id='line_1_30' title="bbox 118 1572 1056 1619; baseline -0.004 -9"><span class='ocrx_word' id='word_1_218' title='bbox 118 1580 307 1618; x_wconf 57' lang='lat' dir='ltr'>arripientes</span> <span class='ocrx_word' id='word_1_219' title='bbox 323 1573 357 1619; x_wconf 80' lang='lat' dir='ltr'>se</span> <span class='ocrx_word' id='word_1_220' title='bbox 368 1599 380 1616; x_wconf 89' lang='lat'>,</span> <span class='ocrx_word' id='word_1_221' title='bbox 406 1577 440 1609; x_wconf 72' lang='lat' dir='ltr'>(st</span> <span class='ocrx_word' id='word_1_222' title='bbox 460 1581 649 1616; x_wconf 78' lang='lat' dir='ltr'>increpantes</span> <span class='ocrx_word' id='word_1_223' title='bbox 661 1575 786 1608; x_wconf 75' lang='lat' dir='ltr'>libenter</span> <span class='ocrx_word' id='word_1_224' title='bbox 797 1572 948 1617; x_wconf 54' lang='lat' dir='ltr'>auscultat</span> <span class='ocrx_word' id='word_1_225' title='bbox 961 1598 968 1606; x_wconf 89' lang='lat'><em>.</em></span> <span class='ocrx_word' id='word_1_226' title='bbox 995 1573 1056 1607; x_wconf 86' lang='lat' dir='ltr'>Sed</span> 
     </span>
     <span class='ocr_line' id='line_1_31' title="bbox 117 1622 1058 1668; baseline -0.002 -10"><span class='ocrx_word' id='word_1_227' title='bbox 117 1625 173 1668; x_wconf 86' lang='lat' dir='ltr'>qui</span> <span class='ocrx_word' id='word_1_228' title='bbox 186 1623 253 1660; x_wconf 79' lang='lat' dir='ltr'>hoc</span> <span class='ocrx_word' id='word_1_229' title='bbox 275 1636 390 1660; x_wconf 89' lang='lat' dir='ltr'>verum</span> <span class='ocrx_word' id='word_1_230' title='bbox 412 1625 474 1658; x_wconf 78' lang='lat' dir='ltr'>esse</span> <span class='ocrx_word' id='word_1_231' title='bbox 485 1633 575 1668; x_wconf 88' lang='lat' dir='ltr'>putat</span> <span class='ocrx_word' id='word_1_232' title='bbox 586 1648 598 1664; x_wconf 92' lang='lat'>,</span> <span class='ocrx_word' id='word_1_233' title='bbox 624 1625 705 1667; x_wconf 78' lang='lat' dir='ltr'>quid</span> <span class='ocrx_word' id='word_1_234' title='bbox 716 1622 825 1659; x_wconf 87' lang='lat' dir='ltr'>credet·</span> <span class='ocrx_word' id='word_1_235' title='bbox 835 1623 898 1658; x_wconf 76' lang='lat' dir='ltr'>esse</span> <span class='ocrx_word' id='word_1_236' title='bbox 910 1622 1028 1657; x_wconf 91' lang='lat' dir='ltr'>falsum</span> <span class='ocrx_word' id='word_1_237' title='bbox 1041 1623 1058 1655; x_wconf 81' lang='lat'><em>?</em></span> 
     </span>
     <span class='ocr_line' id='line_1_32' title="bbox 118 1673 1059 1718; baseline -0.002 -9"><span class='ocrx_word' id='word_1_238' title='bbox 118 1673 205 1710; x_wconf 86' lang='lat' dir='ltr'>Noti</span> <span class='ocrx_word' id='word_1_239' title='bbox 230 1676 304 1708; x_wconf 87' lang='lat' dir='ltr'>sunt</span> <span class='ocrx_word' id='word_1_240' title='bbox 323 1675 412 1707; x_wconf 89' lang='lat' dir='ltr'>enim</span> <span class='ocrx_word' id='word_1_241' title='bbox 427 1684 534 1707; x_wconf 87' lang='lat' dir='ltr'>mores</span> <span class='ocrx_word' id='word_1_242' title='bbox 555 1673 725 1714; x_wconf 89' lang='lat' dir='ltr'>hominis,</span> <span class='ocrx_word' id='word_1_243' title='bbox 753 1682 789 1707; x_wconf 90' lang='lat' dir='ltr'>ut</span> <span class='ocrx_word' id='word_1_244' title='bbox 811 1684 869 1708; x_wconf 89' lang='lat' dir='ltr'>vos</span> <span class='ocrx_word' id='word_1_245' title='bbox 880 1673 959 1709; x_wconf 87' lang='lat' dir='ltr'>talia</span> <span class='ocrx_word' id='word_1_246' title='bbox 980 1684 1059 1718; x_wconf 67' lang='lat' dir='ltr'>prae-</span> 
     </span>
    </p>
   </div>
   <div class='ocr_carea' id='block_1_10' title="bbox 116 1722 1086 1769">
    <p class='ocr_par' dir='ltr' id='par_1_10' title="bbox 116 1722 1086 1769">
     <span class='ocr_line' id='line_1_33' title="bbox 116 1722 1086 1769; baseline -0.002 -11"><span class='ocrx_word' id='word_1_247' title='bbox 116 1725 266 1758; x_wconf 83' lang='lat' dir='ltr'>dicantes</span> <span class='ocrx_word' id='word_1_248' title='bbox 286 1732 436 1768; x_wconf 83' lang='lat' dir='ltr'>oporteat</span> <span class='ocrx_word' id='word_1_249' title='bbox 454 1732 591 1765; x_wconf 68' lang='lat' dir='ltr'>quaerere</span> <span class='ocrx_word' id='word_1_250' title='bbox 612 1722 821 1769; x_wconf 82' lang='lat' dir='ltr'>peregrinum</span> <span class='ocrx_word' id='word_1_251' title='bbox 841 1749 853 1764; x_wconf 95' lang='lat'>,</span> <span class='ocrx_word' id='word_1_252' title='bbox 890 1722 945 1757; x_wconf 91' lang='lat' dir='ltr'>sed</span> <span class='ocrx_word' id='word_1_253' title='bbox 964 1730 1058 1758; x_wconf 85' lang='lat' dir='ltr'>extra</span> <span class='ocrx_word' id='word_1_254' title='bbox 1083 1739 1086 1741; x_wconf 42' lang='lat'><em>*</em></span> 
     </span>
    </p>
   </div>
   <div class='ocr_carea' id='block_1_11' title="bbox 113 1771 1060 2605">
    <p class='ocr_par' dir='ltr' id='par_1_11' title="bbox 113 1771 1060 2605">
     <span class='ocr_line' id='line_1_34' title="bbox 115 1771 1058 1812; baseline -0.004 -4"><span class='ocrx_word' id='word_1_255' title='bbox 115 1775 259 1809; x_wconf 87' lang='lat' dir='ltr'>latinum</span> <span class='ocrx_word' id='word_1_256' title='bbox 279 1773 411 1808; x_wconf 90' lang='lat' dir='ltr'>orbem.</span> <span class='ocrx_word' id='word_1_257' title='bbox 440 1771 512 1806; x_wconf 92' lang='lat' dir='ltr'>Vos</span> <span class='ocrx_word' id='word_1_258' title='bbox 529 1782 639 1805; x_wconf 88' lang='lat' dir='ltr'>autem</span> <span class='ocrx_word' id='word_1_259' title='bbox 660 1773 717 1812; x_wconf 88' lang='lat' dir='ltr'>qui</span> <span class='ocrx_word' id='word_1_260' title='bbox 737 1771 896 1812; x_wconf 78' lang='lat' dir='ltr'>justitiam</span> <span class='ocrx_word' id='word_1_261' title='bbox 916 1772 985 1812; x_wconf 85' lang='lat' dir='ltr'>ejus</span> <span class='ocrx_word' id='word_1_262' title='bbox 1001 1771 1058 1805; x_wconf 88' lang='lat' dir='ltr'>ad·</span> 
     </span>
     <span class='ocr_line' id='line_1_35' title="bbox 115 1819 1058 1866; baseline -0.005 -9"><span class='ocrx_word' id='word_1_263' title='bbox 115 1822 258 1863; x_wconf 82' lang='lat' dir='ltr'>struitis,</span> <span class='ocrx_word' id='word_1_264' title='bbox 295 1830 394 1866; x_wconf 88' lang='lat' dir='ltr'>quam</span> <span class='ocrx_word' id='word_1_265' title='bbox 415 1820 640 1854; x_wconf 86' lang='lat' dir='ltr'>innocentiam</span> <span class='ocrx_word' id='word_1_266' title='bbox 663 1819 811 1864; x_wconf 79' lang='lat' dir='ltr'>allegatis</span> <span class='ocrx_word' id='word_1_267' title='bbox 842 1819 878 1853; x_wconf 90' lang='lat' dir='ltr'>in</span> <span class='ocrx_word' id='word_1_268' title='bbox 899 1819 1058 1861; x_wconf 64' lang='lat' dir='ltr'>ejectione</span> 
     </span>
     <span class='ocr_line' id='line_1_36' title="bbox 113 1869 1058 1914; baseline -0.005 -6"><span class='ocrx_word' id='word_1_269' title='bbox 113 1872 290 1908; x_wconf 83' lang='lat' dir='ltr'>mulierum</span> <span class='ocrx_word' id='word_1_270' title='bbox 304 1894 316 1911; x_wconf 90' lang='lat'>,</span> <span class='ocrx_word' id='word_1_271' title='bbox 340 1871 374 1904; x_wconf 75' lang='grc' dir='ltr'>δε</span> <span class='ocrx_word' id='word_1_272' title='bbox 385 1870 594 1914; x_wconf 88' lang='lat' dir='ltr'>parvulorum</span> <span class='ocrx_word' id='word_1_273' title='bbox 607 1869 838 1904; x_wconf 87' lang='lat' dir='ltr'>innocentium</span> <span class='ocrx_word' id='word_1_274' title='bbox 851 1869 1058 1914; x_wconf 82' lang='lat' dir='ltr'>proscriptio-</span> 
     </span>
     <span class='ocr_line' id='line_1_37' title="bbox 115 1917 1059 1963; baseline -0.004 -6"><span class='ocrx_word' id='word_1_275' title='bbox 115 1925 183 1959; x_wconf 82' lang='lat' dir='ltr'>ne?</span> <span class='ocrx_word' id='word_1_276' title='bbox 209 1920 270 1955; x_wconf 87' lang='lat' dir='ltr'>Sed</span> <span class='ocrx_word' id='word_1_277' title='bbox 295 1919 386 1962; x_wconf 76' lang='lat' dir='ltr'>haec,</span> <span class='ocrx_word' id='word_1_278' title='bbox 411 1919 445 1954; x_wconf 77' lang='grc' dir='ltr'>δε</span> <span class='ocrx_word' id='word_1_279' title='bbox 467 1917 519 1954; x_wconf 87' lang='lat' dir='ltr'>his</span> <span class='ocrx_word' id='word_1_280' title='bbox 530 1919 647 1955; x_wconf 81' lang='lat' dir='ltr'>similia</span> <span class='ocrx_word' id='word_1_281' title='bbox 669 1918 839 1954; x_wconf 86' lang='lat' dir='ltr'>Dominus</span> <span class='ocrx_word' id='word_1_282' title='bbox 858 1919 1019 1963; x_wconf 83' lang='lat' dir='ltr'>judicabit</span> <span class='ocrx_word' id='word_1_283' title='bbox 1042 1943 1059 1960; x_wconf 82' lang='lat'>,</span> 
     </span>
     <span class='ocr_line' id='line_1_38' title="bbox 114 1969 1058 2014; baseline -0.006 -6"><span class='ocrx_word' id='word_1_284' title='bbox 114 1974 150 2008; x_wconf 72' lang='grc' dir='ltr'>ἀ</span> <span class='ocrx_word' id='word_1_285' title='bbox 172 1971 343 2008; x_wconf 83' lang='lat' dir='ltr'>facientem</span> <span class='ocrx_word' id='word_1_286' title='bbox 364 1995 376 2011; x_wconf 93' lang='lat'>,</span> <span class='ocrx_word' id='word_1_287' title='bbox 411 1970 445 2004; x_wconf 85' lang='lat'>&amp;</span> <span class='ocrx_word' id='word_1_288' title='bbox 466 1971 709 2004; x_wconf 81' lang='lat' dir='ltr'>consentientes</span> <span class='ocrx_word' id='word_1_289' title='bbox 729 1970 795 2013; x_wconf 89' lang='lat' dir='ltr'>pari</span> <span class='ocrx_word' id='word_1_290' title='bbox 820 1980 914 2014; x_wconf 85' lang='lat' dir='ltr'>poena</span> <span class='ocrx_word' id='word_1_291' title='bbox 939 1969 1058 2013; x_wconf 86' lang='lat' dir='ltr'>percel-</span> 
     </span>
     <span class='ocr_line' id='line_1_39' title="bbox 114 2019 1058 2066; baseline -0.005 -9"><span class='ocrx_word' id='word_1_292' title='bbox 114 2024 179 2058; x_wconf 85' lang='lat' dir='ltr'>let.</span> <span class='ocrx_word' id='word_1_293' title='bbox 205 2020 364 2066; x_wconf 76' lang='lat' dir='ltr'>Cogitate</span> <span class='ocrx_word' id='word_1_294' title='bbox 388 2020 521 2054; x_wconf 85' lang='lat' dir='ltr'>interim</span> <span class='ocrx_word' id='word_1_295' title='bbox 541 2030 639 2064; x_wconf 90' lang='lat' dir='ltr'>quam</span> <span class='ocrx_word' id='word_1_296' title='bbox 663 2019 861 2054; x_wconf 81' lang='lat' dir='ltr'>sententiam</span> <span class='ocrx_word' id='word_1_297' title='bbox 897 2028 976 2054; x_wconf 81' lang='lat' dir='ltr'>tunc</span> <span class='ocrx_word' id='word_1_298' title='bbox 1001 2030 1058 2053; x_wconf 90' lang='lat' dir='ltr'>ac·-</span> 
     </span>
     <span class='ocr_line' id='line_1_40' title="bbox 114 2068 1058 2118; baseline -0.006 -10"><span class='ocrx_word' id='word_1_299' title='bbox 114 2072 239 2118; x_wconf 77' lang='lat' dir='ltr'>cepwri</span> <span class='ocrx_word' id='word_1_300' title='bbox 261 2073 325 2105; x_wconf 85' lang='lat' dir='ltr'>sint</span> <span class='ocrx_word' id='word_1_301' title='bbox 343 2070 500 2114; x_wconf 80' lang='lat' dir='ltr'>Episcopi</span> <span class='ocrx_word' id='word_1_302' title='bbox 522 2093 534 2111; x_wconf 95' lang='lat'>,</span> <span class='ocrx_word' id='word_1_303' title='bbox 572 2071 630 2114; x_wconf 87' lang='lat' dir='ltr'>qui</span> <span class='ocrx_word' id='word_1_304' title='bbox 652 2068 758 2104; x_wconf 76' lang='lat' dir='ltr'>modo</span> <span class='ocrx_word' id='word_1_305' title='bbox 792 2069 893 2103; x_wconf 89' lang='lat' dir='ltr'>tantis</span> <span class='ocrx_word' id='word_1_306' title='bbox 914 2069 1058 2112; x_wconf 88' lang='lat' dir='ltr'>patroci-</span> 
     </span>
     <span class='ocr_line' id='line_1_41' title="bbox 115 2117 1059 2163; baseline -0.005 -6"><span class='ocrx_word' id='word_1_307' title='bbox 115 2131 236 2157; x_wconf 82' lang='lat' dir='ltr'>nantur</span> <span class='ocrx_word' id='word_1_308' title='bbox 258 2121 404 2163; x_wconf 86' lang='lat' dir='ltr'>injuriis.</span> <span class='ocrx_word' id='word_1_309' title='bbox 433 2121 516 2154; x_wconf 81' lang='lat' dir='ltr'>Haec</span> <span class='ocrx_word' id='word_1_310' title='bbox 531 2120 650 2154; x_wconf 85' lang='lat' dir='ltr'>sincera</span> <span class='ocrx_word' id='word_1_311' title='bbox 673 2119 856 2160; x_wconf 83' lang='lat' dir='ltr'>charitate,</span> <span class='ocrx_word' id='word_1_312' title='bbox 876 2117 1059 2153; x_wconf 83' lang='lat' dir='ltr'>dulciffime</span> 
     </span>
     <span class='ocr_line' id='line_1_42' title="bbox 115 2168 1060 2216; baseline -0.007 -7"><span class='ocrx_word' id='word_1_313' title='bbox 115 2173 244 2214; x_wconf 78' lang='lat' dir='ltr'>Pater,</span> <span class='ocrx_word' id='word_1_314' title='bbox 263 2170 447 2214; x_wconf 70' lang='lat' dir='ltr'>scripsimus</span> <span class='ocrx_word' id='word_1_315' title='bbox 467 2169 581 2211; x_wconf 88' lang='lat' dir='ltr'>vobis,</span> <span class='ocrx_word' id='word_1_316' title='bbox 607 2179 644 2204; x_wconf 86' lang='lat' dir='ltr'>ut</span> <span class='ocrx_word' id='word_1_317' title='bbox 666 2169 884 2216; x_wconf 83' lang='lat' dir='ltr'>memineritis</span> <span class='ocrx_word' id='word_1_318' title='bbox 904 2168 1060 2203; x_wconf 68' lang='lat' dir='ltr'>dostrinae</span> 
     </span>
     <span class='ocr_line' id='line_1_43' title="bbox 116 2218 1058 2264; baseline -0.006 -7"><span class='ocrx_word' id='word_1_319' title='bbox 116 2223 248 2264; x_wconf 68' lang='lat' dir='ltr'>vestrae,</span> <span class='ocrx_word' id='word_1_320' title='bbox 271 2221 375 2257; x_wconf 86' lang='lat' dir='ltr'>officii</span> <span class='ocrx_word' id='word_1_321' title='bbox 401 2219 517 2261; x_wconf 84' lang='lat' dir='ltr'>vestri,</span> <span class='ocrx_word' id='word_1_322' title='bbox 544 2218 692 2254; x_wconf 86' lang='lat' dir='ltr'>desiderii</span> <span class='ocrx_word' id='word_1_323' title='bbox 716 2218 817 2253; x_wconf 81' lang='lat' dir='ltr'>nostri</span> <span class='ocrx_word' id='word_1_324' title='bbox 837 2243 849 2260; x_wconf 91' lang='lat'><em>‚</em></span> <span class='ocrx_word' id='word_1_325' title='bbox 887 2219 922 2254; x_wconf 88' lang='lat'>&amp;</span> <span class='ocrx_word' id='word_1_326' title='bbox 940 2218 1058 2254; x_wconf 86' lang='lat' dir='ltr'>Divini</span> 
     </span>
     <span class='ocr_line' id='line_1_44' title="bbox 115 2268 1059 2317; baseline -0.005 -11"><span class='ocrx_word' id='word_1_327' title='bbox 115 2272 254 2317; x_wconf 72' lang='lat' dir='ltr'>judicii,</span> <span class='ocrx_word' id='word_1_328' title='bbox 293 2281 331 2305; x_wconf 82' lang='lat' dir='ltr'>ut</span> <span class='ocrx_word' id='word_1_329' title='bbox 350 2269 517 2304; x_wconf 83' lang='lat' dir='ltr'>redimatis</span> <span class='ocrx_word' id='word_1_330' title='bbox 540 2271 662 2303; x_wconf 86' lang='lat' dir='ltr'>famam</span> <span class='ocrx_word' id='word_1_331' title='bbox 685 2269 823 2304; x_wconf 79' lang='lat' dir='ltr'>vestram</span> <span class='ocrx_word' id='word_1_332' title='bbox 844 2292 858 2310; x_wconf 90' lang='lat'>,</span> <span class='ocrx_word' id='word_1_333' title='bbox 892 2269 927 2303; x_wconf 72' lang='grc' dir='ltr'>ἀ</span> <span class='ocrx_word' id='word_1_334' title='bbox 951 2268 1059 2302; x_wconf 87' lang='lat' dir='ltr'>Eccle-</span> 
     </span>
     <span class='ocr_line' id='line_1_45' title="bbox 115 2317 1059 2367; baseline -0.004 -11"><span class='ocrx_word' id='word_1_335' title='bbox 115 2322 194 2358; x_wconf 84' lang='lat' dir='ltr'>fiatn</span> <span class='ocrx_word' id='word_1_336' title='bbox 221 2333 232 2363; x_wconf 63' lang='grc' dir='ltr'>ς</span> <span class='ocrx_word' id='word_1_337' title='bbox 271 2331 340 2367; x_wconf 66' lang='lat' dir='ltr'>qux</span> <span class='ocrx_word' id='word_1_338' title='bbox 361 2319 515 2354; x_wconf 87' lang='lat' dir='ltr'>manibus</span> <span class='ocrx_word' id='word_1_339' title='bbox 549 2320 660 2354; x_wconf 85' lang='lat' dir='ltr'>vestris</span> <span class='ocrx_word' id='word_1_340' title='bbox 682 2317 882 2360; x_wconf 84' lang='lat' dir='ltr'>collabitur,</span> <span class='ocrx_word' id='word_1_341' title='bbox 905 2317 1059 2353; x_wconf 86' lang='lat' dir='ltr'>studeatis</span> 
     </span>
     <span class='ocr_line' id='line_1_46' title="bbox 115 2368 1059 2423; baseline -0.004 -16"><span class='ocrx_word' id='word_1_342' title='bbox 115 2373 240 2423; x_wconf 83' lang='lat' dir='ltr'>erigere</span> <span class='ocrx_word' id='word_1_343' title='bbox 259 2394 268 2404; x_wconf 90' lang='lat'>.</span> <span class='ocrx_word' id='word_1_344' title='bbox 306 2369 416 2406; x_wconf 85' lang='lat' dir='ltr'>Vestri</span> <span class='ocrx_word' id='word_1_345' title='bbox 437 2370 584 2409; x_wconf 84' lang='lat' dir='ltr'>fuimus,</span> <span class='ocrx_word' id='word_1_346' title='bbox 609 2371 718 2403; x_wconf 87' lang='lat' dir='ltr'>sumus</span> <span class='ocrx_word' id='word_1_347' title='bbox 739 2368 836 2403; x_wconf 78' lang='lat' dir='ltr'>vestri</span> <span class='ocrx_word' id='word_1_348' title='bbox 864 2391 876 2408; x_wconf 93' lang='lat'>,</span> <span class='ocrx_word' id='word_1_349' title='bbox 913 2369 946 2403; x_wconf 74' lang='grc' dir='ltr'>ἅτ</span> <span class='ocrx_word' id='word_1_350' title='bbox 982 2368 1059 2403; x_wconf 90' lang='lat' dir='ltr'>Deo</span> 
     </span>
     <span class='ocr_line' id='line_1_47' title="bbox 118 2417 1060 2466; baseline -0.001 -12"><span class='ocrx_word' id='word_1_351' title='bbox 118 2421 287 2466; x_wconf 82' lang='lat' dir='ltr'>propitio,</span> <span class='ocrx_word' id='word_1_352' title='bbox 313 2420 438 2462; x_wconf 87' lang='lat' dir='ltr'>semper</span> <span class='ocrx_word' id='word_1_353' title='bbox 459 2419 602 2460; x_wconf 90' lang='lat' dir='ltr'>erimus,</span> <span class='ocrx_word' id='word_1_354' title='bbox 628 2418 836 2465; x_wconf 42' lang='lat' dir='ltr'>prompti—*d</span> <span class='ocrx_word' id='word_1_355' title='bbox 857 2417 1021 2458; x_wconf 81' lang='lat' dir='ltr'>honorem</span> <span class='ocrx_word' id='word_1_356' title='bbox 1049 2443 1060 2460; x_wconf 94' lang='lat'>,</span> 
     </span>
     <span class='ocr_line' id='line_1_48' title="bbox 114 2468 540 2513; baseline -0.014 -6"><span class='ocrx_word' id='word_1_357' title='bbox 114 2473 150 2508; x_wconf 65' lang='grc' dir='ltr'>δε</span> <span class='ocrx_word' id='word_1_358' title='bbox 161 2471 299 2513; x_wconf 82' lang='lat' dir='ltr'>obsequi</span> <span class='ocrx_word' id='word_1_359' title='bbox 308 2479 364 2503; x_wconf 90' lang='lat' dir='ltr'>um</span> <span class='ocrx_word' id='word_1_360' title='bbox 376 2468 517 2505; x_wconf 82' lang='lat' dir='ltr'>vestrum</span> <span class='ocrx_word' id='word_1_361' title='bbox 531 2492 540 2501; x_wconf 94' lang='lat'><em>.</em></span> 
     </span>
     <span class='ocr_line' id='line_1_49' title="bbox 222 2567 945 2605; baseline -0.003 0"><span class='ocrx_word' id='word_1_362' title='bbox 222 2567 634 2605; x_wconf 78' lang='lat' dir='ltr'><strong>EPISTOLA</strong></span> <span class='ocrx_word' id='word_1_363' title='bbox 732 2567 945 2605; x_wconf 66' lang='lat' dir='ltr'>CLXIII.</span> 
     </span>
    </p>
   </div>
   <div class='ocr_carea' id='block_1_12' title="bbox 188 2666 982 2760">
    <p class='ocr_par' dir='ltr' id='par_1_12' title="bbox 188 2666 982 2760">
     <span class='ocr_line' id='line_1_50' title="bbox 188 2666 982 2715; baseline 0.001 -13"><span class='ocrx_word' id='word_1_364' title='bbox 188 2670 310 2708; x_wconf 69' lang='lat' dir='ltr'>Thema·</span> <span class='ocrx_word' id='word_1_365' title='bbox 332 2666 550 2709; x_wconf 70' lang='lat' dir='ltr'>Cantuarienfi</span> <span class='ocrx_word' id='word_1_366' title='bbox 567 2666 821 2712; x_wconf 77' lang='lat' dir='ltr'>Archi-Eplscopo</span> <span class='ocrx_word' id='word_1_367' title='bbox 834 2669 982 2715; x_wconf 63' lang='lat' dir='ltr'>Joemnes</span> 
     </span>
     <span class='ocr_line' id='line_1_51' title="bbox 465 2717 708 2760; baseline -0.004 -8"><span class='ocrx_word' id='word_1_368' title='bbox 465 2717 688 2760; x_wconf 74' lang='lat' dir='ltr'>Saresberienst‘s</span> <span class='ocrx_word' id='word_1_369' title='bbox 699 2742 708 2751; x_wconf 91' lang='lat'><strong>.</strong></span> 
     </span>
    </p>
   </div>
   <div class='ocr_carea' id='block_1_13' title="bbox 119 2817 1059 3214">
    <p class='ocr_par' dir='ltr' id='par_1_13' title="bbox 132 2817 1056 2863">
     <span class='ocr_line' id='line_1_52' title="bbox 132 2817 1056 2863; baseline -0.002 -7"><span class='ocrx_word' id='word_1_370' title='bbox 132 2839 135 2841; x_wconf 58' lang='lat'>&gt;</span> <span class='ocrx_word' id='word_1_371' title='bbox 199 2821 275 2856; x_wconf 82' lang='lat' dir='ltr'>TSl</span> <span class='ocrx_word' id='word_1_372' title='bbox 301 2829 425 2856; x_wconf 82' lang='lat' dir='ltr'>certum</span> <span class='ocrx_word' id='word_1_373' title='bbox 436 2819 493 2859; x_wconf 87' lang='lat' dir='ltr'>sit,</span> <span class='ocrx_word' id='word_1_374' title='bbox 520 2817 609 2862; x_wconf 92' lang='lat' dir='ltr'>quod</span> <span class='ocrx_word' id='word_1_375' title='bbox 621 2817 775 2863; x_wconf 84' lang='lat' dir='ltr'>Episcopi</span> <span class='ocrx_word' id='word_1_376' title='bbox 801 2817 842 2852; x_wconf 90' lang='lat' dir='ltr'>ad</span> <span class='ocrx_word' id='word_1_377' title='bbox 867 2818 1056 2854; x_wconf 85' lang='lat' dir='ltr'>inobedien-</span> 
     </span>
    </p>

    <p class='ocr_par' dir='ltr' id='par_1_14' title="bbox 119 2869 1059 3214">
     <span class='ocr_line' id='line_1_53' title="bbox 225 2869 1055 2915; baseline -0.002 -9"><span class='ocrx_word' id='word_1_378' title='bbox 225 2873 306 2907; x_wconf 84' lang='lat' dir='ltr'>tiam</span> <span class='ocrx_word' id='word_1_379' title='bbox 323 2870 440 2915; x_wconf 87' lang='lat' dir='ltr'>proni,</span> <span class='ocrx_word' id='word_1_380' title='bbox 460 2870 494 2903; x_wconf 77' lang='grc' dir='ltr'>δε</span> <span class='ocrx_word' id='word_1_381' title='bbox 516 2869 665 2908; x_wconf 78' lang='lat' dir='ltr'>pastores</span> <span class='ocrx_word' id='word_1_382' title='bbox 690 2870 854 2913; x_wconf 87' lang='lat' dir='ltr'>pascentes</span> <span class='ocrx_word' id='word_1_383' title='bbox 878 2871 910 2904; x_wconf 92' lang='lat' dir='ltr'>se</span> <span class='ocrx_word' id='word_1_384' title='bbox 933 2871 1017 2914; x_wconf 90' lang='lat' dir='ltr'>ipsos</span> <span class='ocrx_word' id='word_1_385' title='bbox 1043 2893 1055 2911; x_wconf 94' lang='lat'>,</span> 
     </span>
     <span class='ocr_line' id='line_1_54' title="bbox 122 2918 1058 2966; baseline -0.003 -9"><span class='ocrx_word' id='word_1_386' title='bbox 122 2922 182 2966; x_wconf 85' lang='lat' dir='ltr'>qui</span> <span class='ocrx_word' id='word_1_387' title='bbox 207 2921 442 2966; x_wconf 70' lang='lat' dir='ltr'>amorequietis</span> <span class='ocrx_word' id='word_1_388' title='bbox 464 2920 499 2954; x_wconf 75' lang='grc' dir='ltr'>δε</span> <span class='ocrx_word' id='word_1_389' title='bbox 520 2920 637 2960; x_wconf 87' lang='lat' dir='ltr'>luxus,</span> <span class='ocrx_word' id='word_1_390' title='bbox 664 2920 697 2954; x_wconf 88' lang='lat'>&amp;</span> <span class='ocrx_word' id='word_1_391' title='bbox 716 2918 945 2963; x_wconf 87' lang='lat' dir='ltr'>temporalium</span> <span class='ocrx_word' id='word_1_392' title='bbox 969 2931 1058 2954; x_wconf 88' lang='lat' dir='ltr'>metu</span> 
     </span>
     <span class='ocr_line' id='line_1_55' title="bbox 123 2970 1057 3014; baseline -0.002 -8"><span class='ocrx_word' id='word_1_393' title='bbox 123 2973 318 3007; x_wconf 87' lang='lat' dir='ltr'>damnorum</span> <span class='ocrx_word' id='word_1_394' title='bbox 339 2996 350 3012; x_wconf 93' lang='lat'>‚</span> <span class='ocrx_word' id='word_1_395' title='bbox 375 2970 479 3014; x_wconf 86' lang='lat' dir='ltr'>impio</span> <span class='ocrx_word' id='word_1_396' title='bbox 516 2970 718 3013; x_wconf 85' lang='lat' dir='ltr'>impietatem</span> <span class='ocrx_word' id='word_1_397' title='bbox 741 2971 830 3004; x_wconf 89' lang='lat' dir='ltr'>suam</span> <span class='ocrx_word' id='word_1_398' title='bbox 854 2971 1057 3005; x_wconf 88' lang='lat' dir='ltr'>annunciare</span> 
     </span>
     <span class='ocr_line' id='line_1_56' title="bbox 123 3019 1055 3062; baseline -0.002 -6"><span class='ocrx_word' id='word_1_399' title='bbox 123 3022 320 3061; x_wconf 70' lang='lat' dir='ltr'>detrectant,</span> <span class='ocrx_word' id='word_1_400' title='bbox 343 3021 384 3055; x_wconf 89' lang='lat' dir='ltr'>ad</span> <span class='ocrx_word' id='word_1_401' title='bbox 396 3030 530 3054; x_wconf 88' lang='lat' dir='ltr'>omnem</span> <span class='ocrx_word' id='word_1_402' title='bbox 555 3020 792 3054; x_wconf 81' lang='lat' dir='ltr'>subversionem</span> <span class='ocrx_word' id='word_1_403' title='bbox 813 3019 915 3062; x_wconf 82' lang='lat' dir='ltr'>juris,</span> <span class='ocrx_word' id='word_1_404' title='bbox 939 3020 974 3054; x_wconf 89' lang='lat'>&amp;</span> <span class='ocrx_word' id='word_1_405' title='bbox 995 3021 1055 3062; x_wconf 80' lang='lat' dir='ltr'>sin-</span> 
     </span>
     <span class='ocr_line' id='line_1_57' title="bbox 124 3067 1058 3117; baseline -0.002 -11"><span class='ocrx_word' id='word_1_406' title='bbox 124 3072 202 3117; x_wconf 88' lang='lat' dir='ltr'>gula</span> <span class='ocrx_word' id='word_1_407' title='bbox 223 3069 402 3115; x_wconf 70' lang='lat' dir='ltr'>praejudicia</span> <span class='ocrx_word' id='word_1_408' title='bbox 425 3069 637 3105; x_wconf 83' lang='lat' dir='ltr'>Ecclesiarum</span> <span class='ocrx_word' id='word_1_409' title='bbox 660 3070 826 3110; x_wconf 88' lang='lat' dir='ltr'>dicentes,</span> <span class='ocrx_word' id='word_1_410' title='bbox 851 3073 959 3115; x_wconf 83' lang='lat' dir='ltr'>Euge,</span> <span class='ocrx_word' id='word_1_411' title='bbox 1000 3067 1058 3104; x_wconf 70' lang='lat' dir='ltr'>Eu-</span> 
     </span>
     <span class='ocr_line' id='line_1_58' title="bbox 119 3119 1059 3166; baseline -0.001 -11"><span class='ocrx_word' id='word_1_412' title='bbox 119 3133 182 3166; x_wconf 83' lang='lat' dir='ltr'>ge,</span> <span class='ocrx_word' id='word_1_413' title='bbox 205 3121 237 3155; x_wconf 89' lang='lat' dir='ltr'>se</span> <span class='ocrx_word' id='word_1_414' title='bbox 257 3120 298 3155; x_wconf 86' lang='lat' dir='ltr'>de</span> <span class='ocrx_word' id='word_1_415' title='bbox 310 3125 423 3154; x_wconf 66' lang='lat' dir='ltr'>caetero</span> <span class='ocrx_word' id='word_1_416' title='bbox 435 3119 584 3154; x_wconf 75' lang='lat' dir='ltr'>adversus</span> <span class='ocrx_word' id='word_1_417' title='bbox 604 3121 718 3155; x_wconf 87' lang='lat' dir='ltr'>omnia</span> <span class='ocrx_word' id='word_1_418' title='bbox 742 3119 894 3155; x_wconf 88' lang='lat' dir='ltr'>mandata</span> <span class='ocrx_word' id='word_1_419' title='bbox 918 3121 1019 3155; x_wconf 89' lang='lat' dir='ltr'>vestra</span> <span class='ocrx_word' id='word_1_420' title='bbox 1048 3146 1059 3162; x_wconf 92' lang='lat'>‚</span> 
     </span>
     <span class='ocr_line' id='line_1_59' title="bbox 124 3167 1058 3214; baseline -0.001 -8"><span class='ocrx_word' id='word_1_421' title='bbox 124 3172 157 3206; x_wconf 90' lang='lat'>&amp;</span> <span class='ocrx_word' id='word_1_422' title='bbox 177 3172 277 3206; x_wconf 87' lang='lat' dir='ltr'>etiam</span> <span class='ocrx_word' id='word_1_423' title='bbox 297 3167 503 3214; x_wconf 82' lang='lat' dir='ltr'>Apostolicas</span> <span class='ocrx_word' id='word_1_424' title='bbox 524 3171 724 3211; x_wconf 64' lang='lat' dir='ltr'>sanctiones,</span> <span class='ocrx_word' id='word_1_425' title='bbox 750 3181 911 3214; x_wconf 87' lang='lat' dir='ltr'>quatenus</span> <span class='ocrx_word' id='word_1_426' title='bbox 942 3171 989 3205; x_wconf 89' lang='lat' dir='ltr'>eis</span> <span class='ocrx_word' id='word_1_427' title='bbox 1012 3170 1058 3205; x_wconf 90' lang='lat' dir='ltr'>di-</span> 
     </span>
    </p>
   </div>
   <div class='ocr_carea' id='block_1_14' title="bbox 63 3217 1056 3264">
    <p class='ocr_par' dir='ltr' id='par_1_15' title="bbox 63 3217 1056 3264">
     <span class='ocr_line' id='line_1_60' title="bbox 63 3217 1056 3264; baseline 0 -10"><span class='ocrx_word' id='word_1_428' title='bbox 63 3225 68 3230; x_wconf 81' lang='grc'>’</span> <span class='ocrx_word' id='word_1_429' title='bbox 126 3217 334 3264; x_wconf 79' lang='lat' dir='ltr'>splicuerint‚</span> <span class='ocrx_word' id='word_1_430' title='bbox 364 3218 422 3252; x_wconf 92' lang='lat' dir='ltr'>sub</span> <span class='ocrx_word' id='word_1_431' title='bbox 435 3228 584 3261; x_wconf 81' lang='lat' dir='ltr'>praetextu</span> <span class='ocrx_word' id='word_1_432' title='bbox 614 3221 843 3264; x_wconf 83' lang='lat' dir='ltr'>appellationis</span> <span class='ocrx_word' id='word_1_433' title='bbox 864 3220 1018 3256; x_wconf 79' lang='lat' dir='ltr'>exhibitae</span> <span class='ocrx_word' id='word_1_434' title='bbox 1044 3245 1056 3261; x_wconf 88' lang='lat'>,</span> 
     </span>
    </p>
   </div>
   <div class='ocr_carea' id='block_1_15' title="bbox 125 3268 1059 3457">
    <p class='ocr_par' dir='ltr' id='par_1_16' title="bbox 125 3268 1059 3457">
     <span class='ocr_line' id='line_1_61' title="bbox 125 3268 1059 3313; baseline 0.001 -10"><span class='ocrx_word' id='word_1_435' title='bbox 125 3271 210 3304; x_wconf 88' lang='lat' dir='ltr'>tueri</span> <span class='ocrx_word' id='word_1_436' title='bbox 221 3278 424 3313; x_wconf 88' lang='lat' dir='ltr'>proponant.</span> <span class='ocrx_word' id='word_1_437' title='bbox 455 3268 615 3311; x_wconf 73' lang='lat' dir='ltr'>Expedite</span> <span class='ocrx_word' id='word_1_438' title='bbox 633 3280 741 3305; x_wconf 88' lang='lat' dir='ltr'>tamen</span> <span class='ocrx_word' id='word_1_439' title='bbox 762 3271 925 3313; x_wconf 86' lang='lat' dir='ltr'>arbitror,</span> <span class='ocrx_word' id='word_1_440' title='bbox 963 3280 998 3306; x_wconf 90' lang='lat' dir='ltr'>ut</span> <span class='ocrx_word' id='word_1_441' title='bbox 1020 3271 1059 3305; x_wconf 91' lang='lat' dir='ltr'>de</span> 
     </span>
     <span class='ocr_line' id='line_1_62' title="bbox 126 3317 1057 3366; baseline 0 -12"><span class='ocrx_word' id='word_1_442' title='bbox 126 3319 235 3354; x_wconf 82' lang='lat' dir='ltr'>vestris</span> <span class='ocrx_word' id='word_1_443' title='bbox 258 3318 475 3364; x_wconf 88' lang='lat' dir='ltr'>Suffraganeis</span> <span class='ocrx_word' id='word_1_444' title='bbox 496 3317 622 3361; x_wconf 85' lang='lat' dir='ltr'>statim,</span> <span class='ocrx_word' id='word_1_445' title='bbox 649 3320 750 3356; x_wconf 87' lang='lat' dir='ltr'>fifieri</span> <span class='ocrx_word' id='word_1_446' title='bbox 774 3322 878 3366; x_wconf 87' lang='lat' dir='ltr'>potest</span> <span class='ocrx_word' id='word_1_447' title='bbox 892 3346 903 3362; x_wconf 92' lang='lat'>,</span> <span class='ocrx_word' id='word_1_448' title='bbox 928 3321 1057 3365; x_wconf 84' lang='lat' dir='ltr'>aliquos</span> 
     </span>
     <span class='ocr_line' id='line_1_63' title="bbox 125 3367 1055 3416; baseline 0.002 -13"><span class='ocrx_word' id='word_1_449' title='bbox 125 3369 290 3409; x_wconf 86' lang='lat' dir='ltr'>evocetis,</span> <span class='ocrx_word' id='word_1_450' title='bbox 316 3369 365 3402; x_wconf 90' lang='lat' dir='ltr'>vel</span> <span class='ocrx_word' id='word_1_451' title='bbox 387 3367 552 3402; x_wconf 85' lang='lat' dir='ltr'>audituros</span> <span class='ocrx_word' id='word_1_452' title='bbox 574 3369 714 3405; x_wconf 88' lang='lat' dir='ltr'>Domini</span> <span class='ocrx_word' id='word_1_453' title='bbox 726 3370 819 3416; x_wconf 81' lang='lat' dir='ltr'>Papae</span> <span class='ocrx_word' id='word_1_454' title='bbox 839 3369 1028 3407; x_wconf 84' lang='lat' dir='ltr'>mandatum</span> <span class='ocrx_word' id='word_1_455' title='bbox 1044 3396 1055 3412; x_wconf 94' lang='lat'>,</span> 
     </span>
     <span class='ocr_line' id='line_1_64' title="bbox 126 3417 1056 3457; baseline 0.002 -3"><span class='ocrx_word' id='word_1_456' title='bbox 126 3429 182 3454; x_wconf 91' lang='lat' dir='ltr'>aut</span> <span class='ocrx_word' id='word_1_457' title='bbox 198 3419 370 3454; x_wconf 72' lang='lat' dir='ltr'>nobiscnm</span> <span class='ocrx_word' id='word_1_458' title='bbox 390 3417 432 3453; x_wconf 90' lang='lat' dir='ltr'>de</span> <span class='ocrx_word' id='word_1_459' title='bbox 451 3418 534 3453; x_wconf 86' lang='lat' dir='ltr'>statu</span> <span class='ocrx_word' id='word_1_460' title='bbox 561 3418 798 3455; x_wconf 85' lang='lat' dir='ltr'>Cantuariensis</span> <span class='ocrx_word' id='word_1_461' title='bbox 823 3422 971 3457; x_wconf 75' lang='lat' dir='ltr'>Ecctefiae</span> <span class='ocrx_word' id='word_1_462' title='bbox 994 3431 1056 3456; x_wconf 87' lang='lat' dir='ltr'>tra-</span> 
     </span>
    </p>
   </div>
   <div class='ocr_carea' id='block_1_16' title="bbox 1116 219 2070 821">
    <p class='ocr_par' dir='ltr' id='par_1_17' title="bbox 1116 219 2070 821">
     <span class='ocr_line' id='line_1_65' title="bbox 1123 219 2058 275; baseline 0.007 -21"><span class='ocrx_word' id='word_1_463' title='bbox 1123 222 1203 263; x_wconf 86' lang='lat' dir='ltr'>sita‚</span> <span class='ocrx_word' id='word_1_464' title='bbox 1226 220 1251 254; x_wconf 83' lang='lat' dir='ltr'>fi</span> <span class='ocrx_word' id='word_1_465' title='bbox 1274 231 1339 265; x_wconf 88' lang='lat' dir='ltr'>qua</span> <span class='ocrx_word' id='word_1_466' title='bbox 1361 219 1457 256; x_wconf 86' lang='lat' dir='ltr'>vobis</span> <span class='ocrx_word' id='word_1_467' title='bbox 1475 245 1487 263; x_wconf 97' lang='lat'>,</span> <span class='ocrx_word' id='word_1_468' title='bbox 1513 222 1549 257; x_wconf 89' lang='lat'>&amp;</span> <span class='ocrx_word' id='word_1_469' title='bbox 1568 220 1638 263; x_wconf 90' lang='lat' dir='ltr'>his,</span> <span class='ocrx_word' id='word_1_470' title='bbox 1665 228 1720 269; x_wconf 79' lang='lat' dir='ltr'>qui</span> <span class='ocrx_word' id='word_1_471' title='bbox 1743 229 1919 275; x_wconf 39' lang='lat' dir='ltr'>vobiscum‘</span> <span class='ocrx_word' id='word_1_472' title='bbox 1948 233 2022 268; x_wconf 90' lang='lat' dir='ltr'>sunt</span> <span class='ocrx_word' id='word_1_473' title='bbox 2046 257 2058 274; x_wconf 78' lang='lat'>,</span> 
     </span>
     <span class='ocr_line' id='line_1_66' title="bbox 1122 271 2058 326; baseline 0.005 -20"><span class='ocrx_word' id='word_1_474' title='bbox 1122 271 1264 306; x_wconf 88' lang='lat' dir='ltr'>occurrit</span> <span class='ocrx_word' id='word_1_475' title='bbox 1286 272 1497 306; x_wconf 87' lang='lat' dir='ltr'>commodior</span> <span class='ocrx_word' id='word_1_476' title='bbox 1520 297 1528 304; x_wconf 86' lang='lat'><strong>.</strong></span> <span class='ocrx_word' id='word_1_477' title='bbox 1559 273 1648 307; x_wconf 68' lang='lat' dir='ltr'>Cum</span> <span class='ocrx_word' id='word_1_478' title='bbox 1666 275 1757 309; x_wconf 85' lang='lat' dir='ltr'>enim</span> <span class='ocrx_word' id='word_1_479' title='bbox 1787 279 1852 321; x_wconf 75' lang='lat' dir='ltr'>jam</span> <span class='ocrx_word' id='word_1_480' title='bbox 1878 281 2058 326; x_wconf 62' lang='lat' dir='ltr'>appellave-</span> 
     </span>
     <span class='ocr_line' id='line_1_67' title="bbox 1121 322 2057 375; baseline 0.002 -18"><span class='ocrx_word' id='word_1_481' title='bbox 1121 323 1186 357; x_wconf 89' lang='lat' dir='ltr'>rint</span> <span class='ocrx_word' id='word_1_482' title='bbox 1199 345 1211 362; x_wconf 89' lang='lat'>‚</span> <span class='ocrx_word' id='word_1_483' title='bbox 1238 322 1329 366; x_wconf 92' lang='lat' dir='ltr'>quod</span> <span class='ocrx_word' id='word_1_484' title='bbox 1340 322 1546 366; x_wconf 76' lang='lat' dir='ltr'>fortasiejam</span> <span class='ocrx_word' id='word_1_485' title='bbox 1562 322 1716 358; x_wconf 87' lang='lat' dir='ltr'>Domino</span> <span class='ocrx_word' id='word_1_486' title='bbox 1734 324 1826 369; x_wconf 75' lang='lat' dir='ltr'>Papae</span> <span class='ocrx_word' id='word_1_487' title='bbox 1839 331 2057 375; x_wconf 65' lang='lat' dir='ltr'>fignificatum</span> 
     </span>
     <span class='ocr_line' id='line_1_68' title="bbox 1117 371 2057 424; baseline 0.011 -17"><span class='ocrx_word' id='word_1_488' title='bbox 1117 373 1188 412; x_wconf 85' lang='lat' dir='ltr'>est,</span> <span class='ocrx_word' id='word_1_489' title='bbox 1210 372 1245 406; x_wconf 72' lang='lat' dir='ltr'>dc</span> <span class='ocrx_word' id='word_1_490' title='bbox 1269 371 1305 405; x_wconf 88' lang='lat' dir='ltr'>in</span> <span class='ocrx_word' id='word_1_491' title='bbox 1323 372 1482 407; x_wconf 88' lang='lat' dir='ltr'>omnibus</span> <span class='ocrx_word' id='word_1_492' title='bbox 1503 372 1591 418; x_wconf 83' lang='lat' dir='ltr'>Regi</span> <span class='ocrx_word' id='word_1_493' title='bbox 1612 374 1672 408; x_wconf 91' lang='lat' dir='ltr'>suo</span> <span class='ocrx_word' id='word_1_494' title='bbox 1694 374 1943 424; x_wconf 84' lang='lat' dir='ltr'>obtemperent,</span> <span class='ocrx_word' id='word_1_495' title='bbox 1971 380 2057 418; x_wconf 81' lang='lat' dir='ltr'>nihil</span> 
     </span>
     <span class='ocr_line' id='line_1_69' title="bbox 1121 421 2057 476; baseline 0.004 -19"><span class='ocrx_word' id='word_1_496' title='bbox 1121 423 1231 457; x_wconf 88' lang='lat' dir='ltr'>videro</span> <span class='ocrx_word' id='word_1_497' title='bbox 1252 421 1294 456; x_wconf 92' lang='lat' dir='ltr'>de</span> <span class='ocrx_word' id='word_1_498' title='bbox 1311 434 1449 463; x_wconf 69' lang='lat' dir='ltr'>caetero,</span> <span class='ocrx_word' id='word_1_499' title='bbox 1473 434 1572 468; x_wconf 84' lang='lat' dir='ltr'>quare</span> <span class='ocrx_word' id='word_1_500' title='bbox 1588 424 1799 468; x_wconf 87' lang='lat' dir='ltr'>colloquium</span> <span class='ocrx_word' id='word_1_501' title='bbox 1816 436 1931 463; x_wconf 83' lang='lat' dir='ltr'>eorum</span> <span class='ocrx_word' id='word_1_502' title='bbox 1960 444 2057 476; x_wconf 68' lang='lat' dir='ltr'>opor.</span> 
     </span>
     <span class='ocr_line' id='line_1_70' title="bbox 1117 473 2070 522; baseline 0.004 -14"><span class='ocrx_word' id='word_1_503' title='bbox 1117 482 1184 508; x_wconf 88' lang='lat' dir='ltr'>teat</span> <span class='ocrx_word' id='word_1_504' title='bbox 1203 473 1337 507; x_wconf 87' lang='lat' dir='ltr'>evitari.</span> <span class='ocrx_word' id='word_1_505' title='bbox 1362 474 1426 510; x_wconf 85' lang='lat' dir='ltr'>Sed</span> <span class='ocrx_word' id='word_1_506' title='bbox 1439 485 1546 517; x_wconf 87' lang='lat' dir='ltr'>neque</span> <span class='ocrx_word' id='word_1_507' title='bbox 1559 473 1680 519; x_wconf 89' lang='lat' dir='ltr'>Regis.</span> <span class='ocrx_word' id='word_1_508' title='bbox 1709 474 1820 511; x_wconf 85' lang='lat' dir='ltr'>Credo</span> <span class='ocrx_word' id='word_1_509' title='bbox 1830 476 1943 518; x_wconf 86' lang='lat' dir='ltr'>enim,</span> <span class='ocrx_word' id='word_1_510' title='bbox 1967 482 2070 522; x_wconf 61' lang='lat' dir='ltr'>qued&gt;</span> 
     </span>
     <span class='ocr_line' id='line_1_71' title="bbox 1119 522 2059 571; baseline 0.006 -14"><span class='ocrx_word' id='word_1_511' title='bbox 1119 533 1208 558; x_wconf 87' lang='lat' dir='ltr'>metu</span> <span class='ocrx_word' id='word_1_512' title='bbox 1226 522 1371 565; x_wconf 73' lang='lat' dir='ltr'>laboris,</span> <span class='ocrx_word' id='word_1_513' title='bbox 1395 535 1495 567; x_wconf 86' lang='lat' dir='ltr'>quem</span> <span class='ocrx_word' id='word_1_514' title='bbox 1519 523 1655 559; x_wconf 79' lang='lat' dir='ltr'>subituri</span> <span class='ocrx_word' id='word_1_515' title='bbox 1679 526 1776 567; x_wconf 88' lang='lat' dir='ltr'>sunt,</span> <span class='ocrx_word' id='word_1_516' title='bbox 1808 526 1846 561; x_wconf 70' lang='grc' dir='ltr'>ὅτ</span> <span class='ocrx_word' id='word_1_517' title='bbox 1867 527 2059 571; x_wconf 83' lang='lat' dir='ltr'>sumptuum</span> 
     </span>
     <span class='ocr_line' id='line_1_72' title="bbox 1116 572 2060 621; baseline 0.006 -14"><span class='ocrx_word' id='word_1_518' title='bbox 1116 581 1199 618; x_wconf 86' lang='lat' dir='ltr'>quos</span> <span class='ocrx_word' id='word_1_519' title='bbox 1221 584 1371 608; x_wconf 90' lang='lat' dir='ltr'>verentur</span> <span class='ocrx_word' id='word_1_520' title='bbox 1392 598 1404 615; x_wconf 95' lang='lat'>,</span> <span class='ocrx_word' id='word_1_521' title='bbox 1438 575 1474 609; x_wconf 74' lang='grc' dir='ltr'>ἀ</span> <span class='ocrx_word' id='word_1_522' title='bbox 1493 572 1542 608; x_wconf 89' lang='lat' dir='ltr'>ob</span> <span class='ocrx_word' id='word_1_523' title='bbox 1568 574 1817 611; x_wconf 83' lang='lat' dir='ltr'>imminentium</span> <span class='ocrx_word' id='word_1_524' title='bbox 1838 577 2060 621; x_wconf 84' lang='lat' dir='ltr'>periculorum</span> 
     </span>
     <span class='ocr_line' id='line_1_73' title="bbox 1118 622 2062 672; baseline 0.004 -14"><span class='ocrx_word' id='word_1_525' title='bbox 1118 624 1326 665; x_wconf 85' lang='lat' dir='ltr'>instantiam,</span> <span class='ocrx_word' id='word_1_526' title='bbox 1346 625 1384 659; x_wconf 62' lang='lat' dir='ltr'>r&amp;</span> <span class='ocrx_word' id='word_1_527' title='bbox 1403 622 1544 660; x_wconf 81' lang='lat' dir='ltr'>dubium</span> <span class='ocrx_word' id='word_1_528' title='bbox 1564 626 1668 659; x_wconf 65' lang='lat' dir='ltr'>causae</span> <span class='ocrx_word' id='word_1_529' title='bbox 1683 635 1836 662; x_wconf 88' lang='lat' dir='ltr'>eventum</span> <span class='ocrx_word' id='word_1_530' title='bbox 1852 628 1923 672; x_wconf 89' lang='lat' dir='ltr'>paci</span> <span class='ocrx_word' id='word_1_531' title='bbox 1950 627 2062 663; x_wconf 87' lang='lat' dir='ltr'>Eccle-</span> 
     </span>
     <span class='ocr_line' id='line_1_74' title="bbox 1117 674 2060 722; baseline 0.004 -14"><span class='ocrx_word' id='word_1_532' title='bbox 1117 675 1164 708; x_wconf 80' lang='lat' dir='ltr'>siae</span> <span class='ocrx_word' id='word_1_533' title='bbox 1184 675 1218 709; x_wconf 89' lang='lat'>&amp;</span> <span class='ocrx_word' id='word_1_534' title='bbox 1241 674 1507 710; x_wconf 82' lang='lat' dir='ltr'>reconciliationi</span> <span class='ocrx_word' id='word_1_535' title='bbox 1529 674 1645 710; x_wconf 69' lang='lat' dir='ltr'>nostrae</span> <span class='ocrx_word' id='word_1_536' title='bbox 1655 674 1900 722; x_wconf 87' lang='lat' dir='ltr'>diligentiorem</span> <span class='ocrx_word' id='word_1_537' title='bbox 1923 689 2060 722; x_wconf 84' lang='lat' dir='ltr'>operam</span> 
     </span>
     <span class='ocr_line' id='line_1_75' title="bbox 1116 723 2061 770; baseline 0.003 -11"><span class='ocrx_word' id='word_1_538' title='bbox 1116 723 1266 759; x_wconf 88' lang='lat' dir='ltr'>dabunt:</span> <span class='ocrx_word' id='word_1_539' title='bbox 1291 724 1367 767; x_wconf 84' lang='lat' dir='ltr'>quia</span> <span class='ocrx_word' id='word_1_540' title='bbox 1391 737 1451 759; x_wconf 90' lang='lat' dir='ltr'>nec</span> <span class='ocrx_word' id='word_1_541' title='bbox 1474 736 1577 760; x_wconf 90' lang='lat' dir='ltr'>unum</span> <span class='ocrx_word' id='word_1_542' title='bbox 1596 736 1712 760; x_wconf 87' lang='lat' dir='ltr'>eorum</span> <span class='ocrx_word' id='word_1_543' title='bbox 1733 727 1855 770; x_wconf 85' lang='lat' dir='ltr'>opinor</span> <span class='ocrx_word' id='word_1_544' title='bbox 1876 728 2020 762; x_wconf 87' lang='lat' dir='ltr'>inveniri</span> <span class='ocrx_word' id='word_1_545' title='bbox 2048 752 2061 770; x_wconf 84' lang='lat'>‚</span> 
     </span>
     <span class='ocr_line' id='line_1_76' title="bbox 1118 775 2059 821; baseline 0.005 -14"><span class='ocrx_word' id='word_1_546' title='bbox 1118 785 1215 819; x_wconf 89' lang='lat' dir='ltr'>quem</span> <span class='ocrx_word' id='word_1_547' title='bbox 1238 783 1287 808; x_wconf 89' lang='lat' dir='ltr'>tot</span> <span class='ocrx_word' id='word_1_548' title='bbox 1309 775 1344 808; x_wconf 75' lang='grc' dir='ltr'>δε</span> <span class='ocrx_word' id='word_1_549' title='bbox 1365 783 1531 810; x_wconf 86' lang='lat' dir='ltr'>tantarum</span> <span class='ocrx_word' id='word_1_550' title='bbox 1555 776 1868 811; x_wconf 85' lang='lat' dir='ltr'>incommoditatum</span> <span class='ocrx_word' id='word_1_551' title='bbox 1887 777 2059 821; x_wconf 82' lang='lat' dir='ltr'>dispendia</span> 
     </span>
    </p>
   </div>
   <div class='ocr_carea' id='block_1_17' title="bbox 1119 823 2135 870">
    <p class='ocr_par' dir='ltr' id='par_1_18' title="bbox 1119 823 2135 870">
     <span class='ocr_line' id='line_1_77' title="bbox 1119 823 2135 870; baseline 0.003 -10"><span class='ocrx_word' id='word_1_552' title='bbox 1119 824 1223 860; x_wconf 86' lang='lat' dir='ltr'>subire</span> <span class='ocrx_word' id='word_1_553' title='bbox 1245 834 1315 858; x_wconf 84' lang='lat' dir='ltr'>non</span> <span class='ocrx_word' id='word_1_554' title='bbox 1336 823 1463 869; x_wconf 84' lang='lat' dir='ltr'>pigeat.</span> <span class='ocrx_word' id='word_1_555' title='bbox 1492 826 1536 861; x_wconf 89' lang='lat' dir='ltr'>Et</span> <span class='ocrx_word' id='word_1_556' title='bbox 1554 826 1579 860; x_wconf 85' lang='lat' dir='ltr'>si</span> <span class='ocrx_word' id='word_1_557' title='bbox 1609 826 1888 863; x_wconf 86' lang='lat' dir='ltr'>transfretaverint</span> <span class='ocrx_word' id='word_1_558' title='bbox 1907 853 1919 870; x_wconf 82' lang='lat'>,</span> <span class='ocrx_word' id='word_1_559' title='bbox 1947 829 2062 863; x_wconf 86' lang='lat' dir='ltr'>fortas·</span> <span class='ocrx_word' id='word_1_560' title='bbox 2131 847 2135 852; x_wconf 89' lang='lat'><em>-</em></span> 
     </span>
    </p>
   </div>
   <div class='ocr_carea' id='block_1_18' title="bbox 1118 873 2073 3017">
    <p class='ocr_par' dir='ltr' id='par_1_19' title="bbox 1118 873 2073 3017">
     <span class='ocr_line' id='line_1_78' title="bbox 1118 873 2061 921; baseline 0.002 -11"><span class='ocrx_word' id='word_1_561' title='bbox 1118 875 1151 910; x_wconf 71' lang='lat' dir='ltr'>se</span> <span class='ocrx_word' id='word_1_562' title='bbox 1170 873 1339 909; x_wconf 85' lang='lat' dir='ltr'>mediante</span> <span class='ocrx_word' id='word_1_563' title='bbox 1357 875 1582 919; x_wconf 78' lang='lat' dir='ltr'>imperatrice,</span> <span class='ocrx_word' id='word_1_564' title='bbox 1607 888 1671 921; x_wconf 80' lang='lat' dir='ltr'>pax</span> <span class='ocrx_word' id='word_1_565' title='bbox 1695 877 1847 912; x_wconf 80' lang='lat' dir='ltr'>Ecclefiae</span> <span class='ocrx_word' id='word_1_566' title='bbox 1871 877 2061 913; x_wconf 87' lang='lat' dir='ltr'>reformabi-</span> 
     </span>
     <span class='ocr_line' id='line_1_79' title="bbox 1118 924 2062 970; baseline 0.002 -10"><span class='ocrx_word' id='word_1_567' title='bbox 1118 936 1170 960; x_wconf 89' lang='lat' dir='ltr'>tur</span> <span class='ocrx_word' id='word_1_568' title='bbox 1184 949 1197 967; x_wconf 92' lang='lat'>,</span> <span class='ocrx_word' id='word_1_569' title='bbox 1221 933 1279 959; x_wconf 84' lang='lat' dir='ltr'>aut</span> <span class='ocrx_word' id='word_1_570' title='bbox 1300 924 1378 960; x_wconf 90' lang='lat' dir='ltr'>Deo</span> <span class='ocrx_word' id='word_1_571' title='bbox 1397 927 1542 970; x_wconf 86' lang='lat' dir='ltr'>propitio</span> <span class='ocrx_word' id='word_1_572' title='bbox 1562 928 1658 962; x_wconf 82' lang='lat' dir='ltr'>causa</span> <span class='ocrx_word' id='word_1_573' title='bbox 1679 927 1780 962; x_wconf 81' lang='lat' dir='ltr'>vestra</span> <span class='ocrx_word' id='word_1_574' title='bbox 1792 927 1827 962; x_wconf 87' lang='lat' dir='ltr'>in</span> <span class='ocrx_word' id='word_1_575' title='bbox 1854 928 1985 963; x_wconf 89' lang='lat' dir='ltr'>meliori</span> <span class='ocrx_word' id='word_1_576' title='bbox 1996 928 2062 964; x_wconf 72' lang='lat' dir='ltr'>cal⁴</span> 
     </span>
     <span class='ocr_line' id='line_1_80' title="bbox 1119 973 2062 1023; baseline 0.002 -12"><span class='ocrx_word' id='word_1_577' title='bbox 1119 974 1196 1011; x_wconf 84' lang='lat' dir='ltr'>culo</span> <span class='ocrx_word' id='word_1_578' title='bbox 1217 973 1437 1019; x_wconf 85' lang='lat' dir='ltr'>relinquetur.</span> <span class='ocrx_word' id='word_1_579' title='bbox 1465 977 1566 1012; x_wconf 84' lang='lat' dir='ltr'>Instat</span> <span class='ocrx_word' id='word_1_580' title='bbox 1577 977 1667 1013; x_wconf 83' lang='lat' dir='ltr'>enim</span> <span class='ocrx_word' id='word_1_581' title='bbox 1683 987 1812 1023; x_wconf 85' lang='lat' dir='ltr'>tempus</span> <span class='ocrx_word' id='word_1_582' title='bbox 1832 1002 1844 1019; x_wconf 91' lang='lat'>,</span> <span class='ocrx_word' id='word_1_583' title='bbox 1870 987 1908 1014; x_wconf 88' lang='lat' dir='ltr'>ut</span> <span class='ocrx_word' id='word_1_584' title='bbox 1928 978 2023 1023; x_wconf 77' lang='lat' dir='ltr'>ajunt</span> <span class='ocrx_word' id='word_1_585' title='bbox 2050 1002 2062 1018; x_wconf 91' lang='lat'>‚</span> 
     </span>
     <span class='ocr_line' id='line_1_81' title="bbox 1119 1024 2063 1071; baseline 0.003 -11"><span class='ocrx_word' id='word_1_586' title='bbox 1119 1037 1187 1071; x_wconf 91' lang='lat' dir='ltr'>quo</span> <span class='ocrx_word' id='word_1_587' title='bbox 1207 1024 1332 1070; x_wconf 79' lang='lat' dir='ltr'>Aquila</span> <span class='ocrx_word' id='word_1_588' title='bbox 1351 1027 1440 1070; x_wconf 78' lang='lat' dir='ltr'>rupti</span> <span class='ocrx_word' id='word_1_589' title='bbox 1461 1026 1589 1062; x_wconf 84' lang='lat' dir='ltr'>foederis</span> <span class='ocrx_word' id='word_1_590' title='bbox 1608 1052 1620 1069; x_wconf 92' lang='lat'>,</span> <span class='ocrx_word' id='word_1_591' title='bbox 1655 1028 1746 1071; x_wconf 76' lang='lat' dir='ltr'>juxta</span> <span class='ocrx_word' id='word_1_592' title='bbox 1778 1028 1917 1063; x_wconf 88' lang='lat' dir='ltr'>Merlini</span> <span class='ocrx_word' id='word_1_593' title='bbox 1949 1028 2063 1064; x_wconf 82' lang='lat' dir='ltr'>vatici·</span> 
     </span>
     <span class='ocr_line' id='line_1_82' title="bbox 1122 1075 2062 1122; baseline 0.002 -12"><span class='ocrx_word' id='word_1_594' title='bbox 1122 1076 1235 1119; x_wconf 83' lang='lat' dir='ltr'>nium,</span> <span class='ocrx_word' id='word_1_595' title='bbox 1259 1075 1395 1110; x_wconf 77' lang='lat' dir='ltr'>fraenum</span> <span class='ocrx_word' id='word_1_596' title='bbox 1406 1077 1592 1113; x_wconf 84' lang='lat' dir='ltr'>deauratura</span> <span class='ocrx_word' id='word_1_597' title='bbox 1603 1078 1650 1112; x_wconf 90' lang='lat' dir='ltr'>est</span> <span class='ocrx_word' id='word_1_598' title='bbox 1662 1103 1677 1121; x_wconf 81' lang='lat'>‚</span> <span class='ocrx_word' id='word_1_599' title='bbox 1701 1078 1792 1121; x_wconf 88' lang='lat' dir='ltr'>quod</span> <span class='ocrx_word' id='word_1_600' title='bbox 1805 1079 1972 1122; x_wconf 88' lang='lat' dir='ltr'>Apostolo</span> <span class='ocrx_word' id='word_1_601' title='bbox 1991 1079 2062 1122; x_wconf 81' lang='lat' dir='ltr'>ejus</span> 
     </span>
     <span class='ocr_line' id='line_1_83' title="bbox 1121 1126 2065 1166; baseline 0.002 -6"><span class='ocrx_word' id='word_1_602' title='bbox 1121 1128 1302 1166; x_wconf 57' lang='lat' dir='ltr'>damnant</span> <span class='ocrx_word' id='word_1_603' title='bbox 1317 1126 1420 1162; x_wconf 77' lang='lat' dir='ltr'>modo</span> <span class='ocrx_word' id='word_1_604' title='bbox 1430 1127 1604 1162; x_wconf 86' lang='lat' dir='ltr'>fabricatur</span> <span class='ocrx_word' id='word_1_605' title='bbox 1615 1129 1650 1162; x_wconf 87' lang='lat' dir='ltr'>in</span> <span class='ocrx_word' id='word_1_606' title='bbox 1662 1130 1732 1163; x_wconf 85' lang='lat' dir='ltr'>sinu</span> <span class='ocrx_word' id='word_1_607' title='bbox 1746 1129 1923 1163; x_wconf 90' lang='lat' dir='ltr'>Armorico</span> <span class='ocrx_word' id='word_1_608' title='bbox 1933 1154 1941 1162; x_wconf 92' lang='lat'><strong><em>.</em></strong></span> <span class='ocrx_word' id='word_1_609' title='bbox 1967 1128 2065 1163; x_wconf 74' lang='lat' dir='ltr'>Narrr</span> 
     </span>
     <span class='ocr_line' id='line_1_84' title="bbox 1121 1176 2064 1224; baseline 0.003 -14"><span class='ocrx_word' id='word_1_610' title='bbox 1121 1177 1199 1210; x_wconf 86' lang='lat' dir='ltr'>sicut</span> <span class='ocrx_word' id='word_1_611' title='bbox 1211 1176 1318 1220; x_wconf 87' lang='lat' dir='ltr'>accepi</span> <span class='ocrx_word' id='word_1_612' title='bbox 1333 1188 1390 1221; x_wconf 88' lang='lat' dir='ltr'>pro</span> <span class='ocrx_word' id='word_1_613' title='bbox 1400 1187 1489 1212; x_wconf 86' lang='lat' dir='ltr'>certo</span> <span class='ocrx_word' id='word_1_614' title='bbox 1500 1203 1511 1219; x_wconf 89' lang='lat'>,</span> <span class='ocrx_word' id='word_1_615' title='bbox 1538 1179 1709 1224; x_wconf 72' lang='lat' dir='ltr'>postquam</span> <span class='ocrx_word' id='word_1_616' title='bbox 1722 1180 1844 1223; x_wconf 87' lang='lat' dir='ltr'>priores</span> <span class='ocrx_word' id='word_1_617' title='bbox 1855 1180 1978 1214; x_wconf 86' lang='lat' dir='ltr'>litteras</span> <span class='ocrx_word' id='word_1_618' title='bbox 1987 1190 2064 1213; x_wconf 80' lang='lat' dir='ltr'>exa-</span> 
     </span>
     <span class='ocr_line' id='line_1_85' title="bbox 1121 1226 2066 1274; baseline 0.004 -16"><span class='ocrx_word' id='word_1_619' title='bbox 1121 1237 1287 1266; x_wconf 84' lang='lat' dir='ltr'>raveram,</span> <span class='ocrx_word' id='word_1_620' title='bbox 1322 1226 1358 1259; x_wconf 90' lang='lat' dir='ltr'>in</span> <span class='ocrx_word' id='word_1_621' title='bbox 1378 1229 1502 1262; x_wconf 67' lang='lat' dir='ltr'>accessu</span> <span class='ocrx_word' id='word_1_622' title='bbox 1520 1229 1746 1273; x_wconf 86' lang='lat' dir='ltr'>Fulgeriarum</span> <span class='ocrx_word' id='word_1_623' title='bbox 1767 1240 1868 1274; x_wconf 85' lang='lat' dir='ltr'>grave</span> <span class='ocrx_word' id='word_1_624' title='bbox 1899 1229 2066 1263; x_wconf 78' lang='lat' dir='ltr'>damnum</span> 
     </span>
     <span class='ocr_line' id='line_1_86' title="bbox 1123 1275 2065 1320; baseline 0.004 -13"><span class='ocrx_word' id='word_1_625' title='bbox 1123 1277 1280 1317; x_wconf 75' lang='lat' dir='ltr'>perpessus</span> <span class='ocrx_word' id='word_1_626' title='bbox 1289 1275 1334 1308; x_wconf 84' lang='lat' dir='ltr'>est</span> <span class='ocrx_word' id='word_1_627' title='bbox 1348 1299 1359 1314; x_wconf 90' lang='lat'>,</span> <span class='ocrx_word' id='word_1_628' title='bbox 1386 1277 1476 1319; x_wconf 86' lang='lat' dir='ltr'>quod</span> <span class='ocrx_word' id='word_1_629' title='bbox 1488 1277 1595 1310; x_wconf 84' lang='lat' dir='ltr'>adhuc</span> <span class='ocrx_word' id='word_1_630' title='bbox 1616 1278 1704 1320; x_wconf 88' lang='lat' dir='ltr'>apud</span> <span class='ocrx_word' id='word_1_631' title='bbox 1725 1288 1787 1311; x_wconf 90' lang='lat' dir='ltr'>nos</span> <span class='ocrx_word' id='word_1_632' title='bbox 1796 1279 1970 1320; x_wconf 89' lang='lat' dir='ltr'>deplorant</span> <span class='ocrx_word' id='word_1_633' title='bbox 1984 1277 2065 1313; x_wconf 83' lang='lat' dir='ltr'>ami·</span> 
     </span>
     <span class='ocr_line' id='line_1_87' title="bbox 1120 1324 2064 1370; baseline 0.002 -12"><span class='ocrx_word' id='word_1_634' title='bbox 1120 1324 1151 1358; x_wconf 90' lang='lat' dir='ltr'>ci</span> <span class='ocrx_word' id='word_1_635' title='bbox 1173 1324 1374 1357; x_wconf 89' lang='lat' dir='ltr'>Francorum</span> <span class='ocrx_word' id='word_1_636' title='bbox 1393 1348 1405 1365; x_wconf 91' lang='lat'>,</span> <span class='ocrx_word' id='word_1_637' title='bbox 1430 1335 1570 1368; x_wconf 85' lang='lat' dir='ltr'>quorum</span> <span class='ocrx_word' id='word_1_638' title='bbox 1602 1325 1737 1367; x_wconf 85' lang='lat' dir='ltr'>quidam</span> <span class='ocrx_word' id='word_1_639' title='bbox 1756 1329 1844 1370; x_wconf 88' lang='lat' dir='ltr'>capti</span> <span class='ocrx_word' id='word_1_640' title='bbox 1860 1328 1934 1361; x_wconf 89' lang='lat' dir='ltr'>sunt</span> <span class='ocrx_word' id='word_1_641' title='bbox 1958 1351 1971 1368; x_wconf 89' lang='lat'>‚</span> <span class='ocrx_word' id='word_1_642' title='bbox 2003 1327 2064 1361; x_wconf 83' lang='lat' dir='ltr'>alii</span> 
     </span>
     <span class='ocr_line' id='line_1_88' title="bbox 1122 1373 2065 1422; baseline 0.003 -14"><span class='ocrx_word' id='word_1_643' title='bbox 1122 1373 1301 1414; x_wconf 86' lang='lat' dir='ltr'>vulnerati,</span> <span class='ocrx_word' id='word_1_644' title='bbox 1327 1374 1409 1408; x_wconf 80' lang='lat' dir='ltr'>dum</span> <span class='ocrx_word' id='word_1_645' title='bbox 1432 1384 1550 1421; x_wconf 84' lang='lat' dir='ltr'>purum</span> <span class='ocrx_word' id='word_1_646' title='bbox 1569 1375 1714 1410; x_wconf 82' lang='lat' dir='ltr'>sitientes</span> <span class='ocrx_word' id='word_1_647' title='bbox 1736 1385 1934 1422; x_wconf 81' lang='lat' dir='ltr'>argentum,</span> <span class='ocrx_word' id='word_1_648' title='bbox 1972 1376 2065 1412; x_wconf 86' lang='lat' dir='ltr'>nite-</span> 
     </span>
     <span class='ocr_line' id='line_1_89' title="bbox 1122 1422 2064 1469; baseline 0.003 -11"><span class='ocrx_word' id='word_1_649' title='bbox 1122 1424 1240 1460; x_wconf 85' lang='lat' dir='ltr'>bantur</span> <span class='ocrx_word' id='word_1_650' title='bbox 1258 1423 1381 1458; x_wconf 90' lang='lat' dir='ltr'>strenui</span> <span class='ocrx_word' id='word_1_651' title='bbox 1404 1435 1466 1468; x_wconf 84' lang='lat' dir='ltr'>prae</span> <span class='ocrx_word' id='word_1_652' title='bbox 1477 1425 1598 1459; x_wconf 65' lang='lat' dir='ltr'>caeteris</span> <span class='ocrx_word' id='word_1_653' title='bbox 1608 1432 1773 1469; x_wconf 86' lang='lat' dir='ltr'>apparere.</span> <span class='ocrx_word' id='word_1_654' title='bbox 1803 1422 1984 1461; x_wconf 84' lang='lat' dir='ltr'>Audieram</span> <span class='ocrx_word' id='word_1_655' title='bbox 1998 1426 2064 1462; x_wconf 87' lang='lat' dir='ltr'>hoc</span> 
     </span>
     <span class='ocr_line' id='line_1_90' title="bbox 1122 1473 2064 1520; baseline 0.004 -14"><span class='ocrx_word' id='word_1_656' title='bbox 1122 1474 1209 1517; x_wconf 76' lang='lat' dir='ltr'>prius</span> <span class='ocrx_word' id='word_1_657' title='bbox 1228 1473 1263 1506; x_wconf 90' lang='lat' dir='ltr'>in</span> <span class='ocrx_word' id='word_1_658' title='bbox 1283 1473 1386 1507; x_wconf 80' lang='lat' dir='ltr'>Curia</span> <span class='ocrx_word' id='word_1_659' title='bbox 1407 1474 1676 1509; x_wconf 80' lang='lat' dir='ltr'>Christianiffimi</span> <span class='ocrx_word' id='word_1_660' title='bbox 1710 1475 1815 1520; x_wconf 79' lang='lat' dir='ltr'>Regis</span> <span class='ocrx_word' id='word_1_661' title='bbox 1835 1477 2037 1510; x_wconf 87' lang='lat' dir='ltr'>Francorum</span> <span class='ocrx_word' id='word_1_662' title='bbox 2053 1501 2064 1516; x_wconf 96' lang='lat'>,</span> 
     </span>
     <span class='ocr_line' id='line_1_91' title="bbox 1121 1523 2065 1570; baseline 0.003 -13"><span class='ocrx_word' id='word_1_663' title='bbox 1121 1524 1207 1567; x_wconf 86' lang='lat' dir='ltr'>apud</span> <span class='ocrx_word' id='word_1_664' title='bbox 1221 1523 1420 1557; x_wconf 85' lang='lat' dir='ltr'>Laudunum</span> <span class='ocrx_word' id='word_1_665' title='bbox 1443 1523 1622 1558; x_wconf 77' lang='lat' dir='ltr'>honeste&amp;</span> <span class='ocrx_word' id='word_1_666' title='bbox 1635 1534 1818 1559; x_wconf 87' lang='lat' dir='ltr'>reverenter</span> <span class='ocrx_word' id='word_1_667' title='bbox 1838 1527 2000 1570; x_wconf 77' lang='lat' dir='ltr'>susceptus</span> <span class='ocrx_word' id='word_1_668' title='bbox 2022 1526 2065 1560; x_wconf 85' lang='lat' dir='ltr'>ab</span> 
     </span>
     <span class='ocr_line' id='line_1_92' title="bbox 1121 1572 2065 1618; baseline 0.001 -11"><span class='ocrx_word' id='word_1_669' title='bbox 1121 1585 1182 1607; x_wconf 89' lang='lat' dir='ltr'>eo.</span> <span class='ocrx_word' id='word_1_670' title='bbox 1209 1573 1272 1607; x_wconf 88' lang='lat' dir='ltr'>Sed</span> <span class='ocrx_word' id='word_1_671' title='bbox 1284 1584 1353 1606; x_wconf 85' lang='lat' dir='ltr'>non</span> <span class='ocrx_word' id='word_1_672' title='bbox 1376 1572 1474 1607; x_wconf 74' lang='lat' dir='ltr'>facile</span> <span class='ocrx_word' id='word_1_673' title='bbox 1494 1573 1712 1618; x_wconf 85' lang='lat' dir='ltr'>Nugigerulis</span> <span class='ocrx_word' id='word_1_674' title='bbox 1733 1573 1879 1616; x_wconf 71' lang='lat' dir='ltr'>credidi,</span> <span class='ocrx_word' id='word_1_675' title='bbox 1907 1576 1984 1610; x_wconf 72' lang='lat' dir='ltr'>licet</span> <span class='ocrx_word' id='word_1_676' title='bbox 2007 1575 2065 1610; x_wconf 82' lang='lat' dir='ltr'>ali·</span> 
     </span>
     <span class='ocr_line' id='line_1_93' title="bbox 1122 1621 2067 1667; baseline 0.005 -12"><span class='ocrx_word' id='word_1_677' title='bbox 1122 1622 1313 1666; x_wconf 84' lang='lat' dir='ltr'>quantulam</span> <span class='ocrx_word' id='word_1_678' title='bbox 1335 1621 1435 1656; x_wconf 80' lang='lat' dir='ltr'>fidem</span> <span class='ocrx_word' id='word_1_679' title='bbox 1458 1624 1575 1657; x_wconf 86' lang='lat' dir='ltr'>faceret</span> <span class='ocrx_word' id='word_1_680' title='bbox 1592 1624 1760 1658; x_wconf 88' lang='lat' dir='ltr'>dubitanti</span> <span class='ocrx_word' id='word_1_681' title='bbox 1784 1649 1795 1665; x_wconf 95' lang='lat'>‚</span> <span class='ocrx_word' id='word_1_682' title='bbox 1822 1626 1913 1667; x_wconf 89' lang='lat' dir='ltr'>quod</span> <span class='ocrx_word' id='word_1_683' title='bbox 1940 1627 2067 1661; x_wconf 80' lang='lat' dir='ltr'>Comes</span> 
     </span>
     <span class='ocr_line' id='line_1_94' title="bbox 1123 1672 2065 1715; baseline 0.003 -8"><span class='ocrx_word' id='word_1_684' title='bbox 1123 1673 1287 1707; x_wconf 88' lang='lat' dir='ltr'>Robertus</span> <span class='ocrx_word' id='word_1_685' title='bbox 1303 1672 1558 1706; x_wconf 72' lang='lat' dir='ltr'>tristitiaminde</span> <span class='ocrx_word' id='word_1_686' title='bbox 1566 1684 1761 1715; x_wconf 85' lang='lat' dir='ltr'>conceptam</span> <span class='ocrx_word' id='word_1_687' title='bbox 1772 1674 1971 1710; x_wconf 79' lang='lat' dir='ltr'>diffimulare</span> <span class='ocrx_word' id='word_1_688' title='bbox 1994 1687 2065 1710; x_wconf 84' lang='lat' dir='ltr'>non</span> 
     </span>
     <span class='ocr_line' id='line_1_95' title="bbox 1123 1721 2065 1769; baseline 0.004 -13"><span class='ocrx_word' id='word_1_689' title='bbox 1123 1731 1268 1765; x_wconf 84' lang='lat' dir='ltr'>poterat.</span> <span class='ocrx_word' id='word_1_690' title='bbox 1296 1721 1431 1769; x_wconf 82' lang='lat' dir='ltr'>Dicitur</span> <span class='ocrx_word' id='word_1_691' title='bbox 1450 1722 1550 1754; x_wconf 87' lang='lat' dir='ltr'>ctiam</span> <span class='ocrx_word' id='word_1_692' title='bbox 1571 1722 1661 1762; x_wconf 79' lang='lat' dir='ltr'>quod</span> <span class='ocrx_word' id='word_1_693' title='bbox 1683 1722 1826 1756; x_wconf 84' lang='lat' dir='ltr'>famelici</span> <span class='ocrx_word' id='word_1_694' title='bbox 1849 1725 1971 1758; x_wconf 86' lang='lat' dir='ltr'>saturos</span> <span class='ocrx_word' id='word_1_695' title='bbox 1984 1749 1994 1765; x_wconf 92' lang='lat'>,</span> <span class='ocrx_word' id='word_1_696' title='bbox 2031 1727 2065 1760; x_wconf 69' lang='grc' dir='ltr'>ὅ(</span> 
     </span>
     <span class='ocr_line' id='line_1_96' title="bbox 1123 1769 2070 1815; baseline 0.004 -12"><span class='ocrx_word' id='word_1_697' title='bbox 1123 1772 1237 1813; x_wconf 87' lang='lat' dir='ltr'>inopes</span> <span class='ocrx_word' id='word_1_698' title='bbox 1256 1769 1416 1812; x_wconf 72' lang='lat' dir='ltr'>copiosos·</span> <span class='ocrx_word' id='word_1_699' title='bbox 1431 1778 1538 1803; x_wconf 78' lang='lat' dir='ltr'>rerum</span> <span class='ocrx_word' id='word_1_700' title='bbox 1560 1769 1716 1804; x_wconf 88' lang='lat' dir='ltr'>omnium</span> <span class='ocrx_word' id='word_1_701' title='bbox 1747 1770 1897 1807; x_wconf 82' lang='lat' dir='ltr'>obsident</span> <span class='ocrx_word' id='word_1_702' title='bbox 1918 1772 2028 1809; x_wconf 86' lang='lat' dir='ltr'>hostes</span> <span class='ocrx_word' id='word_1_703' title='bbox 2059 1799 2070 1815; x_wconf 91' lang='lat'>,</span> 
     </span>
     <span class='ocr_line' id='line_1_97' title="bbox 1122 1816 2069 1866; baseline 0.005 -13"><span class='ocrx_word' id='word_1_704' title='bbox 1122 1820 1155 1853; x_wconf 90' lang='lat'>&amp;</span> <span class='ocrx_word' id='word_1_705' title='bbox 1171 1816 1258 1862; x_wconf 71' lang='lat' dir='ltr'>quod</span> <span class='ocrx_word' id='word_1_706' title='bbox 1267 1818 1411 1853; x_wconf 78' lang='lat' dir='ltr'>obseffus</span> <span class='ocrx_word' id='word_1_707' title='bbox 1431 1817 1603 1854; x_wconf 81' lang='lat' dir='ltr'>obsidente</span> <span class='ocrx_word' id='word_1_708' title='bbox 1624 1820 1735 1866; x_wconf 71' lang='lat' dir='ltr'>1onge-</span> <span class='ocrx_word' id='word_1_709' title='bbox 1749 1823 1890 1858; x_wconf 85' lang='lat' dir='ltr'>securior</span> <span class='ocrx_word' id='word_1_710' title='bbox 1901 1822 1948 1858; x_wconf 87' lang='lat' dir='ltr'>est</span> <span class='ocrx_word' id='word_1_711' title='bbox 1965 1850 1973 1857; x_wconf 91' lang='lat'><strong>.</strong></span> <span class='ocrx_word' id='word_1_712' title='bbox 2004 1825 2069 1859; x_wconf 90' lang='lat' dir='ltr'>Ra-</span> 
     </span>
     <span class='ocr_line' id='line_1_98' title="bbox 1121 1868 2071 1918; baseline 0.007 -17"><span class='ocrx_word' id='word_1_713' title='bbox 1121 1868 1263 1912; x_wconf 85' lang='lat' dir='ltr'>dulphus</span> <span class='ocrx_word' id='word_1_714' title='bbox 1283 1868 1402 1910; x_wconf 79' lang='lat' dir='ltr'>enim,</span> <span class='ocrx_word' id='word_1_715' title='bbox 1427 1879 1465 1904; x_wconf 84' lang='lat' dir='ltr'>ut</span> <span class='ocrx_word' id='word_1_716' title='bbox 1477 1869 1649 1913; x_wconf 86' lang='lat' dir='ltr'>perhibent</span> <span class='ocrx_word' id='word_1_717' title='bbox 1671 1894 1683 1911; x_wconf 90' lang='lat'>,</span> <span class='ocrx_word' id='word_1_718' title='bbox 1709 1871 1849 1906; x_wconf 81' lang='lat' dir='ltr'>castr-um</span> <span class='ocrx_word' id='word_1_719' title='bbox 1872 1874 1970 1908; x_wconf 85' lang='lat' dir='ltr'>suum</span> <span class='ocrx_word' id='word_1_720' title='bbox 1984 1874 2071 1918; x_wconf 84' lang='lat' dir='ltr'>opti-</span> 
     </span>
     <span class='ocr_line' id='line_1_99' title="bbox 1122 1918 2069 1966; baseline 0.008 -15"><span class='ocrx_word' id='word_1_721' title='bbox 1122 1918 1176 1953; x_wconf 76' lang='lat' dir='ltr'>me</span> <span class='ocrx_word' id='word_1_722' title='bbox 1186 1919 1413 1963; x_wconf 79' lang='lat' dir='ltr'>praemunivit,</span> <span class='ocrx_word' id='word_1_723' title='bbox 1439 1920 1639 1964; x_wconf 81' lang='lat' dir='ltr'>vastavitque</span> <span class='ocrx_word' id='word_1_724' title='bbox 1659 1921 1821 1966; x_wconf 87' lang='lat' dir='ltr'>quidquid</span> <span class='ocrx_word' id='word_1_725' title='bbox 1834 1922 2069 1959; x_wconf 85' lang='lat' dir='ltr'>alimentorum</span> 
     </span>
     <span class='ocr_line' id='line_1_100' title="bbox 1122 1968 2069 2012; baseline 0.006 -10"><span class='ocrx_word' id='word_1_726' title='bbox 1122 1969 1157 2002; x_wconf 92' lang='lat' dir='ltr'>in</span> <span class='ocrx_word' id='word_1_727' title='bbox 1179 1968 1387 2002; x_wconf 67' lang='lat' dir='ltr'>circuitnsuo</span> <span class='ocrx_word' id='word_1_728' title='bbox 1407 1971 1516 2012; x_wconf 85' lang='lat' dir='ltr'>potuit</span> <span class='ocrx_word' id='word_1_729' title='bbox 1538 1970 1677 2004; x_wconf 87' lang='lat' dir='ltr'>inveniri</span> <span class='ocrx_word' id='word_1_730' title='bbox 1698 1995 1709 2011; x_wconf 94' lang='lat'>‚</span> <span class='ocrx_word' id='word_1_731' title='bbox 1736 1983 1798 2006; x_wconf 86' lang='lat' dir='ltr'>nec</span> <span class='ocrx_word' id='word_1_732' title='bbox 1820 1972 1862 2006; x_wconf 76' lang='lat' dir='ltr'>ad</span> <span class='ocrx_word' id='word_1_733' title='bbox 1888 1974 2069 2008; x_wconf 83' lang='lat' dir='ltr'>remotiora</span> 
     </span>
     <span class='ocr_line' id='line_1_101' title="bbox 1122 2018 2069 2067; baseline 0.006 -15"><span class='ocrx_word' id='word_1_734' title='bbox 1122 2019 1191 2052; x_wconf 78' lang='lat' dir='ltr'>fine</span> <span class='ocrx_word' id='word_1_735' title='bbox 1211 2018 1342 2062; x_wconf 82' lang='lat' dir='ltr'>magnis</span> <span class='ocrx_word' id='word_1_736' title='bbox 1361 2020 1468 2062; x_wconf 86' lang='lat' dir='ltr'>copiis</span> <span class='ocrx_word' id='word_1_737' title='bbox 1487 2019 1678 2063; x_wconf 81' lang='lat' dir='ltr'>pabulatum</span> <span class='ocrx_word' id='word_1_738' title='bbox 1697 2022 1845 2067; x_wconf 77' lang='lat' dir='ltr'>pregre-di</span> <span class='ocrx_word' id='word_1_739' title='bbox 1871 2022 1949 2058; x_wconf 83' lang='lat' dir='ltr'>licet</span> <span class='ocrx_word' id='word_1_740' title='bbox 1971 2049 1983 2064; x_wconf 94' lang='lat'>‚</span> <span class='ocrx_word' id='word_1_741' title='bbox 2025 2023 2069 2058; x_wconf 71' lang='lat' dir='ltr'>ed</span> 
     </span>
     <span class='ocr_line' id='line_1_102' title="bbox 1123 2066 2070 2117; baseline 0.006 -15"><span class='ocrx_word' id='word_1_742' title='bbox 1123 2066 1215 2111; x_wconf 72' lang='lat' dir='ltr'>quod</span> <span class='ocrx_word' id='word_1_743' title='bbox 1234 2067 1496 2103; x_wconf 69' lang='lat' dir='ltr'>eiessiffimorum</span> <span class='ocrx_word' id='word_1_744' title='bbox 1509 2070 1654 2105; x_wconf 90' lang='lat' dir='ltr'>militum</span> <span class='ocrx_word' id='word_1_745' title='bbox 1678 2071 1845 2107; x_wconf 88' lang='lat' dir='ltr'>Robertus</span> <span class='ocrx_word' id='word_1_746' title='bbox 1867 2083 2070 2117; x_wconf 60' lang='lat' dir='ltr'>memoratus</span> 
     </span>
     <span class='ocr_line' id='line_1_103' title="bbox 1124 2116 2070 2167; baseline 0.005 -15"><span class='ocrx_word' id='word_1_747' title='bbox 1124 2117 1254 2162; x_wconf 80' lang='lat' dir='ltr'>copiam</span> <span class='ocrx_word' id='word_1_748' title='bbox 1282 2116 1422 2158; x_wconf 89' lang='lat' dir='ltr'>habens,</span> <span class='ocrx_word' id='word_1_749' title='bbox 1450 2119 1521 2154; x_wconf 72' lang='lat' dir='ltr'>vias</span> <span class='ocrx_word' id='word_1_750' title='bbox 1544 2131 1657 2155; x_wconf 82' lang='lat' dir='ltr'>eorum</span> <span class='ocrx_word' id='word_1_751' title='bbox 1675 2123 1871 2157; x_wconf 77' lang='lat' dir='ltr'>acutissimis</span> <span class='ocrx_word' id='word_1_752' title='bbox 1891 2123 1971 2167; x_wconf 88' lang='lat' dir='ltr'>sepit</span> <span class='ocrx_word' id='word_1_753' title='bbox 2002 2124 2070 2167; x_wconf 75' lang='lat' dir='ltr'>spi-1</span> 
     </span>
     <span class='ocr_line' id='line_1_104' title="bbox 1124 2168 2072 2218; baseline 0.008 -17"><span class='ocrx_word' id='word_1_754' title='bbox 1124 2169 1199 2208; x_wconf 88' lang='lat' dir='ltr'>nis,</span> <span class='ocrx_word' id='word_1_755' title='bbox 1224 2168 1258 2202; x_wconf 76' lang='grc' dir='ltr'>ἀ</span> <span class='ocrx_word' id='word_1_756' title='bbox 1279 2168 1402 2203; x_wconf 87' lang='lat' dir='ltr'>aculeis</span> <span class='ocrx_word' id='word_1_757' title='bbox 1422 2177 1514 2215; x_wconf 80' lang='lat' dir='ltr'>urget</span> <span class='ocrx_word' id='word_1_758' title='bbox 1535 2181 1639 2216; x_wconf 86' lang='lat' dir='ltr'>equos</span> <span class='ocrx_word' id='word_1_759' title='bbox 1662 2195 1674 2212; x_wconf 94' lang='lat'>,</span> <span class='ocrx_word' id='word_1_760' title='bbox 1701 2182 1737 2206; x_wconf 86' lang='lat' dir='ltr'>ut</span> <span class='ocrx_word' id='word_1_761' title='bbox 1756 2172 1875 2218; x_wconf 78' lang='lat' dir='ltr'>cadant</span> <span class='ocrx_word' id='word_1_762' title='bbox 1902 2173 2072 2209; x_wconf 82' lang='lat' dir='ltr'>adscenso-</span> 
     </span>
     <span class='ocr_line' id='line_1_105' title="bbox 1125 2219 2069 2269; baseline 0.004 -16"><span class='ocrx_word' id='word_1_763' title='bbox 1125 2228 1174 2253; x_wconf 86' lang='lat' dir='ltr'>res</span> <span class='ocrx_word' id='word_1_764' title='bbox 1193 2228 1307 2251; x_wconf 89' lang='lat' dir='ltr'>eorum</span> <span class='ocrx_word' id='word_1_765' title='bbox 1328 2219 1436 2260; x_wconf 76' lang='lat' dir='ltr'>retro,</span> <span class='ocrx_word' id='word_1_766' title='bbox 1463 2221 1553 2255; x_wconf 84' lang='lat' dir='ltr'>&amp;in</span> <span class='ocrx_word' id='word_1_767' title='bbox 1577 2222 1683 2269; x_wconf 82' lang='lat' dir='ltr'>ipsum</span> <span class='ocrx_word' id='word_1_768' title='bbox 1713 2223 1896 2258; x_wconf 84' lang='lat' dir='ltr'>exercitum</span> <span class='ocrx_word' id='word_1_769' title='bbox 1918 2223 2069 2264; x_wconf 74' lang='lat' dir='ltr'>crebras,</span> 
     </span>
     <span class='ocr_line' id='line_1_106' title="bbox 1125 2267 2069 2318; baseline 0.01 -18"><span class='ocrx_word' id='word_1_770' title='bbox 1125 2276 1161 2303; x_wconf 83' lang='lat' dir='ltr'>ut</span> <span class='ocrx_word' id='word_1_771' title='bbox 1181 2267 1386 2311; x_wconf 85' lang='lat' dir='ltr'>loquuntur,</span> <span class='ocrx_word' id='word_1_772' title='bbox 1414 2269 1721 2317; x_wconf 49' lang='lat' dir='ltr'>facit-aprione&amp;</span> <span class='ocrx_word' id='word_1_773' title='bbox 1751 2272 1948 2317; x_wconf 78' lang='lat' dir='ltr'>Adjiciunt,</span> <span class='ocrx_word' id='word_1_774' title='bbox 1976 2270 2069 2318; x_wconf 71' lang='lat' dir='ltr'>quod</span> 
     </span>
     <span class='ocr_line' id='line_1_107' title="bbox 1127 2316 2072 2369; baseline 0.006 -17"><span class='ocrx_word' id='word_1_775' title='bbox 1127 2316 1356 2362; x_wconf 75' lang='lat' dir='ltr'>potentissimis</span> <span class='ocrx_word' id='word_1_776' title='bbox 1377 2317 1558 2353; x_wconf 83' lang='lat' dir='ltr'>Britanniae</span> <span class='ocrx_word' id='word_1_777' title='bbox 1572 2322 1756 2363; x_wconf 78' lang='lat' dir='ltr'>proceribus</span> <span class='ocrx_word' id='word_1_778' title='bbox 1769 2347 1780 2363; x_wconf 94' lang='lat'>‚</span> <span class='ocrx_word' id='word_1_779' title='bbox 1806 2330 1949 2369; x_wconf 79' lang='lat' dir='ltr'>excepto</span> <span class='ocrx_word' id='word_1_780' title='bbox 1967 2323 2072 2359; x_wconf 86' lang='lat' dir='ltr'>comi-</span> 
     </span>
     <span class='ocr_line' id='line_1_108' title="bbox 1126 2367 2073 2409; baseline 0.007 -7"><span class='ocrx_word' id='word_1_781' title='bbox 1126 2378 1158 2402; x_wconf 80' lang='lat' dir='ltr'>te</span> <span class='ocrx_word' id='word_1_782' title='bbox 1177 2367 1317 2401; x_wconf 89' lang='lat' dir='ltr'>Ludone</span> <span class='ocrx_word' id='word_1_783' title='bbox 1331 2391 1343 2408; x_wconf 92' lang='lat'>,</span> <span class='ocrx_word' id='word_1_784' title='bbox 1369 2368 1611 2405; x_wconf 58' lang='lat' dir='ltr'>conminutas</span> <span class='ocrx_word' id='word_1_785' title='bbox 1623 2370 1669 2406; x_wconf 81' lang='lat' dir='ltr'>est</span> <span class='ocrx_word' id='word_1_786' title='bbox 1681 2371 1802 2407; x_wconf 86' lang='lat' dir='ltr'>foedere</span> <span class='ocrx_word' id='word_1_787' title='bbox 1812 2384 1947 2408; x_wconf 88' lang='lat' dir='ltr'>mutuo.</span> <span class='ocrx_word' id='word_1_788' title='bbox 1978 2372 2073 2409; x_wconf 87' lang='lat' dir='ltr'>Non-</span> 
     </span>
     <span class='ocr_line' id='line_1_109' title="bbox 1128 2416 2073 2467; baseline 0.005 -15"><span class='ocrx_word' id='word_1_789' title='bbox 1128 2428 1169 2452; x_wconf 88' lang='lat' dir='ltr'>ne</span> <span class='ocrx_word' id='word_1_790' title='bbox 1178 2417 1222 2451; x_wconf 86' lang='lat' dir='ltr'>fic</span> <span class='ocrx_word' id='word_1_791' title='bbox 1244 2416 1330 2451; x_wconf 89' lang='lat' dir='ltr'>ferus</span> <span class='ocrx_word' id='word_1_792' title='bbox 1351 2416 1521 2464; x_wconf 76' lang='lat' dir='ltr'>singularis</span> <span class='ocrx_word' id='word_1_793' title='bbox 1540 2419 1600 2455; x_wconf 71' lang='lat' dir='ltr'>‘aut</span> <span class='ocrx_word' id='word_1_794' title='bbox 1623 2422 1778 2467; x_wconf 79' lang='lat' dir='ltr'>singulari</span> <span class='ocrx_word' id='word_1_795' title='bbox 1800 2424 1971 2466; x_wconf 78' lang='lat' dir='ltr'>proximus</span> <span class='ocrx_word' id='word_1_796' title='bbox 1982 2434 2073 2467; x_wconf 89' lang='lat' dir='ltr'>aper,</span> 
     </span>
     <span class='ocr_line' id='line_1_110' title="bbox 1127 2465 2070 2516; baseline 0.005 -15"><span class='ocrx_word' id='word_1_797' title='bbox 1127 2467 1183 2514; x_wconf 86' lang='lat' dir='ltr'>qui</span> <span class='ocrx_word' id='word_1_798' title='bbox 1207 2465 1390 2511; x_wconf 80' lang='lat' dir='ltr'>depascitur</span> <span class='ocrx_word' id='word_1_799' title='bbox 1407 2493 1419 2510; x_wconf 95' lang='lat'>,</span> <span class='ocrx_word' id='word_1_800' title='bbox 1465 2470 1500 2504; x_wconf 75' lang='grc' dir='ltr'>ἀ</span> <span class='ocrx_word' id='word_1_801' title='bbox 1524 2471 1700 2505; x_wconf 85' lang='lat' dir='ltr'>conculcat</span> <span class='ocrx_word' id='word_1_802' title='bbox 1724 2471 1862 2505; x_wconf 75' lang='lat' dir='ltr'>vineam:</span> <span class='ocrx_word' id='word_1_803' title='bbox 1884 2470 2029 2516; x_wconf 72' lang='lat' dir='ltr'>vDomini</span> <span class='ocrx_word' id='word_1_804' title='bbox 2057 2496 2070 2513; x_wconf 91' lang='lat'>,</span> 
     </span>
     <span class='ocr_line' id='line_1_111' title="bbox 1127 2516 2071 2565; baseline 0.004 -12"><span class='ocrx_word' id='word_1_805' title='bbox 1127 2516 1273 2553; x_wconf 88' lang='lat' dir='ltr'>cohiberi</span> <span class='ocrx_word' id='word_1_806' title='bbox 1291 2519 1419 2562; x_wconf 66' lang='lat' dir='ltr'>‘poterit</span> <span class='ocrx_word' id='word_1_807' title='bbox 1442 2544 1447 2553; x_wconf 90' lang='lat'><strong>.</strong></span> <span class='ocrx_word' id='word_1_808' title='bbox 1484 2519 1519 2554; x_wconf 73' lang='grc' dir='ltr'>δε</span> <span class='ocrx_word' id='word_1_809' title='bbox 1542 2520 1706 2555; x_wconf 80' lang='lat' dir='ltr'>infraenari</span> <span class='ocrx_word' id='word_1_810' title='bbox 1732 2520 1747 2552; x_wconf 69' lang='grc' dir='ltr'><strong><em>ἓ</em></strong></span> <span class='ocrx_word' id='word_1_811' title='bbox 1774 2520 1849 2565; x_wconf 87' lang='lat' dir='ltr'>Ego</span> <span class='ocrx_word' id='word_1_812' title='bbox 1868 2522 2003 2565; x_wconf 87' lang='lat' dir='ltr'>quidem</span> <span class='ocrx_word' id='word_1_813' title='bbox 2026 2522 2071 2557; x_wconf 84' lang='lat' dir='ltr'>sic</span> 
     </span>
     <span class='ocr_line' id='line_1_112' title="bbox 1128 2567 2069 2616; baseline 0.005 -14"><span class='ocrx_word' id='word_1_814' title='bbox 1128 2568 1219 2603; x_wconf 84' lang='lat' dir='ltr'>illa&#39;m</span> <span class='ocrx_word' id='word_1_815' title='bbox 1229 2567 1647 2612; x_wconf 65' lang='lat' dir='ltr'>interpretorpropheriam</span> <span class='ocrx_word' id='word_1_816' title='bbox 1655 2594 1668 2611; x_wconf 92' lang='lat'>,</span> <span class='ocrx_word' id='word_1_817' title='bbox 1694 2571 1900 2613; x_wconf 60' lang='lat' dir='ltr'>exspes-iaus,</span> <span class='ocrx_word' id='word_1_818' title='bbox 1914 2581 1950 2606; x_wconf 91' lang='lat' dir='ltr'>ut</span> <span class='ocrx_word' id='word_1_819' title='bbox 1963 2572 2069 2616; x_wconf 85' lang='lat' dir='ltr'>Aqui·</span> 
     </span>
     <span class='ocr_line' id='line_1_113' title="bbox 1127 2618 2069 2662; baseline 0.005 -10"><span class='ocrx_word' id='word_1_820' title='bbox 1127 2619 1156 2653; x_wconf 83' lang='lat' dir='ltr'>la</span> <span class='ocrx_word' id='word_1_821' title='bbox 1168 2642 1180 2660; x_wconf 93' lang='lat'>,</span> <span class='ocrx_word' id='word_1_822' title='bbox 1206 2629 1414 2662; x_wconf 89' lang='lat' dir='ltr'>quacumque</span> <span class='ocrx_word' id='word_1_823' title='bbox 1433 2618 1668 2654; x_wconf 88' lang='lat' dir='ltr'>subornatione</span> <span class='ocrx_word' id='word_1_824' title='bbox 1687 2620 1979 2656; x_wconf 79' lang='lat' dir='ltr'>incommoditates</span> <span class='ocrx_word' id='word_1_825' title='bbox 1992 2622 2069 2657; x_wconf 84' lang='lat' dir='ltr'>istas</span> 
     </span>
     <span class='ocr_line' id='line_1_114' title="bbox 1126 2667 2071 2717; baseline 0.004 -14"><span class='ocrx_word' id='word_1_826' title='bbox 1126 2669 1271 2703; x_wconf 87' lang='lat' dir='ltr'>inauret:</span> <span class='ocrx_word' id='word_1_827' title='bbox 1300 2669 1359 2702; x_wconf 88' lang='lat' dir='ltr'>nisi</span> <span class='ocrx_word' id='word_1_828' title='bbox 1370 2667 1454 2702; x_wconf 70' lang='lat' dir='ltr'>forte</span> <span class='ocrx_word' id='word_1_829' title='bbox 1467 2668 1656 2704; x_wconf 86' lang='lat' dir='ltr'>Alexander</span> <span class='ocrx_word' id='word_1_830' title='bbox 1675 2670 1785 2704; x_wconf 81' lang='lat' dir='ltr'>noster</span> <span class='ocrx_word' id='word_1_831' title='bbox 1797 2670 1937 2706; x_wconf 89' lang='lat' dir='ltr'>Merlini</span> <span class='ocrx_word' id='word_1_832' title='bbox 1948 2680 2071 2717; x_wconf 80' lang='lat' dir='ltr'>cogna-</span> 
     </span>
     <span class='ocr_line' id='line_1_115' title="bbox 1125 2718 2069 2764; baseline 0.002 -10"><span class='ocrx_word' id='word_1_833' title='bbox 1125 2729 1196 2760; x_wconf 84' lang='lat' dir='ltr'>tus,</span> <span class='ocrx_word' id='word_1_834' title='bbox 1221 2719 1474 2753; x_wconf 75' lang='lat' dir='ltr'>&amp;oraculorum</span> <span class='ocrx_word' id='word_1_835' title='bbox 1485 2718 1724 2764; x_wconf 85' lang='lat' dir='ltr'>ejusinterpres</span> <span class='ocrx_word' id='word_1_836' title='bbox 1738 2720 1950 2764; x_wconf 86' lang='lat' dir='ltr'>prudentior,</span> <span class='ocrx_word' id='word_1_837' title='bbox 1976 2721 2069 2757; x_wconf 69' lang='lat' dir='ltr'>atiud</span> 
     </span>
     <span class='ocr_line' id='line_1_116' title="bbox 1126 2767 2071 2816; baseline 0.006 -15"><span class='ocrx_word' id='word_1_838' title='bbox 1126 2770 1240 2805; x_wconf 80' lang='lat' dir='ltr'>sentiat</span> <span class='ocrx_word' id='word_1_839' title='bbox 1254 2791 1261 2799; x_wconf 92' lang='lat'><strong>.</strong></span> <span class='ocrx_word' id='word_1_840' title='bbox 1301 2769 1354 2801; x_wconf 90' lang='lat' dir='ltr'>De</span> <span class='ocrx_word' id='word_1_841' title='bbox 1378 2767 1428 2803; x_wconf 89' lang='lat' dir='ltr'>his</span> <span class='ocrx_word' id='word_1_842' title='bbox 1451 2768 1608 2804; x_wconf 65' lang='lat' dir='ltr'>haetenus</span> <span class='ocrx_word' id='word_1_843' title='bbox 1631 2796 1640 2802; x_wconf 87' lang='grc'><strong>.</strong></span> <span class='ocrx_word' id='word_1_844' title='bbox 1671 2770 1728 2806; x_wconf 87' lang='lat' dir='ltr'>De</span> <span class='ocrx_word' id='word_1_845' title='bbox 1748 2780 1863 2806; x_wconf 83' lang='lat' dir='ltr'>caetero</span> <span class='ocrx_word' id='word_1_846' title='bbox 1884 2780 2071 2816; x_wconf 83' lang='lat' dir='ltr'>pergratum</span> 
     </span>
     <span class='ocr_line' id='line_1_117' title="bbox 1125 2817 2068 2867; baseline 0.002 -13"><span class='ocrx_word' id='word_1_847' title='bbox 1125 2818 1207 2854; x_wconf 90' lang='lat' dir='ltr'>mihi</span> <span class='ocrx_word' id='word_1_848' title='bbox 1224 2817 1384 2860; x_wconf 70' lang='lat' dir='ltr'>feceritis,</span> <span class='ocrx_word' id='word_1_849' title='bbox 1409 2819 1429 2852; x_wconf 89' lang='lat' dir='ltr'>si</span> <span class='ocrx_word' id='word_1_850' title='bbox 1442 2819 1596 2855; x_wconf 88' lang='lat' dir='ltr'>Domino</span> <span class='ocrx_word' id='word_1_851' title='bbox 1610 2820 1824 2867; x_wconf 88' lang='lat' dir='ltr'>Lugdunensi</span> <span class='ocrx_word' id='word_1_852' title='bbox 1837 2845 1847 2860; x_wconf 92' lang='lat'>‚</span> <span class='ocrx_word' id='word_1_853' title='bbox 1871 2832 1968 2866; x_wconf 87' lang='lat' dir='ltr'>quem</span> <span class='ocrx_word' id='word_1_854' title='bbox 1981 2821 2068 2866; x_wconf 80' lang='lat' dir='ltr'>apud</span> 
     </span>
     <span class='ocr_line' id='line_1_118' title="bbox 1126 2868 2071 2914; baseline 0.003 -10"><span class='ocrx_word' id='word_1_855' title='bbox 1126 2881 1183 2904; x_wconf 85' lang='lat' dir='ltr'>vos</span> <span class='ocrx_word' id='word_1_856' title='bbox 1199 2868 1265 2905; x_wconf 75' lang='lat' dir='ltr'>effe</span> <span class='ocrx_word' id='word_1_857' title='bbox 1284 2868 1406 2910; x_wconf 79' lang='lat' dir='ltr'>audio,</span> <span class='ocrx_word' id='word_1_858' title='bbox 1434 2870 1468 2904; x_wconf 67' lang='grc' dir='ltr'><strong>ἃ</strong></span> <span class='ocrx_word' id='word_1_859' title='bbox 1490 2869 1667 2914; x_wconf 78' lang='lat' dir='ltr'>plurimum</span> <span class='ocrx_word' id='word_1_860' title='bbox 1689 2870 1797 2907; x_wconf 88' lang='lat' dir='ltr'>videre</span> <span class='ocrx_word' id='word_1_861' title='bbox 1821 2872 1986 2913; x_wconf 87' lang='lat' dir='ltr'>desidero,</span> <span class='ocrx_word' id='word_1_862' title='bbox 2011 2883 2071 2907; x_wconf 90' lang='lat' dir='ltr'>no·</span> 
     </span>
     <span class='ocr_line' id='line_1_119' title="bbox 1125 2916 2068 2967; baseline 0.002 -12"><span class='ocrx_word' id='word_1_863' title='bbox 1125 2916 1214 2955; x_wconf 80' lang='lat' dir='ltr'>min‘e</span> <span class='ocrx_word' id='word_1_864' title='bbox 1233 2929 1307 2952; x_wconf 91' lang='lat' dir='ltr'>meo</span> <span class='ocrx_word' id='word_1_865' title='bbox 1328 2919 1454 2954; x_wconf 86' lang='lat' dir='ltr'>fueritis</span> <span class='ocrx_word' id='word_1_866' title='bbox 1480 2922 1659 2965; x_wconf 85' lang='lat' dir='ltr'>gratulati,</span> <span class='ocrx_word' id='word_1_867' title='bbox 1684 2923 1801 2967; x_wconf 72' lang='lat' dir='ltr'>&amp;quat</span> <span class='ocrx_word' id='word_1_868' title='bbox 1811 2923 1897 2960; x_wconf 86' lang='lat' dir='ltr'>circa</span> <span class='ocrx_word' id='word_1_869' title='bbox 1920 2928 1979 2959; x_wconf 80' lang='lat' dir='ltr'>vos</span> <span class='ocrx_word' id='word_1_870' title='bbox 1991 2922 2068 2958; x_wconf 87' lang='lat' dir='ltr'>sunt</span> 
     </span>
     <span class='ocr_line' id='line_1_120' title="bbox 1123 2969 1561 3017; baseline 0.005 -13"><span class='ocrx_word' id='word_1_871' title='bbox 1123 2969 1302 3017; x_wconf 87' lang='lat' dir='ltr'>diligenter</span> <span class='ocrx_word' id='word_1_872' title='bbox 1323 2969 1561 3015; x_wconf 86' lang='lat' dir='ltr'>rescripseritis.</span> 
     </span>
    </p>
   </div>
   <div class='ocr_carea' id='block_1_19' title="bbox 126 3467 1124 3517">
    <p class='ocr_par' dir='ltr' id='par_1_20' title="bbox 126 3467 1124 3517">
     <span class='ocr_line' id='line_1_121' title="bbox 126 3467 1124 3517; baseline 0.002 -14"><span class='ocrx_word' id='word_1_873' title='bbox 126 3470 286 3513; x_wconf 65' lang='lat' dir='ltr'>fiaturos,</span> <span class='ocrx_word' id='word_1_874' title='bbox 310 3467 454 3505; x_wconf 81' lang='lat' dir='ltr'>aut-alia</span> <span class='ocrx_word' id='word_1_875' title='bbox 473 3469 678 3505; x_wconf 76' lang='lat' dir='ltr'>evocationis</span> <span class='ocrx_word' id='word_1_876' title='bbox 699 3482 813 3508; x_wconf 81' lang='lat' dir='ltr'>eorum</span> <span class='ocrx_word' id='word_1_877' title='bbox 836 3473 932 3509; x_wconf 85' lang='lat' dir='ltr'>causa</span> <span class='ocrx_word' id='word_1_878' title='bbox 945 3482 1059 3517; x_wconf 84' lang='lat' dir='ltr'>propo·</span> <span class='ocrx_word' id='word_1_879' title='bbox 1121 3480 1124 3482; x_wconf 83' lang='lat'>·</span> 
     </span>
    </p>
   </div>
   <div class='ocr_carea' id='block_1_20' title="bbox 1915 3515 2031 3554">
    <p class='ocr_par' dir='ltr' id='par_1_21' title="bbox 1915 3515 2031 3554">
     <span class='ocr_line' id='line_1_122' title="bbox 1915 3515 2031 3554; baseline 0.017 -2"><span class='ocrx_word' id='word_1_880' title='bbox 1915 3515 2031 3554; x_wconf 79' lang='lat' dir='ltr'><strong>EPI-</strong></span> 
     </span>
    </p>
   </div>
  </div>
 </body>
</html>
