2358 3776
374 147 409 184 6

263 220 320 264 qui
331 150 435 255 fient
448 213 621 250 vocatione
632 214 844 255 uoviffimus,
870 214 969 248 sacius
988 213 1032 247 est
1057 213 1144 248 Patri
1156 212 1202 247 di·

264 271 402 317 gnitatis
415 270 489 311 ioco
507 266 693 310 proximior
710 290 722 310 ‚
747 266 813 311 jam
836 264 872 300 in
892 264 1092 313 Episcopum
1113 264 1202 299 Rof-

263 321 384 357 scnsem
407 319 601 360 assumptus,

358 414 756 453 RADULPHUS
781 413 870 449 ‘DE
895 413 1100 450 SERRA.

305 461 428 503 POST
439 465 528 501 hunc
541 477 606 500 erat
622 463 816 508 Radulphus
825 474 1050 510 cognomento
1071 464 1113 500 de
1131 465 1199 499 Ser-

254 528 289 553 ra
302 540 318 557 „
332 519 472 554 *natione
483 516 636 560 Anglus‘,
649 516 697 549 vir
716 515 806 549 mitis
823 540 834 556 ‚
862 516 1070 556 mansuetus,
1095 516 1128 549 &
1152 517 1198 550 so-

252 568 363 602 cialis.
386 566 508 615 Qi&
535 564 675 600 necdum
700 566 880 610 Episcopus
904 566 977 599 vitae
1000 576 1109 599 tamen
1132 565 1197 599 san-

251 618 362 654 &itate
384 617 417 650 &
439 615 578 660 scientia:
601 616 723 650 meritis
748 614 946 659 adimplebat
981 615 1197 659 Episcopum.

257 667 369 711 Hujus
390 675 519 712 propter
532 664 848 710 Archi-Episcopum
860 665 1097 709 obstupuerunt
1121 666 1197 700 den-

252 727 322 758 tes,
348 727 425 752 cnm
446 727 554 750 tamen
581 724 657 750 cum
681 728 723 750 eo
746 726 841 749 uvam
855 715 1000 750 acerbam
1014 727 1081 749 non
1091 727 1195 750 come-

250 766 341 801 deret
354 791 362 799 .
389 767 477 801 Cum
489 767 579 800 enim
589 777 646 800 nec
672 765 713 799 de
724 764 849 806 domo,
876 774 937 800 nec
948 765 989 800 de
997 765 1198 800 Archi-Prae,

251 815 423 854 suliseffet
448 816 597 858 familia,
626 825 754 859 propter
777 814 1066 851 Archi-Praesulem
1087 826 1195 851 tamen

249 867 362 901 nescio
373 867 418 900 ob
430 878 498 909 qua:
507 867 584 900 odia
600 866 649 900 vel
673 865 891 908 suspiciones,
917 877 995 900 cum
1010 865 1196 910 parentibus

249 917 313 951 suis
333 940 356 956 ,Α
373 917 543 960 sepultura:
564 916 666 960 magis
689 926 787 958 quam
814 915 916 950 exilio
943 917 1028 960 aptis
1060 917 1094 950 in
1131 917 1195 950 exi-

247 966 330 1000 lium
343 965 389 1001 est
402 965 605 1001 deturbatus.
633 966 704 999 Hic
716 968 844 1000 cursum
855 977 931 1001 cum
945 966 1042 1001 Patre
1068 966 1195 1000 fortites

244 1015 290 1051 ἀ·
303 1015 444 1053 fideliter
466 1015 707 1051 consummavit
719 1041 729 1056 ‚
758 1016 827 1059 post
851 1015 923 1058 ejus
942 1016 1142 1059 Martyrium
1159 1017 1192 1049 in

252 1074 332 1098 terra
345 1065 438 1101 exilii
449 1065 494 1099 ob
507 1067 652 1108 praeclara
666 1065 762 1110 ipsius
774 1066 890 1102 metita
903 1065 1074 1101 Remenfis
1084 1066 1193 1101 Eccle-

250 1114 298 1150 fiae
308 1115 463 1149 Decanus
476 1115 576 1150 fastus
587 1131 597 1148 >.

273 1213 595 1258 JoRDANUs
631 1216 709 1251 DE
746 1183 1167 1254 MELEBIJRNA.

296 1315 419 1352 POST
440 1314 529 1350 hunc
552 1325 619 1352 erat
638 1316 799 1361 Jordanus
819 1341 829 1357 ,
857 1318 909 1351 vel
936 1327 971 1352 ut
994 1317 1051 1352 aiii
1082 1321 1189 1352 nomi-

243 1376 324 1399 nant
335 1391 348 1406 ,
375 1366 565 1402 Hordianus
578 1393 587 1408 ,
616 1378 842 1411 cognomento
853 1368 894 1402 de
907 1367 1101 1403 Meleburna
1115 1394 1124 1409 ‚
1138 1380 1189 1402 na·

242 1415 340 1449 tione
353 1417 486 1461 Anglu's
496 1442 506 1458 ‚
533 1428 612 1452 tunc
623 1417 1070 1453 cicestrenfisArchi-Levica
1081 1443 1091 1459 ‚
1115 1419 1191 1461 ejus-

240 1465 318 1499 dem
330 1467 476 1500 Ecclefiae
488 1468 595 1509 postea
622 1467 767 1502 decanus
778 1493 788 1507 ,
815 1469 865 1502 vir
879 1480 936 1512 pro
949 1479 1039 1503 aetate
1050 1470 1084 1503 &
1105 1478 1187 1503 tem-

243 1525 341 1557 pore,
370 1527 436 1558 quo
447 1517 563 1549 litteris
572 1528 705 1560 operam
716 1518 851 1552 dederat
864 1542 876 1557 ‚
905 1530 973 1552 non
989 1518 1188 1553 mediocrem

238 1564 404 1598 seientiam
416 1563 589 1598 affecutus.
621 1565 745 1599 Verum
759 1568 835 1609 quia
849 1566 961 1601 villam
973 1569 1053 1605 emit
1069 1592 1080 1608 ,
1094 1579 1190 1603 excu-

239 1614 318 1647 savit
331 1614 383 1653 se,
409 1614 442 1647 ὅ(
457 1613 584 1647 Patrem
598 1616 858 1659 peregrinantem
880 1628 948 1651 non
971 1617 1017 1652 est
1041 1618 1185 1654 secutus.

287 1701 667 1750 MATTHAEUS
692 1713 1163 1749 cicsssTRENsrs.

284 1811 412 1849 'POST
432 1812 521 1848 hunc
543 1812 744 1852 Matthaeus,
765 1813 903 1849 natione
925 1813 1080 1860 Augias,
1107 1813 1187 1849 ficut

240 1866 393 1905 natione,
422 1865 670 1908 &cognomine
694 1865 922 1905 cicestrensis,
948 1865 1076 1907 juvenis
1093 1865 1188 1910 inge·
1223 1901 1227 1907 ,

240 1914 298 1948 nio
321 1927 391 1949 acer
404 1939 414 1955 ‚
429 1914 549 1957 probus
562 1939 573 1954 ‚
599 1915 631 1949 ἀ
643 1913 820 1948 industrius
833 1939 844 1954 ,
869 1915 925 1959 qui
939 1915 1014 1949 cum
1025 1914 1088 1959 jam
1099 1925 1187 1950 com·

237 1964 337 1999 mode
357 1965 537 2008 profecisset
562 1966 596 1998 in
622 1965 760 2003 litteris,
785 1965 959 1999 Curiarum
983 1965 1018 2000 dt
1038 1974 1188 2000 curarum

236 2015 435 2049 saecularium
461 2013 597 2048 nexibus
621 2015 766 2048 alitteris
778 2015 926 2049 retrastus
938 2014 984 2048 est
997 2038 1004 2046 .
1031 2014 1188 2055 Postmo-

241 2064 319 2097 dum
332 2063 539 2097 Cicestrenfis
552 2063 709 2097 Decanus
721 2066 823 2099 fastus
832 2089 840 2097 .
866 2064 937 2098 Hic
948 2062 1027 2097 ver&
1037 2064 1115 2108 quia
1128 2065 1187 2098 mi·
1225 2084 1227 2088 ι

239 2112 330 2149 nime
344 2123 489 2153 vocatus,
500 2112 626 2147 Patrem
640 2115 899 2160 peregrinantem
912 2116 1039 2149 secutus
1049 2124 1118 2149 non
1130 2114 1186 2150 est.
1226 2121 1229 2125 “

282 2210 638 2249 GERVASIUS
663 2213 1138 2250 CICESTRENSIS.

290 2312 414 2347 POST
435 2312 525 2347 hunc
538 2314 728 2355 Gervafius,
753 2312 898 2348 fimiliter
920 2314 1187 2366 ficuttnatione,

239 2363 276 2396 δε
291 2364 497 2407 cognomine
520 2363 722 2398 Cicestrenfis
734 2389 745 2405 ,
770 2364 896 2407 juvenis
917 2364 1003 2399 certe
1013 2375 1093 2398 tunc
1106 2364 1186 2398 ficut

239 2413 275 2447 in
298 2413 463 2453 moribus,
487 2414 522 2447 dt
537 2414 572 2447 in
594 2415 775 2449 litterarum
789 2414 924 2449 scientia
937 2414 1185 2449 commendabi-

238 2462 295 2497 lis.
325 2462 449 2497 Verum
462 2474 522 2498 nec
538 2463 621 2505 isse,
647 2474 723 2499 cum
744 2475 818 2500 nec‘
829 2475 1025 2506 vocaretur,
1050 2463 1185 2511 patriam

238 2514 377 2557 egreffus
391 2513 435 2548 est
451 2536 458 2545 .

284 2612 566 2656 JoANNEs
590 2599 1150 2654 TALEth-:iunums

275 2710 413 2746 -POST
434 2708 523 2745 hunc
538 2712 678 2755 Joannes
689 2724 915 2758 cognomento
927 2712 967 2748 de
979 2714 1185 2754 Talesberia,

240 2762 377 2796 natione
401 2760 532 2806 Anglus
554 2787 565 2803 ,
603 2764 654 2797 vir
687 2762 809 2797 habens
833 2764 972 2797 multum
997 2766 1132 2809 pesteris
1153 2766 1186 2799 &

240 2812 382 2846 multum
405 2810 564 2852 honoris,
592 2814 648 2856 qui
671 2823 837 2858 tamquam
851 2814 950 2848 scriba
973 2815 1186 2851 doetussswe-

243 2862 302 2897 lox
328 2872 408 2895 mox
424 2859 499 2895 cum
519 2863 645 2897 necesse
658 2888 667 2903 ‚
693 2862 735 2897 de
756 2862 865 2897 cordis
877 2865 924 2898 sui
935 2863 1085 2901 thesauro
1099 2877 1185 2899 nova

240 2912 391 2945 &vetera
405 2910 600 2954 proferebat.
629 2913 754 2947 Verum
767 2912 834 2956 ipse
847 2925 981 2957 corpore
991 2916 1056 2958 jam
1081 2917 1187 2962 gravis

242 2962 278 2997 ἀ
298 2961 438 2995 annosus
461 2984 472 3001 ‚
498 2962 587 3006 quod
612 2962 742 2997 Patrem
776 2963 906 3012 peregre
930 2966 1185 3010 proficiscentem

244 3011 367 3046 nonest
392 3011 544 3053 secutus,
570 3015 756 3060 excusatur.

364 3110 695 3148 PHILIPPUS
720 3113 798 3147 DE
822 3111 1067 3150 CAUNE.

295 3209 418 3244 POST
439 3209 528 3246 hunc
550 3211 723 3257 Philippus
744 3224 970 3260 cognomento
992 3213 1033 3249 de
1057 3214 1169 3248 Caune
1182 3238 1191 3254 ‚

249 3261 384 3296 natione
408 3260 539 3306 Anglus
553 3288 563 3303 ,
591 3264 641 3297 vir
653 3264 731 3297 levis
750 3265 785 3298 ὅ(
797 3264 931 3307 simplex
947 3265 1025 3308 ,qui
1043 3264 1192 3308 corporis

247 3308 282 3342 ὅ(
307 3311 424 3344 mentis
445 3312 529 3346 vires
553 3313 587 3346 in
598 3312 735 3347 humani
750 3314 830 3358 juris
841 3314 946 3348 studio
956 3315 1020 3358 jam
1038 3312 1193 3349 exhause-

250 3367 321 3397 rat,
346 3359 485 3399 primum
509 3361 637 3397 Patrem
661 3365 753 3398 suum
768 3365 1027 3409 peregrinantem
1049 3365 1192 3399 secutus.

250 3406 313 3446 Sed
334 3407 409 3463 cum
421 3409 595 3453 aliquantis
606 3415 676 3458 post
690 3415 901 3459 supposuisset
926 3414 1079 3450 humeros
1100 3415 1192 3455 sum,

250 3455 304 3492 {ed
326 3457 464 3494 minime
487 3459 640 3499 sufficeret
662 3474 755 3500 tanto
768 3474 935 3510 tempore,
962 3465 1002 3500 ad
1026 3475 1109 3501 onus
1123 3475 1194 3509 pau·

898 144 900 146 ’
938 132 986 177 D
1019 132 1059 176 E
1126 128 1175 179 G
1213 124 1250 178 E
1285 133 1311 181 S
1342 131 1400 182 T·
1421 136 1444 183 1
1476 136 1501 181 S

1246 217 1390 259 *portatis
1403 215 1599 260 portandum
1619 241 1630 258 ,
1643 244 1645 246 v
1659 216 1742 251 vidit
1757 215 1902 260 requiem
1911 219 2000 262 quod
2009 223 2086 257 effet
2094 222 2202 264 bona,

1260 267 1505 310 &repatriavit,
1535 267 1621 311 prius
1630 272 1885 311 tamen-paterna
1906 262 2038 307 lieentia
2057 271 2200 308 &bene-

1260 315 1402 354 distione
1421 327 1553 365 accepta
1569 337 1585 352 .’

1318 416 1656 453 HEREVEUS
1681 418 1755 452 DE
1782 417 2131 454 LONDONIA.

1310 464 1431 501 POST
1455 467 1542 502 hunc
1562 468 1731 503 Hei-eveus
1753 471 1977 512 cognomento
1999 469 2041 504 de
2063 470 2199 507 Londo-

1260 514 1313 548 nia
1324 537 1337 568 ,¹
1360 517 1487 552 unde&
1497 517 1654 553 oriundus
1665 544 1672 552 .
1698 518 1768 553 Hic
1781 519 1936 553 mutuatis
1949 518 2026 554 valis
2047 521 2151 556 aureis
2163 520 2198 556 ὅ(

1259 567 1416 610 argenteis
1428 566 1476 601 ,ab
1497 568 1671 613 AEgyptiis
1682 593 1694 610 ,
1721 568 1755 603 in
1777 562 1911 603 <diseno
1933 580 2053 604 manna
2066 570 2198 606 saturari

1259 615 1392 658 optabat
1401 642 1410 651 .
1442 618 1503 652 Sed
1515 619 1556 652 ab
1569 618 1846 660 Archi-Pafum,
1868 615 1909 653 ad
1922 618 2040 655 Virum
2052 618 2197 664 Aposto-

1259 665 1360 699 licum
1376 665 1488 702 missus
1498 667 1603 703 obiter
1625 677 1731 703 morte
1741 678 1923 713 pai-ventus
1932 668 1978 703 est
1990 694 1998 702 .
2130 681 2135 686 ’

1258 764 1688 804 HUN'I’HERIUS
1723 768 1799 804 DE
1847 768 2197 806 WINDONIA.

1306 865 1428 900 POST
1446 864 1535 902 hune
1547 867 1754 904 Huntherius
1766 878 1994 915 cognomento
2003 871 2045 907 de
2055 873 2195 908 Windo·

1258 914 1334 956 nia,
1362 917 1492 952 unde&
1505 918 1682 959 oriundus,
1704 918 1807 954 homo
1826 920 1982 964 fimplex,
2008 925 2133 966 τείως,
2156 924 2198 959 ti-

1257 976 1401 1000 moratus
1410 992 1422 1007 ,
1447 966 1480 1000 δε
1494 968 1560 1002 fine
1571 968 1697 1011 querela
1711 994 1718 1001 .
1747 968 1812 1002 Cui
1831 970 1922 1013 quod
1939 971 2044 1007 defuit
2055 974 2089 1007 in
2100 972 2202 1008 scien·

1256 1015 1323 1056 tia,
1349 1017 1556 1052 commodius
1566 1019 1620 1062 ipsi
1632 1016 1765 1062 desuper
1785 1017 1831 1053 est
1859 1020 2040 1065 suppletum
2063 1023 2099 1057 in
2111 1021 2200 1064 vita,

1234 1064 1235 1069 ’
1255 1066 1332 1109 ipso,
1348 1064 1592 1107 cum-zachaeo,
1620 1068 1738 1102 statura
1760 1065 1894 1111 pusillo,
1925 1070 2016 1114 supet
2036 1073 2197 1115 sycomo-

1254 1124 1327 1164 rum
1341 1116 1537 1150 ascendente
1549 1141 1559 1156 ‚
1586 1128 1621 1153 ut
1644 1118 1696 1150 vel
1718 1117 1761 1152 fic
1772 1119 1990 1153 transeuntem
2013 1122 2136 1157 videret
2147 1123 2199 1167 Je-

1256 1165 1350 1200 sum.
1379 1165 1450 1200 Hic
1472 1177 1548 1200 cum
1571 1166 1735 1212 Magistro
1758 1168 2043 1207 intentationibus
2053 1166 2198 1218 usquein

1255 1216 1353 1253 finem
1373 1214 1510 1251 fideliter
1521 1217 1692 1260 permansit
1712 1217 1748 1255 ἀ
1765 1219 1971 1255 constanter.

1379 1313 1753 1371 ALEXANDER
1793 1317 2053 1359 cunum.

1302 1413 1434 1453 POST.
1453 1415 1544 1453 hune
1561 1417 1745 1454 Alexander
1765 1419 1878 1465 lingua
1899 1428 2031 1466 paterna
2053 1433 2098 1458 vo
2110 1433 2204 1461 catus

1257 1465 1376 1502 Cuelin
1393 1492 1405 1509 ,
1431 1469 1512 1503 ficut
1533 1471 1685 1511 natione,
1711 1471 1985 1516 &cognomento
2007 1473 2175 1510 Gualenfis
2188 1499 2203 1516 ,

1252 1516 1382 1552 edoctus
1402 1518 1535 1562 quidem
1552 1520 1586 1552 in
1609 1520 1746 1561 litteris,
1771 1520 1933 1564 jocundus
1955 1521 1989 1555 in
2015 1523 2137 1566 verbis,
2163 1525 2200 1560 ec

1252 1566 1287 1600 in
1308 1567 1414 1602 verbis
1435 1568 1588 1612 jocundis
1607 1570 1743 1610 multis,
1768 1570 1859 1614 cujus
1870 1581 1980 1606 tamen
2006 1583 2076 1607 non
2087 1574 2198 1609 omnis

1252 1616 1353 1651 virtus
1374 1617 1407 1650 in
1430 1629 1486 1651 ore
1509 1618 1604 1661 ipsius
1625 1631 1632 1650 ε
1660 1619 1739 1652 dum
1753 1620 1866 1661 potius
1886 1622 1967 1655 ficut
1988 1621 2048 1656 nec
2062 1622 2174 1668 lingua
2187 1648 2200 1667 ‚

1251 1678 1311 1700 nec
1321 1667 1351 1700 ei
1363 1667 1465 1701 defuit
1478 1677 1607 1702 manus.
1639 1666 1725 1701 Cum
1744 1667 1839 1702 Patre
1851 1668 1885 1702 δε
1910 1680 1969 1712 pro
1986 1669 2084 1705 Patre
2111 1683 2201 1708 nunc

1250 1716 1419 1748 ultroneus
1436 1738 1448 1753 ,
1475 1727 1562 1748 nunc
1582 1717 1681 1757 jussus
1704 1740 1715 1755 ,
1743 1727 1830 1749 nunc
1863 1717 1940 1750 vero
1979 1719 2091 1754 missus
2116 1722 2201 1757 inter

1251 1763 1353 1796 multa
1375 1763 1537 1805 pericula.
1565 1762 1659 1796 caute
1681 1764 1813 1804 quidem
1835 1765 1869 1803 <St
1889 1765 2040 1807 fortiter,
2067 1770 2200 1805 &con-

1250 1812 1369 1846 stanter
1392 1811 1425 1845 δε
1443 1812 1534 1855 quod
1555 1812 1589 1846 in
1602 1812 1737 1847 natione
1746 1812 1801 1848 illa
1818 1813 1911 1849 valde
1922 1817 2100 1858 pretiosum
2127 1821 2173 1854 'est
2189 1843 2201 1862 ‚

1250 1863 1330 1896 ficut
1347 1871 1482 1905 operans
1495 1885 1507 1902 ,
1532 1861 1577 1896 ita
1600 1863 1723 1908 semper
1742 1863 1776 1901 ὅς
1787 1863 1909 1911 ubique
1924 1865 2077 1903 Domino
2090 1869 2148 1905 suo
2164 1870 2202 1904 fi-

1249 1912 1326 1948 dem
1350 1911 1498 1947 servans.
1527 1950 1537 1965 s

1250 2011 1640 2050 ROTHALDUS
1678 2016 1753 2051 ET
1789 2014 1867 2050 HA
1884 2016 2028 2054 RlAL
2045 2020 2190 2062 Dus,

1516 2083 1517 2086 =
1547 2064 1577 2099 L
1590 2065 1624 2099 Ο
1635 2064 1676 2099 M
1690 2067 1715 2099 B
1727 2067 1756 2101 A
1771 2066 1803 2100 R
1814 2066 1849 2100 D
1859 2067 1874 2101 1
1886 2092 1893 2098 .

1300 2111 1553 2149 FUERUNT
1564 2111 1670 2150 adhuc
1679 2117 1713 2150 ὃ(
1727 2117 1794 2151 duo
1803 2118 1822 2158 ,'
1842 2127 1925 2152 unus
1940 2118 2045 2153 didus
2054 2119 2198 2155 Rothal·

1249 2161 1308 2197 dus
1318 2185 1328 2202 ‚
1354 2164 1434 2197 alter
1449 2173 1524 2197 vero
1537 2162 1734 2206 Huriaidus,
1762 2167 1898 2202 natione
1923 2168 2101 2204 Lombardi
2112 2196 2125 2211 ,
2150 2171 2200 2204 vi-

1249 2213 1274 2245 ri
1298 2213 1435 2257 quidem
1457 2211 1596 2248 induarii
1617 2214 1651 2248 &
1667 2226 1877 2259 praepotentes
1897 2218 1931 2251 in
1945 2219 2083 2260 litteris,
2107 2230 2196 2264 quos

1252 2261 1352 2297 Archi
1370 2281 1379 2288 ·
1391 2264 1569 2307 Episcopus
1600 2263 1665 2307 jam
1687 2266 1895 2309 peregrinans
1924 2268 2056 2303 vocavit
2080 2269 2122 2304 ad
2145 2269 2198 2304 se.

1249 2311 1401 2360 Qibus,
1428 2314 1552 2347 intuitu
1561 2313 1749 2349 litteraturae
1760 2317 1822 2349 suae
1843 2317 2088 2359 &prudentiae·,
2114 2319 2194 2354 cum

1249 2375 1348 2407 pauca
1373 2363 1527 2397 haberent
1538 2387 1548 2403 ,
1576 2363 1616 2397 de
1638 2374 1826 2408 paupertate
1849 2365 1902 2398 sua
1926 2369 2197 2403 communicabat

1249 2425 1303 2457 per
1314 2414 1459 2458 singulos
1473 2424 1598 2457 annos,
1630 2415 1736 2457 primo
1747 2414 1878 2458 quidem
1902 2413 2037 2448 Markas
2057 2411 2171 2451 decem
2182 2442 2195 2458 ,

1253 2464 1346 2498 alteri
1360 2462 1429 2497 viro
1439 2473 1571 2498 centum
1585 2473 1813 2507 argenteorum
1827 2463 1947 2499 solidos
1963 2465 2201 2512 singulis‘pere-

1252 2514 1448 2559 grinationis
1461 2515 1521 2548 suae
1543 2514 1637 2548 annis
1649 2514 1820 2560 largiendo
1832 2538 1841 2548 .

1323 2613 1668 2650 HUBERTUS
1706 2612 2121 2650 LOMBARLDUS.

1295 2664 1421 2699 FUIT
1441 2664 1550 2699 adhuc
1568 2664 1608 2699 de
1638 2665 1796 2707 Martyris
1819 2665 1972 2700 societate
1994 2666 2049 2709 ipsi
2072 2664 2188 2700 charus

1251 2714 1426 2748 admodum
1447 2715 1482 2749 δι
1505 2726 1678 2758 acceptus,
1704 2725 1800 2759 quem
1814 2714 1946 2758 quidem
1970 2716 2125 2758 ponimus
2136 2726 2195 2758 pet

1250 2765 1280 2798 se
1294 2789 1305 2805 ‚
1331 2765 1629 2809 quafifingulariter
1641 2775 1818 2810 magnum,
1845 2765 1879 2798 &
1891 2764 2065 2808 magnifice
2089 2766 2193 2810 singu·

1250 2815 1348 2848 larem
1361 2839 1372 2855 ,
1398 2815 1430 2849 δε
1441 2816 1517 2859 quia
1532 2816 1704 2849 vocatione
1717 2816 1799 2853 'mter
1816 2814 2020 2849 noviffimos.
2042 2814 2114 2849 Hic'
2124 2823 2196 2849 erat

1251 2864 1418 2899 Hubertus
1439 2865 1573 2898 nomine
1590 2864 1719 2908 proprIo
1745 2864 1879 2897 natione
1893 2864 2098 2898 Lombardus
2113 2888 2124 2904 ,
2149 2864 2191 2899 de

1248 2915 1372 2959 inclyta
1403 2914 1460 2947 illa
1482 2915 1626 2949 Civitate
1651 2938 1662 2955 ‚
1696 2925 1766 2957 quae
1787 2913 2016 2948 Mediolanum
2038 2914 2166 2948 dicitur.
2180 2939 2193 2954 ,

1247 2965 1425 3004 oriundus,
1452 2963 1499 2998 vir
1519 2976 1616 3008 opere
1641 2964 1815 3007 plurimum
1846 2972 1959 3007 potens
1980 2965 2195 3000 &sermone-

1250 3016 1317 3063 Qi
1331 3015 1408 3048 ficut
1432 3013 1473 3047 de
1494 3015 1612 3048 virtute
1633 3013 1673 3047 ad
1689 3014 1861 3053 virtutem,
1887 3013 2002 3057 pariter
2014 3013 2112 3059 &per
2137 3015 2200 3048 Ec-

1251 3064 1440 3100 clesiasticos
1463 3061 1767 3108 ascendens-gradus
1789 3063 1892 3107 primo
1909 3064 1971 3097 fuit
1984 3063 2192 3099 Bituricensis

1256 3113 1568 3155 Archi-Diaconus,
1593 3114 1714 3147 &tunc
1735 3112 1778 3147 ab
1790 3112 1902 3147 Archi·
1919 3113 2081 3158 Episcopo
2101 3123 2199 3147 voca-

1255 3176 1330 3206 tus,
1354 3164 1440 3198 inter
1463 3163 1539 3197 suos
1566 3168 1800 3197 'annumeratus
1819 3163 1882 3196 est.
1910 3162 2025 3198 Postea
2053 3161 2128 3197 vero
2150 3162 2196 3197 ob

1256 3214 1398 3259 praeclara
1415 3213 1511 3256 ipsius
1520 3213 1633 3247 merita
1652 3214 1684 3246 in
1698 3212 1980 3247 Mediolanensem
1995 3211 2197 3246 Archi-Prae-

1257 3266 1357 3299 sulem
1371 3288 1382 3305 ,
1406 3262 1495 3296 unde
1507 3263 1540 3296 &
1551 3271 1640 3296 ortus
1653 3263 1776 3303 fuerat,
1804 3262 1849 3296 est
1877 3271 2046 3306 promotus
2062 3287 2069 3294 .
2097 3261 2200 3296 Exin·

1256 3314 1296 3349 de
1308 3312 1413 3358 primo
1423 3311 1608 3347 secundove
1620 3310 1715 3354 hujus
1732 3312 1948 3356 promotionis
1969 3313 2033 3346 suae
2044 3323 2134 3347 anno
2154 3312 2198 3346 de

1259 3362 1512 3399 Archi-Praesule
1536 3362 1570 3395 in
1593 3363 1756 3396 summum
1779 3363 1936 3397 Romanas
1960 3360 2049 3398 Sedis
2061 3361 2202 3395 Pontifi-

1258 3426 1328 3449 cem
1350 3412 1540 3447 sublimatus
1564 3411 1632 3453 est,
1658 3412 1735 3448 sicut
1759 3424 1791 3447 re
1805 3437 1815 3454 ,
1838 3413 1870 3447 δε
1885 3413 2019 3447 nomine
2043 3410 2201 3446 Urbanus

1260 3464 1393 3500 Tertius
1401 3460 1516 3497 dietus.

2031 3509 2160 3549 HERI-
