2358 3776
498 107 537 153 S.
588 103 883 152 THOMVAE
932 98 1335 151 CANTUAR.
1384 100 1517 148 LIB.
1572 106 1662 151 IV.

123 195 261 236 fidesss'fl
282 192 446 234 volueris,
471 193 506 227 ὃς
523 193 563 228 ad
585 204 673 229 tuam
697 192 916 240 Nobilitaoem
938 188 1055 223 &Ma—

123 243 348 290 gnificentiam
361 255 544 288 comparare
557 269 569 284 ,
595 256 662 278 non
676 240 735 278 tibi
744 253 893 288 guerram
909 250 963 274 aut
974 240 1056 275 indi-

124 294 318 340 gnationem
334 292 661 329 istam·ndlaudem&
681 294 839 338 gloriam,
866 290 916 325 sed
938 290 980 323 ad
1007 290 1054 324 de

123 344 339 388 decosffpotii'is
350 345 469 388 poteris
480 355 623 386 reputare
637 369 647 383 ,
674 345 749 378 cum
775 341 949 376 nullam-ei
972 350 1055 375 reve-

121 394 258 429 rentiam
272 395 322 428 vel
341 394 497 429 honorem
512 404 638 436 propter
651 393 855 427 nobilitatem
868 391 919 424 vel
931 391 1054 435 magni-

122 444 271 480 tudinem
286 447 374 479 suam
387 470 398 486 ,
419 446 469 479 sed
483 441 690 477 soiummodo
704 452 831 486 propter
842 442 952 475 Deum
965 441 1055 475 exhi-

121 493 215 535 beas,
244 495 280 529 a&
293 496 329 528 in
337 506 376 528 eo
390 496 492 537 ipsum
505 495 615 528 Deum
631 494 740 535 procul
754 491 853 526 dubio
875 492 1031 525 venereris
1044 516 1054 531 ,

123 543 239 578 eodem
254 545 382 580 dicente
395 558 406 578 .-
431 547 496 588 .Qui
509 556 562 577 vos
574 545 660 575 audit
674 568 684 583 ,
710 554 755 576 me
768 543 856 575 audit
867 553 881 584 ;
895 543 928 575 6·
939 548 990 583 qu!
1002 553 1054 574 vos

120 591 256 635 spernit,
282 606 327 627 me
337 594 454 635 spernit
468 618 475 625 .
503 593 612 640 Qare
626 594 646 626 si
661 604 748 626 tuam
761 594 794 624 in
808 591 867 625 hac
890 602 975 634 parre
990 592 1055 625 vin-

121 644 151 676 ci
164 642 317 682 duritiam
330 646 363 678 &
384 644 588 687 Propositum
606 643 756 686 patiaris,
782 640 820 674 ad
843 652 1054 686 augmentum

121 693 229 728 tibi&
242 692 476 729 exaltationem
490 693 671 737 proveniet·
695 693 735 725 Er
751 691 841 725 Deus
852 716 863 731 ,
889 691 941 726 cui
955 704 985 727 te
998 691 1054 726 hu-

121 742 318 786 miliaveris,
346 745 512 787 personam
537 753 626 776 ruam
649 742 712 775 sine
732 741 937 777 dubitatione
949 743 1054 786 aliqua
1081 755 1083 759 ’

120 793 291 827 exaltabit.
320 795 360 826 Et
373 804 438 827 tam
450 792 653 836 spiritualiter
665 791 760 835 quarn
775 793 992 836 temporaliter
1005 804 1052 835 pa·

121 842 313 877 riom-iam&
328 842 542 877 humilitatem
564 852 652 874 tuam
673 853 872 876 remunerare
896 843 1020 876 curabit
1046 867 1056 884 ,

120 891 197 925 ficut
211 890 270 925 tibi
286 902 339 934 per
353 890 568 926 venerabilem
587 893 716 925 fratrem
742 892 884 926 nostrum
899 892 1055 926 Bellicen·

119 941 187 975 sem
202 940 395 984 Episcopum
407 965 418 981 ,
431 942 462 975 ὃς
473 941 628 975 ἀίἰεᾶιιιη
642 941 745 976 filium
758 942 906 976 Priorem
920 939 1056 977 Carthu·

120 990 273 1030 fiens'em,
299 991 415 1026 latores
430 991 650 1035 praesentium,
678 995 765 1026 viros
789 991 945 1036 siquidem
967 992 1055 1026 Reli-

119 1040 253 1084 giosos‚
278 1041 312 1074 &
326 1042 439 1075 Deum
459 1041 610 1075 timentes
623 1065 633 1081 ,
659 1040 726 1075 haec
747 1043 780 1076 &
804 1043 866 1076 alia
892 1043 964 1076 viva
979 1053 1057 1077 voce

118 1089 247 1133 plenius
269 1091 511 1134 fignifioemuS,
547 1091 692 1126 veientes
712 1093 813 1125 animi
837 1093 884 1126 tui
908 1092 1056 1137 indigna-

119 1140 290 1178 tionem&
306 1140 576 1177 motumbl'andis
590 1142 622 1176 &
635 1141 788 1177 leuibu'sa
813 1144 876 1185 suo
894 1142 1056 1188 proposito

119 1199 272 1225 revocare
283 1214 291 1223 .

297 1286 689 1324 EPISTOLA
800 1289 879 1321 111.

241 1366 411 1423 Alexander
436 1390 527 1432 Papa
552 1390 679 1423 Henrico
703 1388 778 1429 Regi
802 1387 937 1431 Angue.

120 1531 534 1621 EXCELLENTiAE
561 1545 623 1571 tuae
646 1534 821 1576 Nuntios,
847 1534 982 1570 dilectos
1005 1534 1057 1569 sci-

227 1587 303 1623 licet
324 1588 412 1621 filios
433 1588 582 1627 nostros,
617 1584 884 1622 clarembaldum
906 1584 1054 1618 Eledium

118 1635 151 1673 S.
177 1636 379 1681 Augustini,
409 1638 632 1682 Reginaldum
656 1634 980 1671 Archi-Diaconum
1007 1637 1060 1670 Sa·

120 1683 349 1721 resberiensem
362 1711 373 1726 ,
400 1689 568 1721 Simonem
578 1686 620 1720 de
632 1686 769 1720 Carcere
783 1709 795 1725 ,
820 1686 1001 1720 Henricum
1014 1685 1056 1719 de

119 1734 408 1776 Northamthune‚
435 1738 469 1770 δε
494 1737 607 1781 Regiae
632 1736 842 1771 sublimitatis
873 1736 992 1769 litteras
1005 1746 1059 1777 per

120 1785 253 1831 eosdem
263 1785 358 1819 nobis
378 1787 570 1819 transmiffas
583 1809 593 1825 ,
618 1796 655 1818 ea
669 1796 732 1828 qua
754 1785 863 1818 decuit
878 1784 1058 1826 benignita·

119 1843 154 1868 te
162 1833 351 1870 admisimus
361 1857 371 1873 ,
397 1834 430 1867 δε
442 1834 529 1867 illius
542 1833 717 1867 ferventiffi
730 1831 954 1866 naecharitatis
967 1832 1057 1866 ardo·

119 1894 213 1924 rem,
239 1895 334 1927 quem
346 1883 430 1918 circa
442 1884 545 1918 nos&
558 1882 731 1917 Ecclesiam
747 1883 811 1916 Dei
823 1882 841 1915 i
863 1881 973 1916 nostro
990 1893 1056 1925 pro-

121 1933 291 1971 motionisi
302 1933 447 1969 exordio.
461 1932 702 1978 magnificentia
728 1942 782 1965 tua
794 1942 860 1965 tam
870 1932 1058 1966 constanter

120 1981 293 2024 exhibuit,
321 1984 360 2017 ad
373 1984 520 2018 animum
534 1981 671 2016 sollicite
684 1992 870 2016 revocantes
883 2006 893 2021 ,
920 1979 969 2014 his
990 1993 1059 2025 quae

122 2031 187 2076 ’μω
199 2034 276 2069 disti
290 2034 417 2068 Nuncii
433 2031 527 2067 nobis
539 2044 578 2066 ex
590 2042 678 2075 parte
689 2031 751 2064 Cel
763 2031 901 2064 itudinis
922 2040 982 2063 tuae
997 2032 1059 2064 dis·

122 2082 208 2121 crete
226 2084 322 2123 satis,
359 2085 393 2118 ἀ
416 2095 492 2117 cum
515 2083 607 2116 omni
632 2081 804 2125 diligentia
829 2082 1020 2114 intimarunt
1046 2104 1058 2121 ,

123 2130 307 2170 licetnimis
323 2133 420 2169 ardua
433 2134 466 2167 ὃ(
479 2131 625 2168 difficilia
648 2132 747 2165 ess-nt
761 2155 771 2171 ‚
798 2142 907 2165 aurem
922 2130 1057 2164 benevo-
1080 2147 1081 2150 ¹

124 2179 384 2218 lam-curavimus
404 2182 556 2216 adhibere
569 2207 580 2223 ‚
604 2183 639 2216 ἃ,
660 2181 748 2215 illius
760 2180 914 2225 siquidem
926 2179 1058 2213 honoris

123 2232 158 2268 ἀ
171 2233 353 2266 reverentiae
366 2257 376 2272 ,
401 2233 497 2275 quam
521 2231 795 2277 Regia-Serenitas
808 2230 902 2265 nobis
921 2230 1057 2265 instante

125 2281 318 2316 necessitatis
328 2292 472 2326 tempore
483 2306 494 2322 ,
521 2283 601 2316 sicut
609 2281 814 2316 excellentiae
835 2291 897 2315 tuae
909 2291 968 2315 nos
981 2279 1057 2323 sepe

126 2333 293 2370 nunciasse
304 2332 509 2365 meminimus
519 2357 530 2373 ,
557 2341 624 2366 tota
638 2356 648 2371 ‚
662 2342 759 2375 prout
769 2330 874 2374 major
882 2342 953 2375 pars
964 2329 1057 2363 Chri·

126 2381 302 2417 stianitatis
312 2382 473 2426 cognovit
484 2405 497 2422 ‚
521 2381 868 2424 deuotioneimpeudit
880 2404 891 2420 ,
919 2391 985 2413 non
998 2380 1056 2414 im-

125 2432 486 2471 memoresexistenoes,
508 2431 551 2466 ad
566 2431 764 2475 petitIonum
776 2440 901 2464 tuarum
913 2454 925 2471 ,
943 2431 976 2464 in
988 2428 1054 2474 qui-

126 2479 184 2519 bus
198 2491 272 2515 curn
285 2480 359 2515 Deo
371 2482 534 2524 postumus
544 2506 554 2521 ,
591 2480 833 2524 promotionem
849 2479 1056 2514 vehementer

124 2529 331 2566 accendimur
343 2554 353 2570 ‚
380 2542 441 2564 nec
451 2530 573 2574 aliquid
588 2530 683 2565 nobis
702 2530 846 2574 unquam
857 2529 993 2564 honoris
1005 2529 1057 2564 vel

125 2580 236 2624 gratiae
248 2580 311 2613 effe
322 2578 504 2621 videbitur,
530 2581 609 2623 quin
623 2580 817 2615 eelsitudini
831 2591 893 2614 ωε
910 2579 1058 2625 indulge-

126 2641 160 2665 re
173 2630 325 2673 possimus
338 2657 345 2664 .
373 2627 608 2663 Verumtamen
622 2628 823 2663 attendentes
833 2630 923 2673 quod
934 2642 968 2664 tu
982 2654 992 2669 ,
1006 2629 1059 2664 cui

126 2680 337 2723 omnipotens
349 2679 516 2724 Dominus
535 2679 619 2713 inter
632 2678 718 2712 filios
734 2677 908 2713 hominum
918 2687 970 2714 tot
979 2677 1054 2713 divi·

130 2730 186 2763 tiis
198 2728 360 2763 abundare
371 2754 383 2770 ‚
409 2740 498 2764 tanta
512 2729 678 2772 prudentia
691 2728 723 2761 ὅ(
733 2727 928 2762 discretione
939 2728 1060 2773 pollere

127 2779 282 2814 eonceffit
296 2804 307 2820 ,
325 2790 438 2814 contra
450 2791 525 2813 eum
539 2803 549 2819 ,
576 2780 627 2813 cui
642 2779 754 2812 servire
766 2789 899 2822 regnare
911 2780 953 2812 esi
968 2804 979 2820 ,
991 2790 1057 2812 non
1111 2775 1113 2813 J

128 2829 226 2869 velis,
253 2840 312 2864 nec
329 2830 395 2872 eius
418 2829 554 2864 resistere
581 2828 764 2867 voluntati,
792 2829 959 2870 presertim
984 2840 1057 2862 cum

129 2878 316 2914 strenuitati
328 2889 388 2914 tuae
398 2881 496 2914 toties
505 2880 679 2914 contulerit
694 2878 735 2913 de
747 2876 836 2911 hoste
847 2877 1060 2922 triumphum,

131 2928 173 2963 de
185 2929 340 2965 immensa
351 2929 499 2964 bonitate
510 2930 597 2963 illius
607 2929 804 2963 confidimus
813 2929 1014 2964 omnimodis
1026 2930 1059 2963 ἀ

131 2979 293 3020 speramus
305 3003 315 3018 ,
335 2979 421 3021 quod
444 2981 589 3013 animum
614 2980 647 3013 ὅ(
659 2980 861 3014 voluntatem
875 2988 963 3014 tuam
974 2980 1058 3013 circa

130 3026 348 3062 Ecclesiam&
361 3030 427 3072 ejus
438 3028 569 3074 negotia
582 3030 743 3063 mitiorem
763 3029 881 3063 efficiet
894 3053 904 3068 ,
929 3029 963 3063 ἀ
974 3030 1013 3063 ad
1026 3029 1058 3064 id

128 3089 188 3114 eor
198 3089 311 3123 tuum,
337 3080 424 3122 quod
437 3078 629 3123 beneplaciti
651 3079 697 3113 sui
720 3081 813 3113 fuerit
829 3103 840 3118 ‚
865 3078 1059 3119 inclinabit,

131 3127 207 3163 licet
218 3129 386 3162 memorati
402 3128 526 3163 Nuncii
537 3128 719 3163 constanter
739 3130 904 3164 assererent
925 3140 956 3164 te
969 3139 1058 3165 tanta

131 3179 318 3213 turbatione
329 3179 390 3212 effe
401 3186 605 3212 commotum
619 3204 629 3220 ,
655 3181 741 3221 quod
764 3178 979 3214 venerabilem
1001 3180 1058 3213 fra-

131 3235 216 3260 trem
250 3229 395 3262 nostrum
429 3228 693 3262 Cantuariensem
724 3228 826 3264 Archi
839 3230 1057 3274 ·Episcopum

133 3278 229 3311 nullo
249 3279 352 3311 modo
374 3279 546 3321 reciperes,
574 3289 631 3312 nec
654 3279 734 3313 circa
758 3284 831 3317 eum
854 3291 975 3323 poterat
986 3289 1060 3314 tuus

132 3329 260 3361 animus
283 3328 446 3371 mitigari.
475 3328 546 3361 Nos
566 3338 674 3362 autem
689 3353 700 3368 ,
733 3331 790 3374 qui
812 3331 957 3364 Paternae
976 3330 1059 3363 circa

133 3378 301 3420 personam
317 3379 401 3410 suam
416 3377 590 3411 affestxonis
603 3389 668 3411 non
694 3381 856 3421 poffiimus
875 3380 1019 3414 oblivisci
1051 3404 1061 3419 ,

130 3427 186 3461 sed
197 3428 274 3462 sicut
284 3427 496 3462 catholicum
507 3427 692 3472 Principem
703 3430 736 3464 δε
759 3429 883 3476 Regem
908 3429 1060 3465 Christia-

1889 127 1989 174 297

1126 185 1287 222 niffimum
1300 184 1335 219 in
1347 185 1527 226 omnibus,
1550 197 1708 234 qnantum
1719 192 1867 233 honestas
1880 199 2053 243 permittit,

1125 236 1282 272 honorare
1293 236 1326 272 &
1337 236 1652 280 euudimnpmmus
1663 263 1675 279 ,
1699 246 1860 284 credentes
1872 249 2007 284 fimiter
2016 250 2052 285 Sc

1124 288 1305 331 speratim,
1331 286 1420 330 quod
1437 288 1577 324 discreta
1600 290 1802 332 providentia
1829 299 1941 334 maxi„
1958 299 2014 334 his
2031 292 2053 343 ',

1121 347 1188 381 quar
1198 336 1350 372 Deisunt
1362 361 1374 378 ,
1392 337 1425 371 &
1435 337 1477 371 ad
1488 337 1634 372 Ecclesia:
1646 342 1775 383 negotia
1787 343 1954 390 spaeram,
1963 375 1966 378 ,
1976 350 2052 394 310.

1121 388 1232 422 riosius
1241 387 1303 421 esse
1314 388 1401 422 suam
1414 387 1524 428 vinci,
1551 389 1648 432 quam
1676 390 2052 439 vincereaeoluntatetn}

1121 448 1324 483 nequaquam
1339 438 1467 484 ignoret
1486 461 1496 477 ‚
1524 439 1656 481 praefato
1673 438 1775 474 Archi
1788 439 1971 486 ·Episeop0
1993 449 2051 483 sub

1120 489 1171 531 spe
1186 488 1219 522 ὅ(
1233 488 1352 522 fiducia
1366 511 1377 528 ,
1395 487 1484 532 quod
1501 488 1576 528 ille,
1604 490 1638 522 in
1662 490 1756 533 cujus.
1771 493 1980 527 manncorda
1992 495 2055 529 Ro-

1119 547 1198 582 gum
1219 537 1590 578 confistunt,.2nimum
1612 548 1709 573 tuum
1732 540 1884 586 mitigate
1895 541 2055 587 dignabh⁸

1118 599 1189 628 tur,
1214 587 1363 623 dedimus
1377 589 1410 623 in
1425 586 1616 628 Mandatis‚
1642 590 2056 628 &omnimodisvinhibuir

1120 649 1213 678 mus,
1241 639 1328 672 nein
1344 650 1392 679 te,
1417 637 1518 671 autin
1542 648 1657 674 terram
1679 649 1792 680 tuam,
1820 643 1870 675 vel
1895 642 1931 675 in
1946 644 2055 685 perso-

1120 699 1176 722 nas
1198 687 1310 732 Regni
1333 689 1407 728 tui,
1440 688 1600 723 interdicti
1625 690 1677 723 seu
1697 692 2056 727 excommunicationis

1120 737 1332 777 sententiam,
1358 738 1464 772 donec
1476 739 1580 783 ipsum
1593 739 1627 772 in
1640 740 1778 783 gratiam
1793 751 1882 775 tuam
1904 742 2055 786 recipias,

1118 787 1223 822 &tibi
1237 789 1463 822 reconcilietur
1477 812 1488 828 ,
1515 789 1655 832 proferre
1668 789 1734 823 ulla
1745 790 1870 824 ratione
1881 802 2019 826 attentet
2041 816 2053 833 ,

1119 842 1219 872 autin
1231 838 1343 879 aliquo
1366 848 1498 883 gravare
1522 839 1702 882 praesumat.
1732 840 1775 874 Et
1796 843 1955 885 quoniam
1968 841 2053 875 litte·

1120 899 1168 922 ras
1182 887 1252 922 illas
1267 912 1277 929 ,
1303 899 1382 932 quas
1393 889 1642 932 magnificentia
1652 900 1714 923 tuae
1727 901 1816 924 anno
1828 894 1987 934 praeteri'to
2001 902 2055 935 per

1121 938 1269 972 Nuncios
1290 947 1363 971 tuos
1384 938 1504 972 ultimo
1525 938 1780 981 destinavimus,
1807 941 1928 976 viribus
1943 942 1989 976 de
2000 954 2057 976 cae·

1120 998 1187 1021 tero
1207 988 1334 1023 constat
1354 999 1460 1022 carere
1483 1013 1493 1028 ,
1519 989 1541 1022 fi
1567 989 1733 1033 praedistus
1757 984 2056 1035 Archi-Episcopus

1121 1039 1250 1072 interim
1262 1047 1314 1078 te,
1342 1049 1397 1071 aut
1418 1048 1535 1074 terram
1555 1049 1645 1074 tuam
1660 1064 1671 1080 ,
1698 1041 1748 1075 vel
1770 1043 1920 1085 personas
1941 1043 2056 1086 Regni

1120 1088 1191 1128 tui,
1218 1090 1251 1122 in
1263 1088 1376 1132 aliquo
1393 1099 1524 1132 gravare
1547 1091 1798 1134 praesumpserit,
1826 1093 2059 1135 praesentesiit·

1120 1148 1201 1172 teras
1214 1138 1345 1182 potestis
1358 1139 1390 1173 in
1402 1149 1627 1184 argumentum
1640 1141 1941 1177 nostraevuluntatis
1949 1143 2058 1176 osten·

1120 1188 1215 1228 dere,
1241 1189 1273 1222 δι
1286 1190 1472 1223 ιεάωοεὲ
1485 1191 1545 1224 suis
1558 1191 1802 1235 gravaminibus
1826 1193 1988 1233 immunes
2001 1192 2057 1226 de·

1122 1237 1300 1270 monstrare
1318 1262 1325 1269 .
1352 1239 1454 1284 Qod
1468 1251 1578 1273 autem
1591 1242 1623 1273 in
1638 1241 1760 1283 scriptis
1773 1241 1888 1276 nostris
1910 1242 1960 1275 vel
1973 1243 2059 1286 lit-gan

1120 1286 1160 1319 tis
1182 1287 1367 1319 varietatem
1390 1289 1565 1326 invenisti,
1591 1289 1777 1321 nullatenus
1799 1291 1922 1324 mireris
1942 1315 1953 1331 ,
1979 1301 2058 1324 cum

1119 1334 1273 1368 &beatus
1295 1334 1414 1369 Paulus
1436 1334 1643 1378 Propositum
1670 1338 1763 1371 suum
1786 1338 1898 1381 sapius
1921 1341 2060 1374 mutasse

1121 1385 1265 1428 legatur,
1295 1383 1368 1418 licet
1381 1385 1413 1417 in
1428 1382 1488 1418 hac
1503 1396 1590 1428 parte
1604 1386 1749 1420 nostrum
1776 1390 1911 1430 mutasse
1935 1389 2059 1432 Propo-

1122 1435 1216 1468 situm
1230 1434 1365 1467 minime
1389 1434 1586 1468 recolamus:
1612 1435 1687 1468 cum
1708 1437 1740 1470 ὅ(
1763 1437 1881 1476 nobis,
1909 1439 1964 1472 etsi
1990 1450 2058 1472 non

1123 1495 1162 1517 ex
1178 1495 1265 1526 parte
1276 1494 1353 1522 tua,
1380 1494 1438 1525 pro
1455 1494 1544 1517 certo
1566 1485 1661 1518 fuerit
1686 1484 1872 1520 intimatum
1887 1510 1898 1526 ‚
1925 1488 1957 1521 ὅ(
1970 1488 2057 1532 quasi

1124 1544 1209 1567 certa
1229 1534 1297 1576 spes
1309 1533 1341 1567 δε
1362 1532 1479 1566 fiducia
1502 1534 1583 1568 fassa
1596 1558 1607 1574 ,
1635 1534 1722 1576 quod
1736 1536 1984 1576 praenominatus
1999 1537 2059 1571 At-

1124 1581 1370 1627 chi-Episcopus
1383 1583 1449 1616 illis
1460 1581 1680 1617 mediantibus
1704 1585 1904 1621 tibideberet
1916 1587 2060 1622 reconci-

1125 1633 1193 1667 liari
1209 1659 1215 1665 .
1245 1632 1346 1680 Qod
1359 1633 1456 1666 etiam
1468 1645 1508 1666 ex
1521 1633 1715 1676 quibusdam
1740 1633 1864 1678 scriptis
1880 1661 1890 1675 ‚
1917 1650 1987 1680 quae
2000 1650 2057 1672 no-

1125 1683 1172 1717 bis
1185 1683 1309 1716 ostensa
1321 1682 1472 1722 fuerunt,
1502 1683 1555 1714 visi
1571 1684 1678 1715 sumus
1697 1683 1824 1724 plenius
1842 1689 2024 1729 concepisse
2050 1714 2056 1720 .

1127 1733 1232 1767 Unde
1252 1731 1395 1775 contigit
1418 1730 1506 1773 quod
1524 1731 1663 1766 ‘eosdem
1684 1731 1811 1775 legatos
1830 1733 1890 1768 hac
1913 1736 1953 1769 de
1966 1738 2061 1771 causa

1122 1782 1211 1825 juxta
1224 1780 1355 1815 verbum
1367 1779 1719 1815 Nunciorumtuorum
1732 1781 1771 1816 ad
1794 1782 1932 1827 Regiam
1964 1784 2060 1820 subli-

1126 1832 1273 1865 mitatem
1287 1830 1538 1871 transmifimus,
1565 1830 1683 1874 quibus
1696 1832 1770 1864 cum
1797 1832 1914 1868 fiducia
1938 1835 1995 1869 issa
2010 1848 2063 1870 co·

1126 1892 1192 1916 ram
1205 1879 1394 1930 quibusdam
1407 1879 1557 1915 fratribus
1569 1880 1703 1918 nostris,
1730 1880 1809 1915 dum
1829 1881 1935 1918 adhuc
1950 1896 2061 1921 coram

1127 1931 1221 1966 nobis
1233 1932 1397 1973 praesentes
1410 1932 1511 1964 essent
1525 1955 1535 1970 ,
1563 1930 1787 1973 injunximus,
1813 1942 1848 1967 ut
1872 1935 2060 1978 cognitioni

1125 1982 1292 2014 causarum
1306 1981 1389 2014 inter
1409 1989 1441 2015 te
1462 1981 1495 2014 &
1519 1979 1833 2025 Archi-Episcopum
1853 1984 1968 2019 ordine
1979 1985 2062 2029 judi·

1125 2030 1226 2065 ciario
1239 2029 1326 2064 nulla
1341 2030 1469 2064 ratione
1482 2030 1699 2073 praesiderent,
1726 2034 1897 2075 praesertim
1920 2046 1997 2069 cum
2020 2037 2061 2071 de

1124 2080 1417 2121 reconciliatione,
1444 2079 1520 2117 sicut
1533 2081 1677 2115 diximus
1690 2105 1701 2123 ,
1726 2083 1811 2126 quasi
1824 2085 1902 2118 certi
1915 2087 2059 2121 essemus.

1126 2131 1167 2164 Et
1190 2127 1265 2175 ideo
1285 2127 1542 2173 prudentium,
1568 2131 1588 2164 si
1611 2131 1706 2166 aliter
1729 2134 1950 2176 scripsimus&
1968 2146 2060 2170 man·

1123 2181 1296 2219 davimus,
1324 2178 1359 2213 in
1375 2180 1498 2214 nullam
1521 2179 1617 2215 debet
1629 2181 1881 2219 admirationem
1905 2185 2023 2220 deduci
2049 2210 2062 2228 ,

1123 2241 1182 2264 nec
1195 2229 1293 2263 alicui
1305 2229 1519 2264 mutabilitati
1533 2253 1544 2270 ,
1568 2231 1658 2276 quod
1680 2231 1725 2267 ob
1737 2231 1899 2269 honorem
1920 2245 2014 2269 tuum
2027 2236 2061 2271 δε

1122 2279 1179 2314 sub
1190 2279 1243 2322 spe
1255 2279 1314 2313 tali
1324 2279 1460 2313 fecimus
1476 2303 1487 2320 ,
1502 2279 1669 2322 imputare
1680 2307 1690 2322 ,
1716 2285 1885 2325 presertim
1912 2297 1987 2321 cum
1999 2283 2057 2320 ho-

1121 2330 1227 2366 mines
1244 2329 1362 2370 fimus,
1386 2327 1421 2362 &
1444 2329 1479 2365 in
1494 2330 1605 2364 multis
1624 2328 1730 2375 decipi
1754 2343 1811 2370 aut
1827 2333 2058 2371 circumveniri

1121 2380 1274 2426 possimus
1287 2403 1296 2412 .

1306 2507 1712 2564 EPss'TOLA
1827 2531 1935 2566 lv,-

1242 2629 1410 2666 Alexander
1437 2631 1525 2672 Papa
1550 2631 1672 2663 Henrico
1697 2633 1772 2675 Regi
1797 2633 1927 2677 Angliae.

1219 2778 1334 2815 UAM
1362 2777 1493 2823 paterne
1516 2779 1550 2814 ἀ
1571 2779 1669 2822 ςυληι
1692 2779 1834 2826 benigne
1846 2782 1984 2826 Regiam
2001 2785 2048 2819 sae-

1243 2829 1315 2874 pius
1337 2829 1561 2863 exceuentinm
1583 2832 1854 2872 conveniremus,
1884 2834 1917 2867 ὃς
1931 2845 1986 2877 per
1999 2835 2052 2871 Lit-

1233 2890 1315 2914 teras
1328 2891 1364 2912 ac
1386 2878 1539 2912 Nuncios
1560 2879 1720 2914 exhortati
1744 2883 1923 2924 fuerimus,
1952 2894 1987 2918 ut
2002 2895 2050 2918 ve·

1124 2930 1297 2964 nerabilem
1320 2930 1449 2963 fratrem
1472 2929 1617 2964 nostrum
1639 2931 1810 2972 Thomarn
1834 2933 2046 2969 Cantuarien-

1125 2982 1187 3014 sem
1201 2979 1518 3023 Archi-Episcopum·
1527 2980 1735 3015 reconciliare
1746 2979 1805 3014 tibi
1817 2982 1961 3022 deberes,
1973 2983 2004 3017 δι
2015 2983 2050 3016 si·

1124 3030 1154 3064 bi
1169 3041 1205 3063 ac
1220 3029 1282 3064 suis
1297 3029 1450 3064 Ecclesias
1468 3041 1543 3064 curn
1554 3029 1670 3064 caeteris
1681 3030 1795 3065 ablatis
1805 3031 1964 3066 restituere
1976 3058 1986 3073 ‚
1997 3034 2045 3066 su-

1124 3080 1296 3114 blimitatis
1306 3088 1367 3114 tuae
1379 3078 1546 3123 prudentia
1567 3090 1635 3113 non
1656 3080 1819 3124 ignorat,
1835 3083 1910 3116 curm
1934 3083 1965 3115 id
1980 3082 2044 3116 fere

1122 3131 1184 3164 toti
1198 3127 1433 3165 Christianitati
1447 3129 1611 3174 publicum
1631 3141 1669 3163 ac
1690 3131 1894 3166 manifestum
1907 3132 2036 3165 existat.

1122 3180 1228 3224 >Unde
1240 3179 1394 3224 quoniam
1419 3180 1450 3213 in
1474 3177 1537 3212 hoc
1559 3178 1721 3224 hucusque
1742 3181 1877 3215 minime
1889 3180 2041 3223 proficere

1123 3231 1306 3273 potuimus,
1334 3241 1394 3263 nec
1404 3229 1562 3263 animitui
1577 3240 1703 3263 metum
1718 3230 1842 3264 blandis
1865 3230 1898 3263 ὃ(
1915 3229 2044 3264 lenibus

1121 3280 1287 3320 emollire,
1314 3279 1458 3313 tristes&
1481 3278 1629 3313 dolentes
1646 3281 1817 3314 efficimur.
1845 3279 1887 3311 Et
1908 3289 1970 3312 nos
1987 3279 2041 3322 spe

1122 3330 1240 3365 fiducia
1255 3332 1359 3365 nostra
1372 3328 1510 3362 ftustrari
1522 3329 1687 3370 dolemus,
1717 3330 1884 3372 praesertim
1896 3328 1971 3362 cnm
1983 3339 2016 3363 te
2027 3352 2040 3369 ‚

1123 3381 1329 3414 ficutfilium
1349 3377 1568 3413 chariffimum
1590 3404 1601 3419 ‚
1638 3378 1786 3411 sincerius
1807 3377 1980 3422 diligamus
2001 3379 2040 3412 in

1124 3430 1272 3466 Domino
1294 3453 1306 3469 ,
1343 3429 1397 3462 cui
1419 3429 1453 3462 in
1476 3429 1538 3463 hoc
1561 3440 1657 3472 grave
1677 3429 1854 3470 periculum
1878 3429 2044 3462 imminere

1912 3478 1997 3515 vidue
