2358 3776
223 86 264 133 S.
336 81 712 130 THOMAE
783 75 1724 130 CANTUARIENSIS.

51 161 288 207 instructiorem
317 168 642 214 suiscircumquaque
649 179 684 203 te
691 166 827 203 reddens
847 163 982 199 aculeis.

52 222 139 267 Qiae
158 220 303 266 quamvis
319 230 441 263 -pa-ucos
460 220 587 255 fincerae
607 218 770 254 fidelitatis
802 215 984 249 ostenderet

50 272 195 314 amicos,
222 281 279 304 eos
297 280 405 305 tamen
427 271 446 304 a
468 269 636 306 fallacibus
656 269 691 302 ἀ
713 267 857 302 fortuitis
874 264 985 298 distin-

52 330 178 365 guens,
199 320 410 355 cautionis&
423 320 630 364 experientiae
651 317 828 361 plurimum
850 315 986 348 solertiae

53 380 117 405 ωε
132 369 291 407 ,thesauris
312 371 547 406 accumulavit.
575 370 629 404 Te
651 366 713 402 tibi
735 364 866 409 quoque
886 365 986 398 solito

52 420 216 455 notiorem
237 419 388 455 exhibuit
401 445 412 461 ,
437 421 470 455 δε
489 417 647 464 quatenus
667 417 708 451 de
724 415 905 453 domestico
919 426 984 452 cor-

54 469 167 505 disrui
179 471 292 515 vigore
304 470 467 511 confidas,
492 465 875 512 experimentisedocuit.
899 465 986 499 Sane

51 519 320 563 quam‘saevientis
331 522 464 557 fortune
485 517 633 554 nondum
657 525 814 552 attentata
826 515 986 551 scrutiniis

48 580 147 605 mens
168 571 313 605 molliter
329 570 420 607 illusa
438 568 672 613 &arroganter
682 567 740 603 fibi
759 564 907 605 blandita
918 566 987 608 spo·

51 620 212 666 ponderat
224 619 438 656 constantiam
449 643 460 659 ,
487 628 641 660 quantam
654 618 850 662 qualemque
870 628 985 660 repere-

53 670 100 703 ris
111 694 122 710 ,
147 671 226 705 dum
238 668 395 713 flagitiosa
406 668 546 703 fatorum
560 668 677 711 injuria
690 692 701 709 ,
725 678 868 712 auraeque
880 667 987 701 vitalis

52 719 238 757 immineret
248 720 364 762 jactura
374 742 384 758 ‚
409 718 548 762 ipsatibi
559 719 624 755 fida
635 717 791 754 describas
808 717 965 752 memoria
978 741 988 758 ,

55 771 114 812 qui
134 769 250 806 melius
271 769 355 802 nosti
368 793 376 800 .
414 769 648 812 Notitiamque
669 769 718 804 tui
736 767 772 802 ὅ(
794 776 925 803 tuorum
949 767 989 803 ne

56 820 145 862 parvi
155 818 293 863 pendas,
319 819 415 863 quam
426 818 546 855 obtulit
557 819 774 854 examinatrix
783 820 953 855 adversitas
981 843 988 851 .

54 868 161 907 Porro
182 868 409 912 multipliciter
436 868 660 905 examinatum
685 880 990 914 reverenterappro-

54 917 131 959 hat,
159 918 202 955 ἐς
222 929 389 953 veneratur
408 928 442 952 te
460 919 575 953 nostrae
594 920 852 958 conversationis
876 919 989 955 homi—

53 979 138 1004 num
160 978 231 1011 pars
258 969 439 1012 potissima.
466 969 497 1006 ls
522 970 714 1013 praesertirn,
735 971 832 1014 cujus
843 973 992 1015 praeemi-

54 1028 139 1055 nens
157 1017 206 1055 ,est
228 1017 426 1059 authoritas,
450 1019 507 1062 qui
520 1029 552 1053 te
563 1019 691 1063 speciali
712 1020 923 1066 praerogativa
945 1021 1002 1055 in-v

53 1076 106 1103 ter
113 1067 355 1113 probatissimos
367 1070 479 1103 sanflae
490 1069 607 1104 Matris
621 1070 771 1105 Ecciefiae
795 1072 881 1106 filios
891 1072 993 1116 plenae

54 1117 290 1154 devotionis&
309 1118 477 1156 charitatis
495 1120 704 1164 amplestitur
725 1121 883 1163 brachiis,
911 1123 945 1160 &
957 1122 1004 1155 in>

54 1177 194 1202 omnem
215 1167 355 1203 destinat
376 1170 618 1205 venerationem
639 1190 662 1203 .=
684 1171 816 1206 Exinde
838 1171 900 1206 tibi
926 1171 994 1214 spes

58 1218 191 1261 surgat,
216 1218 359 1262 erigatur
375 1229 472 1254 mens
489 1220 586 1261 pressa
607 1222 767 1255 molestiis
793 1245 804 1262 ‚
839 1220 994 1265 respirent

53 1265 366 1310 praecordia-sepulta
374 1266 565 1305 doloribus:
593 1268 662 1304 Pax
674 1272 707 1304 in
718 1271 826 1317 januis
834 1271 882 1307 est
896 1294 904 1302 .
916 1272 1004 1313 Suc&

58 1315 140 1351 cidit
150 1316 241 1352 Deus
251 1316 417 1358 arborem,
443 1329 513 1362 quae
523 1319 644 1356 fruetus
665 1321 807 1358 faciebat
827 1330 956 1358 amaros
981 1343 993 1355 2

60 1364 163 1409 Cuius
173 1375 213 1399 ex
234 1366 342 1402 radice
361 1366 437 1403 licet
451 1367 559 1411 planta
572 1370 763 1415 surrexerit,
788 1381 862 1407 rore
882 1380 993 1407 tamen

60 1415 150 1450 Coeli
168 1426 239 1449 non
261 1416 391 1459 adjuta,
418 1429 478 1452 nec
499 1419 620 1455 radices
630 1421 701 1466 agit
725 1445 736 1461 ,
774 1421 827 1455 sed
849 1419 961 1455 arescit
986 1443 993 1451 -

58 1464 262 1501 marcescens
273 1466 374 1502 modo
387 1469 528 1510 folium,
555 1470 645 1514 quod
659 1470 787 1511 induit,
814 1470 879 1513 jam
902 1470 994 1505 oneri

58 1514 122 1551 fibi
133 1514 199 1556 est,
226 1528 296 1551 non
308 1516 448 1553 honori.
477 1519 545 1553 Vix
558 1521 654 1556 stanti
668 1531 751 1556 terra
772 1522 971 1566 relinquetur
985 1546 994 1561 ‚

59 1565 333 1608 quaminutiliter
343 1570 513 1612 occupasse
525 1570 653 1611 publice
675 1572 850 1606 clamatur.
880 1571 994 1605 Exstat

59 1615 170 1650 oriens
189 1625 230 1648 ex
251 1616 319 1650 alto
340 1618 507 1660 supremus
530 1620 779 1654 Pater-familias
802 1644 813 1660 ‚
851 1618 997 1663 insipid'ae

59 1664 202 1700 succisor
213 1665 357 1705 arboris,
382 1667 525 1708 quisuos
539 1669 724 1706 induiturus
744 1670 908 1715 agricolas
931 1669 995 1703 hoc

60 1712 274 1758 plantationis
285 1725 386 1758 genus
396 1716 549 1750 radicitus
559 1719 694 1757 evellet,
723 1730 783 1751 nec
795 1720 995 1761 impunitum

62 1763 132 1805 ejus
138 1763 311 1804 praeteribit
321 1763 494 1797 authorem
509 1787 517 1795 .
545 1765 716 1799 Dominus
736 1767 938 1799 exercituum
953 1767 995 1798 fa-

60 1809 222 1846 ciethaee.
249 1809 338 1844 Cum
350 1812 394 1845 ira
405 1813 602 1847 exarseritin
627 1813 744 1854 brevi,
770 1815 857 1849 beati
881 1826 996 1849 omnes

58 1860 115 1902 qui
126 1858 299 1897 confidunt
319 1861 355 1896 in
374 1872 434 1896 eo.
462 1861 680 1898 confidenter
702 1864 802 1909 igitur
827 1863 996 1900 hilarescat

59 1910 187 1952 Anima
206 1919 287 1952 tua,
312 1921 372 1945 nec
393 1913 594 1947 confusionis
614 1912 791 1958 quidquam
816 1915 850 1949 in
863 1916 996 1950 viseeri-
1040 1949 1042 1951 ,

62 1960 122 1994 bus
132 1958 280 1995 resideat.
307 1961 475 1999 Dominus
486 1963 576 1998 Deus
588 1965 718 2007 noster,
745 1967 779 1999 ὃς
793 1967 848 2009 qui
864 1977 932 2000 non
945 1966 999 2000 de·
1042 1964 1045 1994 ἓ

64 2008 138 2045 serit
150 2010 309 2056 sperantes
321 2012 355 2045 in
368 2013 415 2047 se.
443 2014 534 2048 Ortae
546 2015 680 2058 quidem
705 2016 904 2058 tempestatis
917 2015 997 2049 hor-

63 2071 117 2095 ror
129 2070 210 2095 aurae
226 2061 354 2096 levioris
374 2064 547 2098 intervallo
567 2065 763 2099 detumuisse
786 2060 887 2099 videri
909 2075 997 2108 pote·

63 2120 135 2151 rat,
160 2110 284 2154 cujussi
305 2110 446 2147 rediviva
467 2114 610 2159 caligine
626 2115 740 2151 nubila
759 2116 910 2150 nondum
934 2116 998 2149 ces-

8 2165 9 2168 ’
63 2161 158 2200 sant,
182 2160 295 2196 flustra
305 2163 582 2207 fulgurationes&
598 2165 748 2200 ceraunia
771 2166 951 2208 superasti,
977 2165 997 2198 si

63 2211 188 2245 residuo
199 2212 412 2255 procellarum
423 2214 541 2248 leniori
563 2225 656 2249 motu
682 2215 908 2260 submergeris.
936 2216 1000 2249 Ra·

63 2271 99 2294 te
119 2260 255 2304 navigas
274 2262 421 2306 integra,
447 2264 545 2297 remis
564 2266 679 2299 acriter
702 2266 830 2310 insurge
852 2291 863 2307 ,
890 2274 999 2309 portus

66 2308 244 2355 propeest,
269 2309 310 2345 ad
322 2322 419 2354 quem
429 2322 510 2347 tunc
521 2315 715 2357 applicabis.
744 2316 852 2349 Etiam
874 2315 999 2359 disposi-

67 2370 101 2393 ta
123 2358 184 2392 tibi
201 2359 361 2394 divinitus
381 2362 465 2396 sorte
483 2374 661 2398 contentus
681 2375 816 2399 omnem
837 2376 1000 2411 emergen-

67 2419 251 2450 temrerum
261 2409 426 2445 statumin
438 2411 744 2449 diieaioniChr-isti
768 2414 827 2449 tibi
854 2417 1001 2459 profutu-

68 2469 139 2492 rum
148 2458 308 2503 posueris.
333 2460 462 2495 Scimus
475 2463 564 2497 enim
575 2488 587 2505 ,
614 2465 773 2508 quoniam
787 2464 1000 2510 diligentibus

69 2510 180 2543 Deum
200 2509 314 2543 omnia
335 2522 553 2554 cooperantur
575 2515 608 2547 in
634 2515 782 2549 bonum.
819 2515 1001 2551 Praeteritas

68 2557 201 2593 delicias
222 2559 263 2594 ne
286 2560 398 2595 doleas
421 2563 565 2601 amissas,
593 2575 652 2599 nec
672 2565 797 2599 futuras
820 2566 1003 2600 mundive·

70 2609 168 2644 rearis
177 2609 356 2644 molestias:
376 2611 548 2646 Praesentes
559 2612 653 2648 facile
664 2616 858 2650 transcurres
870 2618 1003 2651 varieta-

69 2668 138 2692 tes.
158 2659 244 2693 Non
255 2660 323 2700 est,
349 2660 443 2696 crede
469 2662 575 2702 mihi,
613 2665 766 2707 sapientis
786 2666 892 2699 dicere
908 2680 918 2700 .-
945 2666 1004 2700 Vi-

69 2718 143 2742 vam
159 2731 167 2740 .
193 2710 267 2744 Sera
281 2710 380 2746 nimis
392 2713 456 2747 vita
467 2713 511 2747 est
526 2713 661 2748 crastina
673 2726 688 2750 ,-
701 2715 772 2749 vive
785 2714 901 2750 hodie.
924 2717 1003 2751 Om-

69 2769 144 2792 nem
176 2759 270 2796 crede
298 2760 386 2796 diem
408 2762 467 2798 tibi
501 2763 652 2798 diluxisse
689 2765 892 2808 supremum:
922 2766 1002 2800 Gra·

68 2818 101 2843 ta
146 2809 347 2854 superveniet
387 2835 397 2851 ‚
449 2825 520 2857 quae
557 2813 731 2858 sperabitur
769 2814 848 2849 hora
885 2840 893 2848 .
944 2816 999 2850 Si.

72 2859 284 2904 quadraginta
322 2861 449 2896 dierum
485 2888 495 2904 ,
522 2875 581 2899 nec
605 2864 758 2906 ulterius,
793 2866 880 2909 quasi
905 2877 992 2909 cano

73 2907 182 2942 nicam
194 2911 551 2953 vivendidilationem,
565 2915 620 2958 qui
638 2916 805 2950 occidit&
828 2916 936 2951 vivere
956 2918 1003 2951 sa-

69 2959 137 2997 ·cit‚
167 2958 256 2994 Deus
266 2961 325 2995 tibi
339 2965 532 3005 praetaxasset
547 2965 820 3005 immutabiliter,
842 2966 917 3001 sane
934 2967 1001 3001 nul·

73 3006 119 3041 las
133 3007 165 3040 in
180 3007 360 3045 Barbariarn
372 3013 464 3058 fugas
475 3024 667 3049 attentares:
691 3014 845 3050 salubrius
865 3017 904 3051 ad
915 3027 1001 3050 com-

74 3057 354 3094 miffaetibifinum
369 3063 534 3104 Ecclefiae,
562 3065 594 3098 &
611 3065 650 3098 ad
663 3066 844 3101 sanctorum
866 3068 1000 3101 decesso·

72 3117 143 3140 rum
165 3117 296 3144 tuorum
321 3110 469 3157 suffragia
492 3116 707 3159 confugeres,
743 3118 990 3159 compunctioni

73 3156 132 3191 bus
144 3157 389 3195 &orationibus
400 3162 519 3197 ibidem
543 3164 736 3209 invigilans.
768 3167 888 3201 Parum
901 3169 999 3202 etiam

72 3206 176 3250 plebis
196 3208 364 3263 sirepitum
387 3234 397 3250 ‚
436 3213 484 3246 vel
506 3225 680 3256 potentum
706 3217 766 3251 iras
786 3216 971 3252 abhorreres
994 3245 1000 3252 .

70 3255 143 3291 Nec
164 3259 316 3301 cujusque
339 3262 551 3299 temeritatem
563 3266 675 3307 punire
686 3267 915 3303 contenderes:
946 3268 1002 3302 ali·

69 3307 148 3350 quid
163 3307 312 3350 supremo
332 3310 438 3354 judici
461 3310 672 3354 judicandum
693 3317 876 3351 reservares.
915 3319 990 3353 Salu

67 3354 164 3391 briter
174 3356 433 3404 rebus&domui
448 3362 713 3407 tuaedisponens‚
739 3365 780 3401 de
801 3368 941 3403 crastino
952 3369 1000 3402 su-

67 3417 180 3452 prema:
203 3407 266 3443 diei
288 3419 356 3443 non
380 3412 522 3447 multum
548 3413 705 3451 sollicitus
726 3418 995 3463 ,malignantium

1052 161 1262 200 tumultusin
1281 170 1515 205 contemptum
1528 161 1705 198 vdeduceres
1725 189 1732 197 .
1760 163 1895 200 Instruit
1919 165 1996 202 seri-

1056 212 1288 258 pturadicens:
1314 211 1596 255 ,Quqlr'morientes-
1622 212 1734 254 Hujus
1755 215 1860 259 igitur
1884 214 1997 252 instru-

1056 264 1172 299 fflonis
1187 273 1303 299 norma
1323 262 1550 299 commonitus
1578 285 1590 301 ,
1629 272 1725 306 vagas
1747 263 1784 298 ,δε
1806 265 1997 301 turbatrices

1056 313 1266 358 impatientiae
1277 323 1340 348 tuae
1359 324 1454 351 curas
1475 313 1494 346 a
1515 310 1619 349 corde
1636 312 1809 355 relegans,
1835 316 1999 357 speciosis.

1056 366 1164 398 simam
1178 363 1210 398 &
1221 363 1435 399 excellentem
1446 362 1620 408 dignitatis
1629 370 1696 395 tuae
1710 360 1826 396 Sedem
1836 362 1905 406 jugi
1915 376 1997 400 «con-

1057 414 1235 448 versatione
1247 437 1257 452 ,
1279 414 1458 459 officioque
1469 412 1583 450 debito
1595 437 1606 452 ,
1629 411 1720 457 quasi
1740 412 1856 445 mortis
1879 412 1937 446 sub
1946 425 1996 448 ar-

1057 464 1183 505 ticulo,
1209 463 1335 499 studeas
1346 462 1528 501 honorare.
1556 462 1831 497 Ubisanstorum
1854 460 1995 498 locisuf·

1058 514 1158 550 fultus
1177 514 1364 556 patrocinio
1383 536 1395 553 ‚
1432 511 1591 555 quatenus
1611 511 1778 554 inculpata
1808 509 1997 547 moderatio

1059 564 1236 607 permiserit
1250 588 1261 604 ,
1280 564 1411 608 plenam
1421 560 1830 610 postulantibusjustitiam
1842 559 2000 598 exhibeas

1058 612 1236 659 intrepidus
1254 638 1260 645 .
1288 613 1460 657 Siquando
1470 612 1577 657 Regia
1591 611 1773 649 sublimitas
1791 620 1824 645 te
1845 621 1999 649 evocave-

1059 664 1123 704 rit,
1149 663 1299 701 accedas:
1327 662 1440 700 Verbo
1450 662 1595 700 lenitatis
1603 661 1995 705 &patientiaenuuquam

1059 713 1230 748 destitutus
1240 713 1415 758 ingeniose
1429 714 1550 752 ‚cunila
1570 710 1761 747 modificare
1782 712 1906 756 satagas
1919 735 1926 744 .
1953 710 2003 745 Si·

1059 764 1133 802 cubi
1147 762 1316 808 grassantis
1335 764 1472 799 malitiae
1488 764 1648 807 refragata
1661 761 1761 798 suerit
1784 761 1964 805 impunitas
1976 785 2001 803 .,

1059 814 1154 849 caute
1161 814 1275 849 sedens
1282 813 1325 849 ad
1338 822 1549 857 praetaxatum
1563 813 1747 851 sanQorum
1768 821 1914 846 recurras
1925 822 2002 855 prae·

1060 864 1175 900 sidium
1190 889 1196 896 .
1223 862 1428 901 Postremofi
1452 862 1492 898 ad
1509 863 1726 907 compositam
1742 860 1936 900 felicitatem
1948 861 2003 895 ad-

1037 909 1039 911 *
1063 917 1175 961 spiras,
1202 925 1296 958 aequo
1308 914 1423 951 animo
1432 915 1553 948 toleres
1577 922 1707 959 oportet
1728 911 1893 957 quidquid
1915 911 2003 947 intra.

1059 976 1168 1003 aream
1190 966 1330 1002 fortunae
1352 964 1494 1009 geritur.
1521 962 1688 1007 perspecta
1711 962 1832 1005 poterit
1855 961 2001 1005 prodesse

1061 1015 1179 1062 pagina
1202 1039 1213 1056 ‚
1232 1015 1253 1048 si
1275 1026 1345 1049 non
1363 1014 1591 1052 contemnitur
1628 1025 1640 1049 ³
1670 1011 1762 1055 cujus
1785 1011 1914 1047 monita
1928 1035 1940 1053 ,
1965 1011 2004 1047 li·

1060 1067 1110 1101 cet
1133 1066 1240 1100 miuus
1262 1076 1409 1104 matura,
1429 1064 1580 1108 quamvis
1605 1062 1695 1100 canis
1717 1061 1874 1099 elatrasset
1894 1084 1905 1101 ,
1929 1072 2000 1105 pru-

1037 1139 1039 1142 .
1060 1116 1169 1151 dentis
1180 1126 1290 1151 tamen
1303 1114 1361 1150 viri
1373 1126 1441 1149 non
1454 1113 1850 1151 offenderentintuitutn.
1884 1111 1921 1144 ln
1936 1111 2008 1155 qui·

1061 1167 1119 1203 bus
1134 1166 1289 1204 nimirum
1301 1165 1369 1208 ejus
1383 1165 1430 1202 rei
1443 1165 1575 1202 veniam
1594 1163 1771 1209 expostulo
1781 1186 1794 1204 ,
1821 1160 1912 1205 quod
1936 1163 2008 1205 plu-

1059 1217 1188 1252 ralitate
1200 1215 1437 1253 vocabulorum
1446 1225 1517 1248 non
1528 1213 1679 1251 debitam
1687 1212 1841 1259 exprimo
1863 1221 2008 1246 reveren·

1038 1260 1040 1263 ’
1063 1266 1141 1301 tiam
1156 1289 1168 1306 ,
1193 1276 1292 1309 quam
1302 1275 1370 1298 non
1390 1263 1566 1298 latinitatis
1589 1262 1742 1306 Regula,
1768 1261 1822 1295 sed
1845 1260 2007 1294 adulatrix

1064 1317 1176 1361 lingua
1194 1314 1318 1352 creavit
1332 1339 1344 1349 ,
1371 1313 1670 1355 contemplatione
1694 1309 1859 1344 modernae
1878 1309 2009 1343 maiitiae

1060 1366 1128 1403 ,haec
1149 1367 1262 1410 utique
1280 1390 1293 1408 ,
1320 1364 1436 1401 Serene
1458 1363 1607 1399 Domine
1621 1387 1632 1402 ‚
1671 1359 1766 1394 vobis
1804 1360 2009 1404 suggerenda.

1061 1417 1232 1461 disposui,
1257 1414 1354 1460 quam
1388 1414 1410 1446 si
1431 1414 1540 1446 serena
1566 1411 1809 1455 supprimerent
1827 1419 1973 1453 tempora
1998 1432 2011 1449 ‚

1065 1478 1243 1502 mutaretur
1253 1465 1383 1501 forsitan
1399 1465 1435 1497 in
1456 1462 1619 1505 aliquibus
1642 1460 1809 1506 suggestio
1831 1486 1838 1494 .
1866 1460 1943 1494 Hac
1962 1459 2013 1493 in-

1064 1518 1158 1552 terim
1173 1517 1314 1551 excitata
1327 1513 1541 1549 Celffitudinis
1554 1512 1661 1546 vestrae
1672 1509 1844 1554 prudentia
1865 1534 1875 1550 ,
1900 1508 2014 1544 alacri-

1064 1578 1112 1601 ter
1125 1568 1275 1610 exsurgat
1287 1587 1297 1603 ,
1321 1564 1354 1597 ἀ
1367 1563 1407 1598 de
1419 1562 1511 1596 bono
1521 1563 1645 1603 semper
1658 1558 1814 1604 procedat
1827 1559 1861 1592 in
1875 1558 2007 1592 melius.

1065 1614 1423 1657 Valeat&inlongum
1445 1611 1639 1645 extendatur
1663 1609 1735 1644 vitae
1757 1608 1867 1643 vestrae
1891 1609 2010 1643 sanitas

1059 1666 1280 1703 ursanum,
1315 1662 1498 1699 ‚charisrime
1520 1660 1672 1695 Domine
1686 1683 1694 1691 .
1720 1659 1806 1693 ltem
1827 1659 1862 1693 ὅ(
1888 1659 1923 1692 in
1944 1668 2012 1702 per·

1061 1726 1200 1760 petuum
1220 1714 1310 1748 vale.

1282 1860 1314 1896 Ε
1340 1859 1368 1894 Ρ
1395 1859 1411 1893 1
1436 1860 1458 1895 S
1480 1859 1522 1893 T
1547 1860 1582 1895 O
1608 1859 1639 1894 L
1665 1855 1698 1893 A
1747 1857 1798 1893 X.

1090 1963 1268 1999 Alexander
1282 1965 1370 2004 Papa
1381 1965 1490 2007 ngero
1502 1958 1681 2002 Eboracenfi
1698 1956 1787 1992 Archi
1798 1975 1809 1983 -
1820 1956 1964 2002 Episcopo
1975 1984 1984 1992 .

1164 2061 1287 2097 Uanto
1298 2062 1468 2106 personam
1479 2068 1571 2094 tuam
1582 2070 1641 2104 pro
1649 2069 1707 2094 tua
1718 2059 1896 2105 prudentia
1908 2059 1942 2094 &
1956 2058 2014 2094 ho-

1191 2111 1328 2151 nestate,
1357 2111 1460 2154 &pro
1469 2121 1506 2144 ea
1517 2110 1719 2151 devotione,
1746 2119 1846 2153 quam
1867 2110 1954 2144 circa
1969 2111 2014 2144 sa-

1178 2162 1378 2196 crosanaam
1396 2160 1586 2195 Romanam
1607 2161 1787 2196 Ecclesiam
1816 2184 1827 2201 ‚
1857 2160 1891 2194 ἀ
1906 2160 2017 2203 perso-

1067 2223 1144 2248 narn
1158 2213 1303 2246 nostram
1314 2209 1413 2245 habes
1425 2234 1436 2250 ,
1460 2209 1628 2244 fincerIori
1637 2209 1800 2245 charitate
1822 2209 1991 2255 diligimus
2003 2234 2015 2250 ,

1066 2261 1272 2304 tantojustas
1303 2260 1538 2304 postulationes
1559 2270 1632 2294 tuas
1647 2260 1806 2295 libentius
1827 2272 1865 2295 ac
1883 2260 2015 2295 facilius

1069 2312 1275 2348 exaudimus.
1306 2311 1355 2345 Ea
1369 2318 1496 2354 propter
1506 2310 1659 2353 petitioni
1672 2319 1736 2346 tuae
1751 2320 1882 2354 gratum
1899 2312 2017 2353 imper-

1066 2366 1186 2398 tientes
1196 2362 1353 2397 assensum
1366 2385 1377 2400 ‚
1406 2359 1549 2394 Crucem
1563 2370 1639 2395 ante
1656 2371 1692 2395 te
1715 2361 1904 2400 deferendi,
1934 2361 2016 2394 sicut

1069 2406 1309 2458 praedeceffores
1332 2410 1434 2445 noftri
1457 2410 1604 2445 Rotnani
1617 2410 1800 2446 Pontifices
1823 2410 1888 2445 tuis
1912 2410 2016 2445 Ante-

1065 2462 1243 2498 cefforibus
1263 2462 1510 2501 concefferunt,
1535 2460 1570 2493 &
1585 2460 1640 2504 ipsl
1652 2471 1693 2493 ex
1716 2461 1851 2503 antiqua
1875 2460 2012 2495 consue·

1069 2514 1184 2548 tudine
1206 2512 1250 2546 ufi
1274 2512 1368 2547 fuisse
1387 2511 1593 2549 noscuntur,
1620 2510 1748 2555 Regem
1765 2508 1899 2553 >quoque
1921 2519 2014 2544 coro-

1070 2562 1169 2598 nandi
1181 2586 1191 2603 ,
1215 2563 1347 2597 ficutex
1358 2560 1461 2595 literis
1476 2559 1726 2594 Antecefforum
1736 2560 1920 2593 nostrorum
1934 2571 2013 2602 prae-

1068 2612 1285 2649 decessoribus
1296 2612 1360 2646 tuis
1371 2609 1558 2645 concessum
1567 2609 1612 2642 est
1623 2631 1635 2648 ‚
1660 2608 1695 2643 δι
1705 2608 1785 2643 ficut
1797 2607 1930 2643 eosdem
1946 2621 2015 2653 pre-

1068 2665 1243 2699 decessores
1264 2672 1338 2695 tuos
1350 2660 1478 2694 constat
1499 2669 1539 2691 ex
1553 2657 1693 2701 antiquo
1712 2658 1823 2693 fecisse
1834 2684 1845 2700 ‚
1876 2659 2013 2693 liberam

1068 2714 1127 2749 tibi
1149 2710 1363 2748 concedimus
1385 2708 1573 2744 facultatem
1589 2732 1596 2739 .
1632 2706 1675 2741 Et
1700 2716 1736 2742 ut
1756 2709 1922 2743 conceffio
1945 2709 2013 2752 ipsa

1069 2775 1133 2799 rata
1145 2765 1177 2798 ὅ(
1190 2763 1280 2796 firma
1295 2759 1498 2803 inposterum
1512 2756 1687 2796 habeatur,
1709 2769 1787 2793 eam
1801 2757 2010 2793 ‘authoritate

1071 2816 1100 2849 A
1105 2813 1260 2858 postolica
1269 2809 1462 2845 roboramus
1470 2832 1480 2848 ,
1509 2807 1542 2842 ἀ
1552 2808 1593 2851 pl
1607 2807 1704 2850 Scpi?
1714 2803 1756 2853 p.'
1768 2810 2012 2843 confirmamus.

1069 2873 1108 2916 1?
1116 2875 1178 2908 ἀς.
1191 2874 1295 2907 vestrae
1307 2881 1336 2914 q,
1347 2868 1381 2902 &
1391 2869 1624 2906 confirmamus
1635 2894 1645 2910 ,
1672 2869 1733 2903 &e
1751 2866 1784 2900 Si
1798 2868 1872 2909 quis
1882 2876 1990 2901 autem
2002 2888 2015 2905 ,

1067 2932 1129 2967 &e
1144 2932 1271 3024 Ιῗιωω
1288 2927 1377 2974 apud
1396 2927 1482 2973 apud
1502 2934 1654 2963 montem
1678 2925 1892 2962 pessulanum
1916 2925 2015 2961 tertio

1070 2982 1145 3017 ldus
1176 2981 1274 3016 uliis.

1269 3099 1303 3136 E
1323 3097 1355 3134 P
1377 3097 1397 3133 1
1423 3098 1446 3134 S
1469 3097 1509 3132 T
1531 3099 1568 3133 Ο
1591 3096 1624 3132 L
1651 3096 1684 3132 A
1743 3095 1806 3132 XI.

1094 3211 1266 3246 Alexander
1277 3212 1368 3253 Papa
1387 3213 1499 3254 Rogero
1520 3204 1703 3248 Eboracenfi
1718 3205 1964 3249 Archi-Epifiopo
1979 3230 1986 3238 .

1146 3320 1200 3355 Ro
1246 3319 1303 3352 illa
1323 3314 1427 3351 animi
1446 3316 1495 3351 tui
1521 3315 1705 3351 sinceritate
1724 3316 1757 3350 δε
1779 3313 1963 3349 devotione
1978 3313 2014 3347 fi·

1168 3368 1244 3410 dei,
1270 3378 1367 3412 quam
1380 3367 1463 3401 circa
1478 3368 1710 3402 sacrosanctam
1737 3365 1922 3398 Romanam
1947 3363 2017 3398 Ec-

1074 3421 1199 3456 clesiam
1219 3443 1229 3461 ‚
1249 3419 1283 3453 &
1323 3415 1503 3460 specialiter
1537 3417 1622 3451 circa
1660 3414 1829 3459 personam
1867 3414 2014 3448 nostram

1910 3462 1966 3499 hi·
