2358 3776
403 86 499 135 108
747 100 817 136 ·,
919 75 1630 135 ·ξΕΡῙ.3Τ»·ὉΙ,,Ᾱ”

323 162 756 216 eiquoconsuetudimufifuiffe
779 167 952 213 nostuntur.
975 168 1090 208 >Unde
1114 179 1155 201 ex
1182 165 1263 200 obli·
1321 167 1415 214 diligi
1427 169 1603 203 secundum
1629 165 1896 212 legemjubetur,
1924 179 1987 204 non
2013 171 2058 206 est
2074 170 2211 207 dubium
2227 173 2260 207 if,

322 223 420 258 vione
441 221 566 264 potius,
591 221 688 261 quam
711 219 930 260 exrindustria
954 219 1096 261 contigit
1119 239 1130 256 ‚
1173 217 1261 257 quod
1322 217 1504 261 hujusmodi
1517 217 1666 262 operibus
1677 218 1834 262 gloriari,
1858 220 2029 260 praesertim
2040 234 2119 256 cum
2133 224 2254 257 ibidem

322 272 454 306 verbum
470 268 575 310 illud,
601 269 743 310 scilicet,
765 280 821 313 per
832 267 1108 310 totam'Angliam,
1137 267 1261 309 postre—
1319 270 1351 303 δε
1364 268 1549 313 Religionis
1562 269 1643 303 fides
1654 266 1831 311 probetur,
1857 267 1892 301 δι
1912 270 2003 313 quod
2023 272 2098 308 Deo
2111 272 2259 319 benepla-

321 330 381 358 ωε
398 320 509 354 litterae
527 319 763 356 continebant.
789 320 871 352 Non
893 318 982 350 enim
1008 325 1155 350 tenorem
1179 317 1262 361 prio·
1319 320 1419 354 citum
1432 321 1587 353 novimus
1607 342 1620 359 ,
1644 318 1867 361 compleatur.
2017 347 2022 351 ,

318 381 391 406 rum
406 369 591 406 litterarum
611 369 825 404 conceffionis
837 367 951 400 nostra
976 366 1161 400 memoriter
1171 376 1259 401 tene-

319 420 434 455 bamus
444 444 451 451 .
477 419 532 454 Ne
543 421 643 464 igitur
653 418 822 452 occasione
836 416 924 452 illius
937 415 1024 449 verbi
1039 415 1173 460 aliquod
1188 428 1260 460 prae·¹

317 466 473 515 iudicium
487 470 631 504 Ecclefiae
643 478 704 501 tuae
716 467 859 509 processu
887 466 1043 508 temporis
1056 477 1228 511 generetur
1251 490 1261 506 ,

316 520 521 567 praesentium
536 515 734 552 authoritate
745 517 916 551 statuimus
933 515 1055 550 litteras
1066 517 1137 549 illas
1158 517 1249 559 poste

315 570 416 604 riores
427 580 540 603 contra
552 578 582 600 te
594 567 626 603 ὅ(
640 567 817 602 Ecclesiam
829 577 920 600 tuam
938 589 949 605 ,
975 576 1051 599 cum
1062 566 1081 599 ὸ,
1092 566 1202 613 nostro
1216 568 1257 601 fa·

314 630 393 653 vore
406 618 540 653 indultae
549 618 611 651 sint
625 642 636 658 ,
664 617 768 651 nullas
783 618 865 651 vires
875 616 907 649 in
923 615 1086 659 posterum
1098 615 1255 651 obtinere.

317 668 444 705 Datum
454 671 586 705 Senone
597 691 609 709 ‚
636 666 835 704 duodecimo
845 664 1010 702 Kalendas
1025 666 1190 702 Februarii
1204 691 1212 698 .

1470 467 1883 505 EPISTOLA
1943 467 2153 504 Lxxxns

1323 568 1487 603 Alexander
1516 571 1605 611 Papa
1641 566 1827 609 cisterciensi
1855 569 1891 602 Θ
1917 569 2137 612 Pontiniaecenfi
2159 571 2258 607 Abba.

1398 643 1400 646 s
1439 618 1518 652 tibus
1554 643 1566 661 ‚
1598 620 1633 652 &
1658 616 1801 658 univerfis
1828 619 1989 653 Fratribus
2016 621 2140 654 ‘ordlnrs

1680 667 1873 711 cisterciensis
1886 693 1894 701 .

1403 766 1519 802 lCET
1540 778 1599 802 vos
1617 779 1688 803 eam
1710 768 1796 803 circa
1818 778 1880 803 nos
1895 768 1930 803 δε
1945 764 2120 804 Ecclesiam
2140 772 2204 806 Dei
2220 773 2257 805 fi-

1426 818 1498 852 dem
1512 818 1546 852 δε
1568 819 1802 859 devotionem,
1828 830 1897 863 quae
1918 819 2001 854 viros
2021 819 2257 866 Religiosos&

1321 870 1396 902 Deo
1406 868 1542 902 devotos
1550 867 1643 903 decet
1655 892 1666 909 ,
1693 868 1920 912 multipliciter
1945 881 2056 914 gerere
2067 872 2255 906 nullatenus

1304 918 1531 1094 'ignoremun
1567 919 1657 961 super
1677 929 1718 952 eo
1741 930 1809 952 non
1829 920 1994 963 possumus
2016 928 2085 954 non
2104 921 2214 955 mirari
2239 929 2259 962 ,Ν

488 786 915 854 ΕΡΙΒΤΟΕΑΙ
955 815 1097 852 LXXX.

364 920 534 954 Alexander
562 922 650 960 Papa
675 915 903 958 clarenbaldo,
927 916 1033 951 San&
1058 915 1211 961 Augustini

602 967 725 1008 Eleae,
748 968 782 1002 ὁ·
807 965 965 1002 Monaebo.
1319 967 1409 1008 quod
1430 969 1568 1002 vestrum
1590 967 1723 1011 quidam
1735 968 1954 1004 venerabilem
1963 971 2095 1004 fratrem
2107 971 2255 1006 nostrum

401 1057 403 1059 y
1318 1016 1584 1052 Cantuariensem
1607 1017 1944 1061 Archi-Episcopum,
1978 1020 2084 1054 virum
2107 1021 2258 1067 Religio-

403 1066 771 1106 NTECESSORUM
798 1067 982 1102 nostrorum
1021 1067 1082 1110 piae
1107 1064 1258 1101 recorda*

428 1118 531 1153 tionis
540 1118 698 1152 Anastafii
711 1118 743 1152 ἃ
757 1116 898 1152 Adriani
925 1118 1155 1151 Romanorum
1171 1115 1253 1150 Pon·

307 1169 436 1203 tificum
449 1168 583 1212 vestigia
593 1169 844 1211 prosequentes,
872 1166 931 1201 tibi
946 1191 957 1207 ‚
982 1165 1099 1201 dileste
1125 1167 1172 1200 fili
1196 1166 1270 1200 ele·'

307 1219 357 1252 sse
368 1242 379 1258 ,
406 1229 460 1261 per
472 1218 663 1261 Apostolica
674 1218 787 1260 scripta
801 1228 862 1251 nos
873 1218 1037 1251 mandasse
1054 1216 1232 1251 recolimus
1249 1239 1259 1255 ,

307 1268 354 1302 ita
366 1268 554 1303 discretioni
578 1278 640 1301 tuae
659 1265 773 1302 iterato
794 1267 987 1301 mandamus
999 1290 1011 1307 ,
1046 1276 1082 1300 ut
1093 1267 1187 1301 omni
1203 1277 1254 1309 ap-

307 1318 487 1361 pellatione
497 1318 658 1358 cessante,
686 1316 861 1351 venerabili
874 1317 962 1350 fratri
980 1316 1091 1351 nostro
1114 1314 1258 1350 Thomae

1304 1068 1388 1105 ,sum
1403 1068 1518 1110 pariter
1529 1069 1562 1101 ἀ
1576 1067 1768 1108 honestum,
1795 1066 1830 1100 δε
1842 1068 1920 1102 Deo
1929 1078 1967 1102 ac
1978 1067 2073 1103 nobis
2084 1093 2096 1110 ,
2123 1081 2255 1106 necnon

1303 1109 1349 1156 i&
1374 1117 1520 1151 Ecclesia
1540 1117 1694 1150 universae
1715 1116 1850 1149 charum
1880 1116 2083 1152 omnimodis
2110 1113 2146 1153 dc
2168 1131 2257 1155 acce·
2295 1126 2297 1129 ’

1301 1159 1409 1224 {ptum
1421 1191 1433 1207 ‚
1458 1167 1476 1200 a
1490 1166 1729 1201 pontiniacensi
1747 1166 1952 1202 Monasterio
1964 1169 2146 1209 removeri,
2173 1169 2258 1204 ficut

1301 1218 1500 1252 ⁸audivimus
1512 1241 1523 1257 ,
1550 1217 1721 1250 voluerunt
1733 1239 1744 1255 ,
1769 1216 1916 1251 &eidem
1941 1215 1982 1250 ad
1995 1218 2100 1252 minas
2112 1221 2146 1253 dr
2157 1230 2257 1254 terro-

1301 1244 1364 1321 !res
1372 1266 1580 1310 quorundam
1603 1267 1706 1301 totius
1725 1266 1820 1300 vestri
1830 1266 1968 1302 Ordinis
1988 1268 2140 1303 solatium
2158 1269 2258 1304 dene·

1301 1326 1304 1381 j
1316 1320 1406 1362 gari.
1436 1316 1542 1352 Unde
1562 1317 1721 1360 quoniam
1745 1326 1815 1350 vera
1835 1314 1974 1351 charitas
1995 1317 2081 1352 foras
2104 1319 2204 1354 mittit
2214 1321 2254 1353 ti—

312 1367 537 1403 Cantuarienfi
549 1366 1035 1410 Archi-Episcopo&Ecclefiae
1059 1367 1118 1400 suae
1140 1366 1257 1410 profes-
1316 1378 1439 1402 morem
1451 1392 1462 1408 ‚
1489 1377 1552 1401 nec
1571 1366 1629 1401 viri
1654 1366 1816 1411 Religiosi
1837 1367 1883 1401 est
1894 1364 2077 1402 humanum
2096 1369 2252 1404 timorem

313 1420 437 1452 sionem
450 1416 548 1451 facias
557 1441 569 1457 ‚
596 1418 677 1452 ficut
689 1417 900 1452 antecessores
912 1426 986 1451 tuos
1004 1416 1131 1450 constat
1142 1416 1255 1450 fecisse.
1315 1416 1441 1452 Div'ino
1452 1418 1609 1451 anteferre
1621 1441 1632 1456 ,
1658 1417 1856 1451 universitati
1870 1417 1977 1452 vestrae
1988 1428 2044 1461 per
2055 1418 2250 1462 Apostolica

307 1468 357 1502 Ira
379 1467 515 1509 quidem
538 1466 629 1509 quod
650 1466 759 1510 postea
791 1491 803 1507 ,
828 1465 850 1498 fi
880 1475 916 1499 tu
953 1490 965 1506 ,
992 1466 1043 1499 vel
1066 1466 1255 1500 successores
1299 1468 1428 1512 2scripta
1442 1467 1659 1511 praecipiendo
1670 1467 1941 1506 mandamus‚-ne
1962 1467 2028 1502 tale
2048 1468 2127 1511 quid
2149 1469 2260 1504 decae-

309 1517 360 1551 tui
398 1515 566 1550 volueritis
589 1516 703 1559 aliquo
723 1526 869 1559 tempore
889 1514 1038 1550 adversus
1072 1516 1252 1551 Ecclesiam
1299 1519 1384 1562 j'tero
1396 1518 1582 1558 attentetis,
1610 1527 1651 1550 ne
1671 1517 1727 1560 qui
1749 1517 1992 1560 oppressorum,
2017 1517 2052 1552 &
2074 1529 2133 1562 pro
2146 1520 2257 1554 Ecclffl

305 1563 575 1601 cantuariensem
599 1564 811 1607 quaestionem
830 1565 873 1599 de
890 1564 959 1608 jure
982 1576 1114 1601 movere
1138 1589 1150 1606 ‚
1165 1566 1256 1606 *nul-
1298 1566 1737 1621 isiaelibertateexulantium
1749 1567 1989 1612 refugiumeffe
2008 1567 2154 1608 debetis,
2179 1569 2256 1604 aliis

306 1618 376 1650 lum
390 1625 431 1648 ex
454 1612 519 1651 hoc
543 1613 660 1654 vobis,
687 1614 720 1648 δε
746 1613 895 1649 Ecclefiae
914 1613 1024 1649 vestrae
1034 1615 1251 1658 prejudicium
1299 1618 1501 1661 'exemplum
1516 1617 1550 1650 in
1563 1616 1628 1650 hoc
1638 1615 1855 1659 perniciosum
1867 1617 2037 1659 pmstetis,
2064 1619 2119 1652 sed
2132 1629 2257 1653 memo-

306 1666 342 1700 in
357 1664 518 1709 posterum
539 1674 734 1708 generetur,
760 1674 821 1698 nec
843 1665 1012 1698 occafione
1033 1663 1128 1708 hujus
1139 1665 1253 1708 profes·
1314 1678 1419 1701 ratum
1445 1664 1761 1708 Archi-Episcopum
1783 1675 1842 1707 pro
1862 1660 2039 1698 reverentia
2057 1665 2151 1702 Beati
2164 1666 2253 1702 Rati

306 1715 407 1751 fionis
425 1713 565 1756 personae
585 1713 648 1747 five
673 1712 821 1746 Eccleliae
842 1724 965 1747 novum
990 1724 1047 1746 aut
1060 1715 1247 1748 indebitum
1312 1718 1347 1750 ὅ(
1360 1719 1466 1750 nostra
1479 1731 1492 1756 ·,
1518 1716 1624 1749 &suae
1638 1715 1821 1758 Religionis
1831 1726 1869 1748 ae
1878 1713 2059 1750 honestatis
2069 1715 2213 1751 obtentu
2238 1724 2254 1757 ,'

303 1774 478 1814 gravamen
489 1762 624 1806 aliquod
637 1763 814 1798 inferatur.
845 1763 971 1798 Datum
988 1762 1077 1805 apud
1095 1762 1251 1799 Mentem
1312 1767 1346 1798 ἀ
1367 1766 1450 1808 quia.
1466 1766 1598 1797 causam
1617 1763 1699 1797 adeo
1721 1763 1935 1796 favorabilem
1955 1765 2047 1807 agir,
2074 1765 2253 1810 diligens,

303 1813 513 1854 Pelsulanum
525 1838 538 1857 ,
563 1814 656 1849 sexto
668 1811 744 1850 Idus
755 1811 854 1860 Julii.
1171 1830 1173 1833 »
1313 1823 1535 1847 manurtenere
1545 1810 1730 1856 propensius
1742 1836 1751 1851 ,
1777 1813 1811 1845 dc
1833 1813 1946 1846 fovere
1964 1813 2107 1855 curetis,
2131 1816 2255 1853 &cuni

1243 1888 1245 1891 ι
1313 1864 1351 1898 in*
1374 1861 1542 1898 Domibus
1564 1862 1673 1895 vestris
1686 1882 1698 1899 ,
1721 1871 1797 1895 cum
1818 1861 1860 1895 ad
1873 1873 1929 1895 vos
1942 1863 2086 1902 venerit,
2111 1865 2184 1899 ben'

1311 1915 1346 1949 ἀ
1358 1913 1540 1948 honorifice
1553 1911 1711 1955 recipiatis
1722 1933 1733 1949 ‚
1758 1912 1791 1946 &
1805 1911 1971 1946 mansuete
1983 1914 2120 1948 tractetis
2131 1937 2142 1955 ,
2169 1916 2257 1959 uu'm

1313 1964 1406 1998 vobis
1416 1964 1551 1998 frustum
1565 1973 1643 1996 verae
1668 1961 1835 1995 charitatis
1856 1963 2033 2003 inveniat,
2049 1965 2081 1998 &
2100 1965 2139 1999 ad
2151 1961 2255 2000 totius

464 1963 877 2001 EPlSTOLA
929 1963 1091 1998 LXXXI.

1311 2014 1434 2048 ordinis
1454 2012 1689 2047 incrementum
1702 2013 1816 2054 pariter
1837 2012 1872 2047 δε
1896 2013 2249 2055 Ρῐῡῑεεῖιιηιζῑεαειωι·

1311 2065 1401 2098 omni
1423 2074 1569 2107 tempore
1591 2063 1768 2096 ferventius
1790 2063 1950 2106 adspirare
1972 2087 1979 2094 .
2021 2064 2094 2099 Nos
2118 2076 2185 2110 quo
2210 2077 2252 2101 ue

1313 2116 1367 2158 qui
1381 2113 1541 2148 honorem
1551 2112 1658 2146 eidem
1670 2111 1704 2144 δε
1725 2112 1919 2156 obsequium
1941 2113 2135 2158 impensuri*
2151 2077 2248 2151 noqbis

307 2066 479 2103 Alexander
504 2069 594 2110 Papa
632 2065 742 2100 Abbati
766 2065 800 2099 (¹5
825 2063 986 2098 Fratribus
1014 2060 1245 2104 Pontiniacenfis

678 2114 867 2157 nonasterii.

1313 2163 1383 2206 ipsls
1403 2163 1589 2198 exhibitum
1610 2172 1793 2204 reputamus
1807 2187 1818 2202 ,
1855 2162 2084 2198 liberalitatem
2109 2164 2247 2200 vestram

1310 2213 1483 2247 debeamus
1495 2222 1623 2257 propter
1634 2211 1698 2245 hoc
1712 2212 1744 2245 in
1760 2213 1912 2246 Domino
1934 2215 2165 2250 commendare
2177 2235 2190 2256 0
2213 2215 2249 2250 dc

1312 2263 1484 2298 sinceritati
1508 2263 1617 2298 vestrae
1638 2261 1815 2296 uberrimas
1834 2261 2013 2309 gratiarum
2029 2262 2181 2300 Baiones·
2197 2266 2250 2309 rj-

1311 2315 1392 2348 ferre
2179 2294 2207 2350 χ

1288 2313 1304 3135 ¹
1458 2412 1488 2446 E
1512 2411 1539 2447 P
1566 2411 1583 2445 1
1608 2414 1629 2448 s
1654 2412 1691 2445 T
1714 2413 1748 2446 ο
1774 2412 1804 2445 L
1830 2410 1863 2445 Λ
1909 2411 2100 2448 Lxxxur.

379 2216 476 2252 IDEI
502 2216 538 2252 &
548 2216 736 2253 devotionis
748 2215 856 2250 vestrae
866 2215 1025 2249 fervorem
1036 2235 1047 2251 ‚
1074 2223 1173 2255 quem
1193 2212 1247 2245 cir-

401 2277 439 2300 ca
450 2278 510 2301 nos
520 2269 555 2302 ἀ
569 2267 746 2301 Ecclesiam
757 2266 945 2298 Romanam
956 2260 1181 2303 multipliciter
1193 2273 1246 2306 ge-

305 2317 376 2352 ritis
387 2318 421 2350 in
432 2328 471 2351 eo
482 2340 494 2356 ,
519 2317 608 2360 quod
623 2313 838 2349 venerabilem
850 2314 980 2346 fratrem
1003 2310 1148 2345 nostrum
1160 2311 1247 2346 Can·

302 2367 500 2403 tuariensem
530 2364 853 2411 Archi-Episcopum
869 2362 936 2397 tarn
963 2359 1105 2405 benigne
1132 2386 1145 2402 ,
1179 2361 1245 2395 tim

304 2415 451 2451 humane
469 2415 503 2450 dt
522 2414 657 2449 honeste
667 2415 807 2448 tractatis
818 2437 830 2453 ‚
856 2422 916 2446 nec
938 2410 978 2444 ad
992 2409 1128 2452 alicujus
1140 2410 1246 2446 minas

304 2467 357 2501 vel
370 2464 547 2500 blanditias
560 2466 595 2499 in
607 2463 671 2498 hoc
681 2465 834 2507 respicere
855 2461 1000 2498 voluistis
1014 2485 1025 2501 ,
1049 2472 1136 2495 certa
1159 2461 1245 2495 exhi-

304 2516 432 2551 bitione
450 2514 559 2559 operis
578 2513 825 2548 demonstraris.
851 2511 959 2559 Qod
982 2513 1096 2555 urique
1115 2521 1243 2555 gratum

303 2565 509 2601 omnimodis
531 2565 565 2598 ἀ
587 2573 780 2608 acceptum,
806 2562 974 2606 tamquam
994 2560 1017 2593 fi
1039 2560 1177 2604 personat
1189 2572 1242 2595 no-

305 2617 375 2651 ssrae
388 2616 491 2649 fuisset
500 2612 684 2648 exhibitum
700 2621 884 2657 reputantes
895 2635 906 2651 ,
921 2621 1059 2655 quantas
1069 2612 1243 2654 possumus,

305 2666 457 2702 charitati
471 2663 576 2697 vestras
586 2665 676 2706 super
689 2661 754 2697 hoc
764 2661 942 2707 gratiarum
963 2661 1128 2695 referimus
1139 2661 1241 2696 astio-

307 2726 366 2752 nes
377 2738 385 2747 .
414 2713 457 2746 Et
467 2711 671 2747 affectionem
683 2712 819 2746 vestram
831 2710 993 2746 immensis
1003 2710 1122 2744 exinde
1144 2711 1241 2745 laudi-

306 2766 368 2802 bus
392 2764 425 2798 in
450 2763 602 2796 Domino
622 2759 910 2796 commendamus.
938 2760 1065 2795 Verum
1087 2763 1244 2804 quoniam

308 2816 390 2851 boni
404 2813 511 2857 operis
522 2812 598 2847 finis
608 2811 712 2856 magis
723 2810 821 2856 quam
834 2810 1030 2854 principium
1043 2811 1123 2845 solet
1144 2821 1246 2846 atten-

309 2866 369 2904 di,
396 2864 429 2897 &
454 2862 486 2895 ei
503 2862 560 2908 qui
572 2862 722 2895 omnium
741 2860 839 2895 corda
861 2861 1043 2902 scrutatur,
1070 2861 1144 2904 plu·
1161 2873 1245 2896 acce-

308 2924 383 2964 ptus
401 2911 511 2947 haberi
528 2936 541 2952 ,
566 2911 797 2946 discretionem
819 2910 954 2946 vestram
975 2922 1030 2954 per
1056 2911 1246 2955 Apostolica

309 2965 427 3008 scripta
446 2972 618 3007 rogamus,
656 2971 830 2996 monemus
851 2985 862 3001 ,
899 2971 996 3004 atque
1020 2962 1212 2997 mandamus
1237 2987 1248 3002 ,

307 3012 542 3059 quatenusjam
554 3012 640 3047 disto
658 3010 945 3055 Archi-Episcopo
957 3035 968 3050 ,
989 3011 1070 3045 ficut
1094 3011 1248 3048 hastenus

310 3063 518 3101 laudabiliter
528 3062 635 3096 fecisse
646 3061 820 3096 noscimini
833 3086 844 3102 ,
869 3061 1033 3096 consuetas
1044 3059 1249 3097 liberalitatis

310 3112 450 3150 subsidia
463 3114 508 3147 ita
520 3109 652 3147 honeste
662 3109 888 3147 &honorifice
901 3110 1090 3145 ministretis
1102 3135 1114 3152 ‚
1140 3123 1178 3146 ut
1190 3114 1249 3146 fra-

310 3174 436 3199 ternam
449 3163 483 3197 in
497 3162 590 3196 vobis
607 3162 795 3197 charitatem
818 3159 1050 3196 ferventiorem
1072 3162 1251 3204 semperin-

312 3214 424 3249 veniat
454 3225 462 3245 ε
490 3223 631 3247 neceam
658 3224 717 3256 pro
733 3211 834 3246 minis
857 3211 909 3245 vel
920 3208 1094 3245 terroribus
1116 3211 1250 3253 alicujus

311 3274 424 3298 contra
434 3263 464 3297 se
477 3262 608 3307 tepuiss'e
619 3262 799 3307 cognoscat
812 3285 821 3294 .
850 3261 938 3296 Cum
951 3263 1040 3294 enim
1066 3259 1155 3294 illius
1164 3260 1248 3296 dile-

314 3313 429 3346 (tionis
450 3312 589 3347 obtentu
612 3337 622 3352 ,
649 3323 718 3355 quae
739 3310 835 3345 debet
846 3312 931 3345 circa
954 3311 1143 3354 proximum
1155 3309 1246 3344 exhi-

316 3361 384 3395 beri
397 3383 407 3399 ,
430 3363 524 3396 minae
535 3363 651 3405 &juffa
665 3361 857 3404 Principum
867 3369 1126 3395 contemnuntur
1138 3384 1150 3400 ,
1173 3371 1249 3394 eum

317 3409 375 3457 qui
387 3419 425 3443 ex
437 3418 508 3447 1010
519 3412 616 3449 corde
625 3437 636 3456 ,
660 3423 701 3447 ex
713 3421 784 3447 tota
794 3410 904 3446 anima
916 3434 927 3450 ‚
953 3411 989 3446 ὃς
1011 3421 1053 3444 ex
1062 3420 1130 3446 tota
1144 3421 1250 3445 mente

1361 2513 1530 2549 alexander
1552 2516 1639 2555 Papa
1654 2512 1752 2545 Priori
1763 2510 1970 2546 &Fratribus
1993 2516 2198 2547 cantuarie.
2237 2527 2245 2559 j.

1373 2613 1505 2650 UPER
1535 2613 1714 2657 Religione
1729 2611 1831 2645 vestra
1843 2610 1918 2644 satis
1930 2622 1997 2644 non
2013 2613 2178 2655 possumus
2187 2611 2249 2648 ad-

1396 2664 1508 2698 mirari
1530 2688 1541 2703 ,
1574 2661 1663 2706 quod
1680 2672 1756 2695 cum
1783 2660 1973 2694 venerabilis
1990 2662 2087 2696 frater
2104 2662 2212 2697 noster
2236 2688 2249 2705 ‚

1311 2713 1615 2757 Archi-Episcopus
1627 2712 1724 2745 vester
1736 2735 1746 2751 ,
1773 2722 1830 2754 pro
1850 2710 1950 2744 vestra
1961 2711 1995 2744 ἀ
2018 2713 2120 2746 totius
2133 2713 2250 2758 Angli·

1311 2777 1398 2800 canae
1410 2763 1556 2798 Ecclefiae
1568 2763 1716 2796 libertate
1728 2760 1851 2794 laboret
1863 2784 1874 2800 ‚
1899 2761 1933 2794 ἀ
1945 2761 2084 2795 exilium
2096 2775 2133 2796 ac
2146 2765 2248 2800 multa

1311 2816 1397 2856 alia,
1425 2826 1496 2859 quae
1517 2823 1646 2849 tantum
1671 2811 1774 2844 virum
1798 2821 1863 2844 non
1885 2810 2003 2844 decent
2024 2835 2036 2851 ,
2074 2812 2248 2853 sustineat,

1312 2866 1416 2909 ipsum
1426 2864 1507 2898 fient
1520 2863 1648 2896 Patrem
1658 2862 1692 2895 δι
1704 2860 1893 2904 magistrum
1907 2860 2043 2895 vestrum
2058 2862 2159 2905 digna
2171 2873 2250 2896 con-

1313 2914 1474 2951 solatione
1493 2913 1667 2957 respicere,
1691 2910 1726 2943 &
1750 2908 1817 2950 ejus
1837 2909 2073 2945 neceffitatibus
2098 2912 2249 2946 noluistis

1314 2965 1464 3000 haetenus
1484 2963 1652 2997 subvenire
1675 2984 1682 2990 .
1727 2958 1832 2992 Unde
1848 2959 2002 3002 quoniam
2024 2961 2171 2996 Ecclesiae
2198 2973 2250 2996 ve-

1314 3014 1453 3057 straejura
1468 3011 1687 3057 &dignitates
1696 3007 1853 3051 abjicere,
1879 3009 2009 3044 &circa
2030 3022 2068 3046 ea
2091 3011 2247 3056 quodam-

1316 3065 1415 3100 modo
1423 3061 1581 3097 videmini
1589 3060 1792 3105 negligentes
1803 3058 1940 3093 existere
1948 3084 1961 3101 ,
1979 3060 2036 3104 qui
2046 3061 2112 3104 jam
2121 3061 2246 3096 dinam

1317 3112 1653 3156 Archi-Episcopum
1675 3134 1687 3151 ‚
1728 3110 1759 3143 se
1782 3120 1842 3152 pro
1859 3107 1910 3143 his
1931 3110 2045 3145 multis
2064 3111 2098 3145 δε
2117 3109 2247 3143 diversis

1317 3161 1464 3210 periculis
1493 3170 1712 3205 exponentem
1738 3182 1750 3198 ,
1784 3158 1934 3193 noluistis
1957 3159 2120 3203 hucusque
2138 3159 2191 3193 vel
2212 3162 2246 3193 in

1316 3214 1448 3248 modico
1468 3210 1637 3254 adjuvare,
1666 3208 1883 3244 Univerfitati
1907 3209 2014 3244 vestrae
2031 3220 2086 3252 per
2107 3208 2249 3253 Aposto-

1317 3265 1378 3298 lica
1402 3261 1518 3304 scripta
1539 3259 1756 3305 praecipiendo
1780 3259 1989 3299 mandamus,
2014 3259 2048 3293 ἀ
2070 3260 2105 3292 in
2131 3259 2248 3293 virtute

1315 3311 1507 3348 obedientias
1516 3310 1651 3343 firmiter
1661 3309 1754 3343 vobis
1775 3307 2002 3353 injungimus,
2026 3318 2187 3354 quatenus
2204 3310 2250 3343 ei·

1316 3364 1391 3396 dem
1411 3361 1494 3395 infra
1514 3361 1598 3394 duos
1620 3361 1744 3393 menses
1770 3359 1839 3402 post
1853 3356 1967 3392 harum
1978 3359 2212 3402 susceptionem
2238 3382 2250 3398 ,

1316 3410 1616 3452 subventionemita
1628 3419 1807 3455 congruam
1819 3401 1972 3443 exhibere
1993 3409 2135 3448 curetis,-
2158 3407 2248 3452 quod

2144 3468 2219 3492 eum

1256 3469 1274 3503 ,l
