2358 3776
667 146 942 205 RERUM
975 142 1072 206 ET
1109 142 1579 205 VERBORUM.

131 259 136 265 -
160 240 242 287 lucri
252 238 390 283 cupidi,
416 239 547 283 aiebant
559 238 671 285 Regi.-
700 236 791 283 quod
803 234 914 273 nullus
942 231 1057 289 praede-

160 290 319 326 cestorum
332 290 402 334 ejus
414 299 521 324 tantas
530 290 612 324 vires
624 288 785 326 habuisset
796 311 809 328 ,
832 295 932 329 atque
942 284 1056 327 ampli·

160 340 310 376 tudinem
325 365 336 382 ,
364 352 402 374 ac
415 340 480 383 ipse
492 363 500 373 .
525 339 691 383 Adeoque
702 337 840 374 honoris
861 334 931 378 ejus
944 334 1005 368 esse
1017 331 1055 366 ad

162 391 280 426 statum
292 390 388 435 regni
410 389 688 428 conservandum,
717 388 936 430 undequaque
970 383 1056 418 bona

162 442 320 488 colligere
346 453 359 475 .-
396 440 496 474 etiam
522 438 742 476 Ecclefiastica
764 463 773 474 .
798 434 953 473 Maxime
977 435 1055 478 quia

158 492 251 536 juxta
262 489 516 526 consuetudines
530 488 663 534 Angliae
673 489 706 525 id
718 486 838 525 licebat
849 509 857 521 0
885 483 1055 522 Attribue-

162 541 242 577 bant
255 540 376 575 scilicet
387 540 546 584 dignitati
569 539 684 584 Regiae
708 534 868 584 quidquid
883 534 1054 579 quondam

162 590 203 625 de
215 590 372 636 potestate
381 600 448 626 erat
458 591 707 636 praesumptum:
732 587 818 629 licet,²
830 585 911 622 illud
933 596 994 620 nee
1017 585 1052 619 fi·

160 641 215 676 dei
238 638 473 680 concordaret,
498 650 557 673 nec
580 639 700 675 rationi
721 662 734 681 ,
771 647 833 671 nec
854 635 1051 673 consentiret

160 690 305 736 aequitati
320 715 330 727 ,
357 701 389 726 ιι
400 701 430 726 1.
441 702 459 726 ι-
466 688 531 733 seq.
546 689 629 735 Regi
644 699 753 726 autem
766 685 913 731 placebat
927 685 1050 727 honor,

161 741 333 785 &gloria.
357 740 431 775 ibid.
461 739 665 785 Instigabant
701 737 832 783 Regem
869 746 984 771 contra
1009 736 1051 769 D.

162 790 336 826 Thomam
348 790 443 829 variis
453 789 651 838 argumentis
663 812 671 825 ,
701 787 754 828 16.
769 797 800 826 2..
825 788 904 823 Vide
919 786 1052 831 Episco-

190 840 267 874 iAn
298 841 347 875 liae
361 865 370 873 .
462 871 463 874 ,

112 851 398 928 Αυῗὴοῐσξὶωὶηῐς
407 887 538 933 gravius
553 887 661 932 puniri
683 887 763 922 solet
775 888 810 923 δι
833 886 928 922 debet
941 911 953 928 ,
979 898 1051 931 pro·—

165 950 236 1027 ptefi
257 939 378 974 malum
392 962 405 982 ‚
430 937 521 984 quod
543 938 678 986 praebuit
698 938 773 974 aliis
797 962 810 981 ,
831 937 1019 986 exemplum

168 1000 210 1038 15
238 1013 245 1021 .
267 999 299 1027 2.

566 1087 596 1126 B

193 1184 504 1227 ARBARISMUS
529 1189 622 1225 vocis
644 1188 841 1233 oportuebat,
867 1198 926 1232 pro
945 1195 1054 1230 aporire

213 1239 266 1275 bat
285 1264 296 1280 ,
322 1239 500 1274 confundit
520 1240 673 1279 odiosum
696 1241 872 1284 quemdam
893 1238 1053 1281 eloquen-

164 1300 229 1324 tem
242 1299 353 1323 coram
367 1287 454 1331 Papa
466 1314 475 1321 .
954 1294 1008 1334 25.
1021 1296 1053 1337 2⁷²·-

112 1338 353 1382 bangornensis
367 1337 505 1373 Ecclesia
516 1337 670 1370 destituta
683 1337 849 1379 Episcopo
861 1359 873 1375 ,
898 1336 999 1369 consu
1029 1336 1052 1368 it

162 1399 205 1422 ex
215 1387 353 1423 consilio
366 1384 503 1423 Arthuri
516 1385 556 1420 de
568 1385 683 1430 Bargis
695 1410 706 1427 ,
731 1385 771 1420 ad
795 1384 978 1428 Metropoli
997 1396 1049 1419 am

162 1435 336 1473 Hiberniae
349 1459 360 1474 ,
387 1446 445 1477 pro
455 1435 666 1469 ordinatione
678 1436 755 1470 novi
773 1435 926 1478 Episcopi
941 1459 951 1475 ‚
979 1435 1054 1477 quia

125 1480 127 1482 ’
163 1486 310 1531 proprius
327 1493 444 1520 eorum
471 1483 685 1527 Metropolita
709 1485 754 1519 D.
773 1481 926 1519 Thomas
946 1483 1056 1518 exula-

164 1536 243 1572 bat,
271 1545 351 1581 ²27·
374 1545 406 1571 2·
433 1533 586 1569 Thomas
609 1546 685 1569 vero
707 1545 746 1568 ne
773 1534 907 1582 quidem
929 1535 1046 1578 acquic

161 1587 254 1621 scens
269 1582 417 1628 precibus
438 1585 529 1618 Deni
546 1585 647 1630 Regis
658 1584 813 1619 Gualliae.
841 1592 921 1633 227.
941 1595 965 1616 1.
979 1584 1047 1620 mit·

165 1636 208 1672 tit
228 1635 382 1671 mandata
395 1635 448 1671 sua
461 1644 581 1681 22702·
594 1646 710 1673 omnes
720 1634 870 1674 Clericus
889 1635 995 1671 citans
1016 1635 1056 1670 ad

167 1687 218 1720 se.
932 1696 1012 1732 227.
1027 1696 1058 1725 2..

117 1735 246 1777 Bedelli
261 1758 270 1770 .
958 1734 1014 1773 60-
1031 1747 1057 1771 1-

113 1788 249 1831 Bglgica
262 1782 399 1819 secunda
413 1808 424 1826 ,
453 1784 514 1820 five
527 1784 711 1819 Remorum
721 1808 732 1824 ,
759 1785 794 1818 in
806 1784 950 1830 antiquis
961 1783 1057 1818 histo·

165 1835 220 1870 riis
234 1833 410 1872 Provincia
422 1833 495 1870 duri
510 1833 661 1867 cordium
683 1834 880 1877 appellatur.
935 1843 1010 1881 170.
1026 1846 1057 1873 2.

115 1885 367 1922 Beneficiorum
379 1894 447 1921 nou
459 1883 505 1922 est,
520 1883 722 1922 abutendum
734 1884 882 1920 bonitate
891 1908 899 1916 .
927 1894 1003 1934 19¹·
1029 1896 1058 1919 2.

167 1947 183 1972 1
247 1959 254 1967 .
281 1946 311 1973 ι.

119 1942 325 2022 Βεηὲἓιᾱοτί
351 1984 410 2021 suo
432 1980 643 2029 impugnanti
666 1981 852 2018 libertatem
875 1980 1022 2017 Ecclesia
1051 2008 1060 2023 ‚

164 2036 304 2080 quinon
322 2034 453 2071 auderet
465 2033 627 2074 resistere,
654 2033 837 2067 imitaretur
852 2032 970 2076 Judam
989 2043 1058 2075 pro-

165 2086 309 2120 ditorem
326 2085 521 2120 vendentem
536 2083 724 2118 Dominum
739 2084 842 2119 suum.
948 2093 1051 2126 1242

77 2159 79 2162 .
119 2134 289 2173 Beneficia
303 2133 530 2170 Ecclefiassica
541 2133 753 2170 conferebant
764 2133 857 2171 Laici
868 2132 900 2166 in
917 2132 1038 2177 Anglia
1051 2158 1060 2172 ,

168 2181 436 2219 &inveniebant
447 2182 595 2218 Clericos
610 2184 662 2217 sua
677 2182 896 2220 authoritate.
925 2192 1002 2228 309.
1029 2195 1057 2220 2-

168 2234 259 2274 Tam
279 2232 412 2269 dantem
424 2256 436 2272 ,
460 2243 558 2275 quam
571 2233 782 2276 accipientem
794 2234 1060 2269 excommunicat

168 2285 215 2319 D.
243 2281 414 2320 Thomas.
458 2283 538 2319 260
562 2294 591 2320 2·
619 2283 686 2321 261-
710 2294 739 2319 2·
767 2284 798 2317 δε
821 2283 1010 2320 Alexander
1034 2294 1051 2331 3

167 2334 362 2377 pronunciat
376 2343 549 2379 utrumque
563 2334 875 2372 anathematizatum
891 2334 952 2368 esse
971 2333 1056 2377 juxta

168 2383 301 2419 Parrum
314 2382 463 2420 Instituta
481 2407 492 2423 ‚
516 2392 595 2430 3¹0·
609 2397 629 2415 1.
656 2383 772 2419 similes
794 2384 988 2420 collationes
1009 2394 1059 2417 au-

168 2433 326 2469 thoritate
338 2432 380 2466 D.
400 2433 489 2467 Petri
502 2435 596 2467 cassat
611 2434 643 2468 ἀ
658 2435 776 2467 irritat:
805 2434 965 2468 mandans
985 2444 1041 2465 om

136 2514 146 2524 ,
166 2483 266 2520 nibus
276 2481 444 2524 Episcopis
458 2481 590 2526 Angliae
603 2507 612 2523 ,
640 2493 676 2516 ut
688 2483 810 2519 fruetus
833 2483 1039 2518 restituantur
1052 2507 1061 2521 ,

168 2533 416 2575 &refignentur
427 2531 582 2567 beneficia
598 2532 704 2568 taliter
726 2533 850 2568 collata
870 2557 877 2565 .
917 2532 1019 2579 Quod
1041 2533 1060 2565 si

170 2593 239 2617 non
254 2581 410 2619 fecerint,
436 2580 522 2615 infra
548 2582 762 2626 quadraginta
786 2584 855 2617 dies
875 2594 1048 2616 excommu

140 2663 144 2667 .
169 2633 342 2672 nicemur3
368 2629 493 2674 quodsi
515 2629 666 2674 Episcopi
694 2632 864 2675 negligant
889 2632 973 2665 hanc
995 2633 1056 2666 sen-

170 2681 310 2716 tentiam
321 2680 419 2715 ferre:
448 2679 587 2714 declarat
601 2679 688 2723 Papa
698 2680 730 2714 se
751 2691 865 2715 omnes
889 2680 1058 2717 beneficia-

171 2741 224 2767 tos
237 2728 421 2773 hujusmodi
432 2731 466 2766 &
476 2729 647 2765 collatores
659 2731 946 2765 excommunicare
959 2756 966 2764 .
988 2731 1059 2765 ibid.

175 2782 366 2818 Gaufredus
377 2804 390 2820 ,
415 2782 470 2823 qui
487 2781 543 2815 tali
557 2779 658 2815 modo
670 2780 712 2816 de
723 2792 821 2819 manu
837 2782 934 2818 Laica
946 2779 1060 2816 benefi-

173 2834 263 2869 cium
286 2839 448 2875 receperat
469 2854 479 2870 ,
505 2831 810 2865 excommunicatur
833 2843 840 2864 :
871 2843 936 2865 non
958 2831 1060 2866 absol·

173 2882 321 2920 vendus,
349 2880 405 2915 nisi
426 2880 614 2916 cautionem
625 2880 777 2916 exhibeat
788 2881 977 2917 restituendi
1001 2881 1047 2917 flu

174 2934 242 2967 &us
253 2940 417 2974 perceptos
429 2929 461 2962 ὅ(
475 2929 668 2965 δὲηείὶςίυτη
680 2955 690 2971 ,
725 2941 798 2978 324.
826 2944 843 2965 ι.
871 2931 1035 2968 Beneficia
1052 2959 1059 2971 ,

175 2983 275 3016 etiam
288 2979 467 3025 dignitates
482 2979 672 3016 Abbatiales
685 3005 694 3019 ‚
705 2980 887 3015 minabatur
905 2982 975 3015 Rex
994 2982 1047 3015 An

178 3032 251 3078 gliae
263 3031 388 3071 auferre
412 3030 474 3073 iis,
500 3031 555 3075 qui
570 3031 613 3066 D.
632 3030 775 3068 Thomae
796 3031 948 3067 audeient
972 3033 1059 3066 exul·

163 3084 376 3118 succurrere.
938 3093 1011 3130 ¹47-
1027 3095 1059 3120 2·

139 3135 340 3177 &rengarius
355 3129 387 3162 in
400 3126 453 3163 die
466 3127 669 3166 Ascenfionis
679 3132 818 3166 Domini
829 3158 838 3172 ,
867 3132 1012 3167 Londini
1028 3134 1059 3165 in

177 3181 326 3224 Templo
341 3178 375 3212 Β,
389 3177 480 3213 Pauli
493 3201 503 3217 ‚
531 3180 695 3217 Sacerdoti
708 3184 841 3218 nomine
855 3182 975 3217 Vitalis
986 3207 996 3223 ‚
1010 3195 1059 3226 pu⁴

164 3232 262 3268 tanti
278 3231 308 3266 se
320 3230 362 3264 ab
388 3228 446 3262 illo
467 3227 669 3264 oblationem
693 3236 852 3275 recipere,
878 3243 954 3267 cum
979 3235 1056 3266 cele·
1106 3245 1110 3266 l

178 3281 284 3317 braret
298 3305 309 3323 ,
335 3279 434 3316 tradit
448 3276 592 3313 charram
607 3304 617 3320 ‚
644 3280 676 3314 in
690 3292 751 3325 qna
767 3284 996 3320 continebatur
1009 3294 1061 3316 ex·
1107 3281 1112 3313 ἶ

184 3329 445 3366 communicatio
459 3328 699 3366 Londonienfis
712 3332 883 3377 Episcopi,
909 3333 942 3368 &
963 3344 1059 3375 praec·-

178 3382 325 3427 piebatur
364 3379 467 3414 Vitali
506 3392 545 3413 ex
569 3391 656 3422 parte
669 3381 709 3416 D.
747 3382 910 3422 Thomae,
939 3394 978 3418 ne
1002 3384 1066 3415 ces·

181 3429 518 3469 saretacelebratione
530 3430 648 3464 Miliae.
679 3431 744 3464 Hir
756 3435 923 3469 obedivit.
953 3433 1022 3476 264
1048 3445 1066 3465 ¹-

175 3482 241 3529 [ες.
251 3481 346 3517 Tum
359 3480 571 3527 Berengarius
584 3482 622 3516 ad
635 3482 796 3526 populum
820 3485 993 3520 conversus
1004 3484 1067 3519 cla·
1080 3482 1089 3520 Ι

1109 3320 1112 3336 l

1109 3337 1112 3356 l

1110 3360 1113 3380 l

1106 3382 1120 3527 l

1173 232 1277 267 mavit
1293 255 1301 263 .
1326 234 1434 270 scitote
1443 231 1622 275 Eptftopum
1635 238 1875 286 Londuienfim*
1886 242 2056 279 aethmun.

1170 287 1454 321 excommunicatum
1474 282 1527 326 effe
1550 284 1571 321 δ
1591 282 1723 320 rhama.
1748 291 1819 327 ibid.
1845 294 1889 329 Et
1913 296 2054 339 populus

1170 334 1360 368 catervatim
1373 333 1484 372 exibat
1495 356 1504 367 .
1979 344 2055 380 ibid,

1121 381 1178 421 Bis
1189 382 1277 471 ὶέοιῃ
1289 395 1359 422 non
1385 384 1483 434 punit
1502 383 1620 429 Deus,
1644 395 1705 424 nec
1714 383 1864 429 hoclieet
1883 392 2053 433 hemian.

1173 443 1189 470 1
1218 458 1225 470 e
1245 444 1274 474 12

1119 482 1246 523 Blande
1256 483 1469 528 loquentibus
1481 494 1551 520 non
1559 484 1605 523 est
1616 486 1738 530 semper
1748 487 1932 524 adhibenda
1951 493 2049 529 fides:

1168 544 1244 569 nam
1251 534 1354 582 fistula
1374 536 1461 574 dulce
1482 541 1591 579 canit,
1615 538 1760 574 volucrem
1781 541 1853 576 dum
1875 541 1985 586 decipit
2005 554 2058 577 au.

1165 592 1251 627 ceps.
1949 601 1964 629 1
2020 602 2057 626 .ι.

1116 633 1266 672 Boloniae
1277 634 1400 670 Comes
1410 633 1589 674 Matthaeus
1600 662 1612 679 ‚
1625 637 1736 674 Frater
1747 637 1896 685 Philippi
1910 590 2059 678 Cogifiitis

1166 684 1349 726 Flandriae‚
1375 686 1440 720 init
1451 689 1700 723 matrimonium
1721 689 1949 726 detestandum
1974 701 2054 726 cum

1166 733 1233 769 filia
1244 734 1400 778 Stephani
1414 737 1603 782 Anglorum
1617 738 1720 783 Regis
1730 764 1741 780 ,
1768 739 1936 776 Abbatissa
1951 752 1971 778 2
1973 749 2005 788 3-
2019 750 2059 781 z.-

1166 784 1457 823 Contradicentem
1470 787 1642 828 Thomam
1653 788 1784 832 ,adhuc
1796 790 2059 830 Cancellarium.

1168 833 1348 870 Matthaeus
1360 836 1440 872 odio
1451 836 1561 875 habet.
1984 841 2061 879 thid.

1117 884 1211 922 Bona
1221 886 1325 922 multa
1337 886 1544 929 promittebat
1556 889 1631 925 Rex
1642 889 1776 936 Angliae
1799 890 1845 925 D.
1860 890 2007 928 Thomae
2019 892 2057 930 ὅς

1166 935 1254 976 suis,
1280 935 1302 968 si
1326 936 1498 972 voluissent
1522 938 1608 984 Regi
1627 942 1831 985 acquiescere
1850 953 1861 985 ;
1889 943 1942 977 sed
1962 941 2063 976 Tho-

1165 997 1234 1020 mas
1245 997 1323 1023 cum
1337 985 1401 1023 suis
1423 987 1517 1024 verba
1535 988 1640 1035 Regis
1661 992 1915 1035 interpretantur
1936 1016 1947 1032 ,
1983 991 2060 1028 acfi

1111 1069 1115 1082 ³
1166 1035 1312 1074 diceret:
1340 1043 1413 1073 Haec
1422 1044 1523 1074 omnia
1534 1039 1681 1077 tibidaebo
1699 1067 1710 1083 ,
1733 1041 1762 1084 fi
1779 1043 1888 1079 cadens
1901 1044 2059 1080 adorave-

1167 1092 1289 1125 rismeq
1318 1096 1375 1135 3¹4
1397 1099 1426 1125 2-
1456 1088 1550 1126 Bona
1562 1090 1603 1125 fic
1624 1092 1699 1127 sunt
1719 1093 1882 1134 amanda,
1909 1105 1945 1128 ut
1971 1090 2060 1127 mala

1168 1136 1277 1180 saepius
1290 1147 1419 1181 propter
1432 1138 1488 1175 illa
1499 1139 1562 1174 sint
1572 1141 1741 1181 toleranda
1754 1155 1762 1179 ;,
1790 1144 1868 1181 ficut
1879 1143 1959 1181 dum
1975 1151 2060 1181 tem·

1168 1186 1272 1230 pestas
1284 1188 1407 1232 ingruit
1418 1212 1429 1228 ,
1455 1189 1559 1226 multa
1572 1190 1694 1227 debent
1708 1194 1741 1226 in
1756 1204 1843 1230 mare
1856 1193 1992 1237 projici,
2018 1199 2058 1228 ut

1169 1238 1262 1270 navis
1276 1238 1359 1270 salva
1373 1237 1466 1280 possit
1478 1239 1518 1273 ad
1536 1251 1665 1284 portum
1679 1242 1809 1287 perduci
1823 1268 1830 1275 .
1957 1242 2012 1289 85·
2028 1253 2059 1278 2-

1120 1282 1212 1320 Bona
1227 1285 1443 1320 Ecclesiastica
1458 1298 1525 1323 non
1549 1290 1624 1324 sunt
1649 1292 1944 1327 Ecclesiasticorum
1967 1290 1992 1332 ,‘
2006 1288 2062 1325 sed

1171 1334 1256 1367 bona
1269 1345 1465 1377 pauperum:
1494 1337 1731 1378 patrimonium
1755 1339 1919 1376 Crucifixi
1941 1364 1950 1376 .
1976 1340 2062 1388 Qae

1170 1384 1280 1427 potius
1305 1383 1536 1421 Ecclesiasticis
1558 1387 1631 1420 sunt
1652 1389 1886 1424 commendata
1912 1413 1924 1429 ‚
1959 1399 2060 1431 quam

1169 1432 1310 1467 donata.
1344 1442 1462 1479 1342-
1490 1433 1664 1483 Qidquid
1676 1435 1795 1472 deillis
1815 1438 2003 1475 distractum
2013 1437 2063 1475 est

1171 1483 1236 1516 fine
1246 1482 1370 1518 assensu
1384 1483 1528 1520 Romani
1543 1484 1716 1520 Pontificis
1729 1511 1740 1527 ‚
1766 1499 1822 1522 aut
1839 1488 2022 1533 Privilegio
2046 1511 2060 1531 ‚

1172 1540 1341 1569 revocatur
1362 1557 1369 1564 .
1397 1531 1452 1571 66.
1479 1545 1511 1573 2.
1541 1534 1635 1570 Bona
1656 1536 1875 1572 ecclesiastica
1908 1539 1966 1583 qui
1984 1537 2061 1573 diri·

1173 1583 1290 1626 piunt,
1316 1579 1655 1629 haereditatequaerunt
1667 1588 1890 1624 sanctuarium
1914 1589 1978 1623 Dei
1991 1589 2062 1632 pos·

1173 1633 1291 1667 fidere:
1318 1632 1522 1676 ibuntque-in
1545 1637 1880 1680 exterminationem,
1907 1639 2063 1683 usquein

1173 1684 1300 1717 tertiam
1312 1683 1345 1716 ὅ(
1358 1694 1502 1727 quartam
1517 1687 1781 1729 generationem.
1806 1687 1860 1726 82.
1874 1701 1902 1726 2·
1912 1690 2063 1742 Qidam

1175 1734 1454 1775 quioccupaverat
1468 1732 1554 1767 bona
1570 1734 1807 1775 Ecclesiastica,
1836 1738 1874 1771 B.
1901 1739 2064 1776 Anselmo

1163 1782 1241 1816 'Dei
1257 1782 1446 1819 vindicante
1459 1782 1611 1826 injuriam
1624 1809 1636 1825 ‚
1663 1786 1773 1830 paucis
1784 1787 1899 1823 diebus
1919 1788 1990 1832 post
2010 1788 2068 1823 de·

1175 1832 1304 1868 fundius
1314 1831 1360 1865 est
1375 1843 1450 1867 cum
1465 1832 1574 1867 liberis
1596 1835 1678 1877 suis,
1705 1847 1787 1881 quos
1810 1837 1919 1881 praedae
1940 1839 2067 1873 futuros

1176 1883 1367 1917 succeflores
1377 1883 1550 1926 speraverat
1562 1908 1569 1916 .
1595 1889 1673 1930 276.
1690 1897 1722 1921 2.
1735 1886 1826 1921 Bona
1841 1888 2066 1925 Ecclesiastica
2076 1908 2085 1915 -

1176 1930 1389 1971 detinente-s,
1418 1933 1922 1979 suntincapacesabsolutionis‚
1949 1938 2007 1972 nisi
2021 1949 2069 1972 re·

1176 1980 1330 2017 stituant:
1357 1980 1412 2015 hic
1423 1983 1532 2022 enim,
1558 1983 1698 2025 flautei,
1724 1987 1836 2025 locum
1860 1987 1957 2025 habet
1981 1987 2065 2026 illud

1175 2030 1355 2076 Augustini
1367 2045 1379 2069 .·
1405 2036 1477 2068 Non
1489 2034 1657 2070 dimittitur
1665 2043 1823 2081 peccatum
1834 2061 1845 2077 ,
1871 2038 2066 2081 nifirestmaae-

1175 2090 1225 2117 tur
1237 2082 1375 2114 ablatum
1389 2107 1397 2115 .
1437 2102 1439 2104 v
1786 2087 1867 2138 236,
1881 2101 1911 2126 2.
1939 2099 2017 2138 ²¹37·
2035 2097 2062 2123 1.

1127 2130 1220 2166 Bona
1233 2132 1451 2168 Ecclefiastica
1467 2133 1619 2170 Ecclefiae
1631 2136 1873 2173 Cantuariensis
1889 2139 1995 2175 ablata
2008 2149 2065 2181 pet

1177 2182 1305 2226 Regem
1316 2183 1348 2216 &
1360 2184 1435 2218 suos
1446 2208 1458 2224 ‚
1483 2188 1556 2231 276
1575 2195 1608 2221 2.
1635 2188 1648 2229 (
1661 2190 1776 2231 praedia
1791 2189 1911 2229 ,castra
1922 2190 1984 2225 &cq
2007 2185 2064 2235 98,

1178 2242 1206 2266 1·
1219 2243 1287 2274 quae
1298 2230 1462 2274 prohibita
1475 2244 1565 2268 erant
1589 2234 1658 2270 dari
1685 2238 1728 2272 D.
1754 2238 1913 2274 Thomae.
1945 2250 2019 2288 135·
2031 2249 2065 2285 2,

1174 2278 1344 2314 distributa
1357 2291 1415 2323 pro
1425 2283 1592 2318 voluntate
1603 2286 1705 2331 Regis
1717 2288 1847 2333 Angliae
1867 2287 1921 2334 98.
1939 2299 1968 2324 ι-
1979 2289 2053 2333 Qui

1174 2341 1210 2364 ea
1227 2332 1386 2373 partimin
1411 2330 1523 2369 fiscum
1536 2339 1698 2369 convertit
1710 2360 1721 2377 ,
1748 2340 1866 2379 partim
1887 2339 1918 2370 in
1937 2331 2064 2382 Regios

1175 2381 1248 2415 usus
1261 2403 1271 2419 ,
1301 2380 1418 2423 partim
1441 2380 1473 2413 in
1494 2382 1567 2416 usus
1586 2383 1785 2426 Episcopi&
1803 2386 1953 2422 Ecciefiae
1974 2388 2064 2422 Lon-

1175 2429 1356 2466 doniensis.
1385 2439 1452 2478 135.
1468 2431 1522 2472 2..)
1538 2430 1638 2466 Erant
1650 2432 1819 2476 plusquam
1830 2435 1943 2469 decem
1958 2436 2064 2473 millia

1179 2480 1383 2517 Mart-arum.
1415 2481 1489 2524 169.>
1510 2485 1527 2510 l.
1558 2477 1652 2515 Bona
1677 2481 1733 2515 illa
1759 2483 1906 2522 Ecclefiae
1918 2487 2063 2521 Cantua-

1175 2530 1283 2565 riensis
1305 2530 1358 2573 qui
1380 2527 1583 2571 occupabant
1597 2553 1610 2571 2
1645 2532 1842 2570 mandantur
1863 2535 1881 2569 a
1902 2534 1987 2582 Papa
2006 2548 2064 2573 ex-

1177 2578 1411 2614 communicari
1423 2589 1475 2621 per
1484 2578 1526 2614 D.
1540 2579 1712 2618 Thomam
1725 2608 1736 2624 ,
1764 2584 1821 2621 nisi
1835 2586 2037 2622 restituerent
2047 2611 2056 2620 .

1176 2630 1345 2672 Excipitur
1358 2629 1489 2671 persona
1504 2628 1627 2674 Regin
1651 2643 1751 2676 quam
1762 2635 1869 2677 puniri
1884 2647 1949 2669 non
1973 2649 2066 2671 man·

1176 2679 1354 2722 datPapa‚
1382 2677 1432 2715 sed
1457 2682 1642 2722 permittit.
1674 2693 1750 2730 130.
1779 2697 1804 2721 1.
1844 2685 2061 2722 Restitutioni

1176 2728 1299 2773 integre
1311 2730 1519 2774 procurandae
1530 2730 1706 2767 destinatur
1716 2733 1734 2766 a
1749 2734 1835 2779 Papa
1846 2735 2063 2772 Londonien-

1176 2780 1211 2813 sis
1227 2779 1405 2823 Episcopus
1418 2803 1429 2819 ‚
1455 2780 1486 2814 ἅ
1503 2779 1557 2813 alii
1578 2804 1589 2821 ,
1616 2783 1700 2815 usuri
1712 2783 1825 2829 gladio
1836 2786 2063 2822 anathematis.

1177 2828 1218 2867 8¹-
1243 2840 1267 2862 ι.
1298 2829 1340 2864 D.
1366 2828 1435 2863 Th.
1460 2834 1728 2868 excommunicat
1752 2836 1948 2870 nominatim
1969 2849 2026 2872 eos
2053 2861 2065 2879 ,

1175 2878 1231 2921 qui
1247 2878 1391 2913 Ecclefiae
1401 2880 1460 2913 suae
1473 2879 1559 2914 bona
1573 2882 1731 2924 poffident
1745 2909 1752 2916 .
1786 2896 1892 2932 1172
1904 2887 1966 2930 seq.
1978 2887 2060 2922 Item

1175 2941 1229 2975 qu·
1244 2941 1359 2965 manus
1368 2932 1528 2967 violentas
1538 2930 1573 2967 in
1584 2943 1621 2968 ea
1633 2935 1815 2969 extendunt
1827 2938 1891 2971 sine
1914 2938 1972 2970 suo
1983 2947 2063 2971 con·

1177 2981 1266 3015 iensu
1284 3004 1293 3015 .
1990 2986 2061 3023 thid.

1127 3031 1296 3065 Bonorum
1310 3030 1456 3065 Ecclesia:
1468 3031 1707 3068 Cantuariensis
1719 3035 1882 3072 restitutio
1901 3035 1980 3073 dum
2008 3047 2064 3081 po·

1177 3079 1504 3126 ssui‹·baturaR·ge;
1531 3082 1555 3116 is
1581 3094 1615 3116 ea
1633 3083 1665 3115 in
1692 3095 1867 3127 pauperum
1894 3096 1964 3119 nius
1985 3098 2062 3120 ‹on-

1178 3133 1262 3163 versa
1275 3131 1452 3167 affirmabat
1467 3156 1476 3170 ,
1504 3131 1581 3165 &in
1597 3133 1658 3165 ΙΑΙιει
1673 3133 1801 3176 pietatis
1810 3148 1904 3181 opera
1918 3160 1925 3169 .
1955 3135 2060 3182 Qod

1177 3180 1198 3214 si
1212 3181 1315 3214 suiliet
1329 3192 1461 3223 verum,
1489 3180 1737 3223 p1·rindefume‹
1754 3210 1760 3222 .
1788 3196 1825 3218 ac
1850 3186 1868 3217 li
1884 3186 2063 3221 crucmxis-

1177 3231 1220 3265 set
1234 3232 1261 3266 S.
1282 3231 1433 3270 Petrum,
1461 3241 1495 3263 ut
1516 3230 1534 3265 ὲ
1551 3240 1662 3267 vinmte
1687 3234 1833 3269 liberaret
1859 3236 1879 3271 S
1917 3235 2058 3271 Paulum

1180 3279 1235 3319 88,
1256 3293 1281 3317 1.
1310 3281 1348 3316 iic
1363 3281 1432 3315 Rex
1449 3279 1520 3315 Saul
1534 3284 1669 3325 praedarn
1694 3286 1948 3320 Amne—:irarum
1967 3285 2061 3319 affer·

1179 3342 1251 3365 vare
1275 3331 1304 3366 se
1329 3330 1477 3370 dicebat,
1507 3343 1540 3364 ut
1567 3334 1717 3368 Domino
1736 3335 1926 3371 sacruficaret
1948 3360 1955 3367 .
1996 3334 2061 3371 Sed

1181 3394 1247 3416 non
1263 3379 1395 3418 impune*
1409 3381 1500 3414 fecit.
1530 3381 1603 3413 ibid,
1634 3383 1801 3417 Bonorum
1829 3383 2065 3420 Ecclesiastico·

1181 3443 1250 3466 rum
1266 3431 1480 3464 immutuit-«sa
1506 3441 1602 3464 manu
1616 3432 1759 3465 violenta
1773 3432 1793 3466 d
1804 3434 2026 3476 ⁴praedantium
2052 3459 2066 3478 ,

1182 3491 1307 3518 reserat
1321 3480 1364 3516 D.
1391 3478 1535 3516 Thomae
1556 3482 1640 3516 adeo
1659 3483 1772 3519 cordi:
1799 3495 1835 3520 ut
1859 3486 1883 3519 si
1915 3485 1981 3520 haec
2004 3484 2073 3520 sola

1937 3534 2024 3570 inter
