2358 3776
397 122 504 180 ‘²350'

1001 107 1556 165 EPISTOLAE

326 201 449 237 -uenus
459 197 554 234 fuiffe
565 198 750 237 intentores
760 220 772 242 ‚
797 195 840 234 de
850 206 963 236 cetero
972 208 1042 233 uon
1055 198 1219 239 exaudias,
1229 198 1283 234 ni·
1345 202 1586 238 circumvenire
1597 203 1699 237 redes
1710 198 1807 237 corde
1816 195 2051 241 consueverunt
2063 229 2074 248 ,
2089 205 2286 247 confidimus

334 252 520 288 hnominus
533 248 682 286 &filium
706 257 801 286 tuum
812 250 905 292 super
926 247 1080 283 Articulo
1089 248 1278 292 juramenti,

333 300 425 346 quod
449 300 638 345 prerermifir
658 299 700 337 de
719 300 876 334 servando
898 298 967 341 jure
976 297 1009 331 ἃ
1025 297 1173 334 libertate
1183 300 1277 334 Cau-

331 351 504 387 tuarienfis
517 348 666 387 Ecclesiae
675 371 687 388 ,
712 347 892 384 secundum
916 348 1006 391 quod
1020 347 1128 393 Reges
1139 351 1173 384 ἀ
1185 349 1277 384 Prin·

329 402 421 446 cipes
433 399 564 445 Angliae
576 400 684 435 feciffe
694 398 876 432 noscuntur
889 418 900 438 ,
926 392 1034 432 eidem
1057 398 1278 444 Archi-Epis·-

327 463 417 497 eopo
428 451 462 487 &
474 449 620 488 Ecclefiae
631 447 692 481 suat
703 447 871 491 condigne
894 444 1073 483 satisfacere
1096 460 1232 486 moneas
1241 450 1277 484 δε

326 499 469 538 horteris
480 517 493 540 ‚
518 500 552 534 &
560 497 651 539 quod
664 498 906 541 praetermissum
916 497 964 532 est
973 521 985 538 ,
1012 497 1111 533 facias
1122 500 1280 545 adimple·

323 562 361 589 re
374 576 383 587 .
408 546 647 584 Ordinationes
658 558 791 593 quoque
803 548 1023 583 Ecclesiarum
1036 572 1047 589 ,
1073 549 1108 583 ἀ
1130 548 1194 585 alia
1206 562 1278 595 qua:

320 600 367 636 ad
389 599 476 633 viros
501 597 746 633 Ecclefiasticos
769 599 934 642 pertinent
946 620 957 639 ,
984 598 1134 643 praedicto
1158 599 1276 636 Archi·

321 649 492 694 Episcopo
506 647 540 686 ἁ
552 648 626 682 aliis
637 645 730 683 Viris
743 648 976 683 Ecclesiasticis
989 671 1002 689 ,
1027 659 1095 684 tam
1107 659 1143 684 tu
1155 672 1166 691 ‚
1177 652 1275 695 quam

321 700 413 737 filius
425 707 500 733 tuus
509 719 520 738 ‚
549 697 646 733 libere
655 699 689 733 ἀ
700 699 834 743 pacifice
847 698 1038 743 relinquatis
1052 724 1063 740 ,
1074 710 1111 735 ut
1123 701 1164 736 fic
1177 712 1277 747 agen-

319 749 370 784 do
379 748 518 784 hostiam
532 748 637 784 laudis
647 750 799 784 Domino
811 747 912 794 digne
933 749 1106 786 immolare
1124 751 1251 797 possitis
1263 777 1275 795 ,

316 799 359 837 ⁷&
371 797 465 836 vobis
475 798 633 847 Regnum
645 810 832 845 comparare
841 810 999 835 :ternum
1008 823 1019 834 .

500 899 914 937 EPISTOLA
999 899 1093 938 LVI.

343 1001 524 1038 {Alexander
549 1004 638 1046 Papa
660 1003 748 1037 ctera
759 1003 793 1037 θ
807 1001 918 1046 Populo
927 1006 1020 1050 Regis
1037 1001 1154 1049 Angllae
1166 1006 1247 1039 cirre

624 1054 710 1087 Mare
721 1056 757 1087 <5
767 1054 849 1087 ultra
860 1057 946 1088 Mare
959 1079 966 1088 .

418 1101 537 1138 UAM
562 1113 695 1147 gratum
719 1104 796 1139 Deo
818 1105 852 1139 ἀ
872 1114 1044 1148 acceptum
1056 1102 1272 1253 existaznter

440 1153 660 1188 discordantes
677 1164 788 1198 pacem
799 1156 832 1190 &
843 1155 1056 1190 concordiam
1071 1155 1156 1190 resur
1193 1165 1265 1197 are,
1295 1158 1298 1178 ³

423 1203 459 1240 ὅ(
483 1204 583 1247 quam
608 1214 707 1249 grave
730 1205 764 1239 ὰ
791 1205 979 1241 detestabile
989 1207 1028 1239 fit
1040 1205 1167 1240 bonum
1201 1208 1268 1241 acis

315 1251 447 1287 turbare
462 1277 472 1293 ‚
499 1254 535 1290 δε
558 1255 663 1300 jurgia
688 1255 720 1289 ἃ
743 1255 814 1289 lites
833 1256 917 1290 inter
939 1255 1068 1300 aliquos
1080 1255 1230 1291 suscitare
1257 1280 1268 1296 ,

316 1299 556 1338 Universitatis
571 1305 680 1337 vestrae
691 1304 863 1347 prudentia
877 1316 945 1338 non
962 1306 1110 1349 ignorat.
1129 1305 1222 1340 Sed..
1235 1329 1242 1338 .
1259 1328 1268 1339 .

300 1355 395 1395 *quia
410 1351 452 1387 de
464 1353 643 1387 concordia
654 1354 688 1387 ἀ
702 1364 777 1396 pace
790 1376 800 1393 ,
815 1365 886 1398 quae
899 1355 982 1389 inter
995 1354 1123 1400 Regem
1138 1355 1269 1400 Anglo·

313 1411 388 1435 rum
397 1401 431 1437 δε
444 1402 660 1436 venerabilem
672 1401 820 1436 Fratrem
834 1404 983 1437 nostrum
992 1403 1168 1439 ‘rhomam
1180 1406 1267 1439 Can-

314 1451 509 1485 tuariensem
546 1450 649 1484 Archi
663 1467 673 1476 ·
687 1450 885 1494 Episcopum
918 1452 1044 1486 Divina
1068 1463 1269 1496 cooperante

311 1499 422 1543 gratia
434 1496 668 1535 estreformata
678 1523 691 1540 ,
715 1510 786 1537 non
798 1499 905 1535 solum
922 1500 1064 1535 Ecclesia
1079 1525 1091 1541 ,
1100 1502 1155 1536 sed
1167 1503 1268 1539 etiam

312 1546 470 1594 Regnum
498 1550 602 1592 ipsum
626 1560 785 1594 magnum
809 1549 936 1586 bonum
968 1551 1003 1586 δε
1028 1551 1268 1588 incrementum

310 1597 391 1636 Deo
416 1600 615 1643 propitiante
636 1600 772 1644 recipiet
791 1625 801 1642 ,
831 1599 1049 1636 Univerfitati
1076 1601 1183 1636 vestrae
1197 1607 1268 1637 mo*

311 1649 427 1687 nendo
441 1650 656 1693 mandamus,
681 1649 715 1686 ὅ(
731 1650 826 1686 vobis
838 1649 896 1687 sub
919 1651 1192 1687 interminatione
1214 1663 1268 1687 ex·

311 1701 632 1737 communicationis
642 1701 844 1744 praecipimus
853 1727 862 1741 ,
875 1712 911 1736 ut
926 1702 1140 1746 pras-eriptam
1154 1713 1266 1746 pacem

310 1749 423 1785 nullus
432 1749 569 1786 vestrum
584 1750 743 1793 impedire
755 1760 809 1784 aut
830 1750 1012 1793 perturbare
1024 1761 1166 1787 attentet
1176 1777 1187 1793 ,
1211 1752 1265 1788 sed

313 1798 425 1843 potius
439 1799 479 1836 ad
491 1797 731 1834 incrementum
742 1801 777 1835 δι
789 1799 1051 1837 observationem
1071 1802 1167 1846 ipsius
1178 1801 1267 1846 pacis

311 1849 421 1887 modis
445 1848 602 1886 omnibus
614 1849 794 1887 intendatis
808 1873 818 1885 .

491 1947 911 1988 EPISTOLA
975 1949 1084 1987 LVII.

310 2046 432 2087 Ybomae
441 2049 658 2095 Caneuaerlenfi
666 2049 910 2099 Archi-Epifiopo
922 2052 1009 2087 Alber
1015 2061 1065 2086 tur
1075 2051 1263 2086 cadinalis.

411 2151 585 2191 AvlsUs
607 2154 659 2190 est.
668 2153 835 2191 Dominus
848 2152 937 2199 Papa
950 2178 961 2195 ,
987 2151 1088 2200 gavisi
1103 2153 1176 2189 sunt
1187 2161 1262 2187 cum

435 2216 475 2238 eo
492 2206 524 2240 &
538 2205 566 2241 F
568 2216 691 2248 ratres5
718 2205 809 2250 quod
836 2216 950 2250 pacem
964 2204 1057 2238 vobis
1071 2204 1105 2238 ὃ(
1120 2204 1264 2238 Cantus-

309 2254 403 2287 rienfi
422 2255 569 2290 Ecclefiae
581 2256 741 2291 redditam
753 2255 940 2290 audierunt.
961 2254 1004 2286 Et
1012 2263 1078 2295 ego
1090 2253 1166 2295 ipse,
1178 2262 1264 2286 unus

309 2304 568 2346 exspectantium
581 2307 616 2339 δε
641 2307 882 2348 gaudentium,
909 2301 967 2335 nifi
998 2300 1089 2345 quod
1103 2301 1261 2346 gaudium

309 2363 422 2388 meum
436 2353 592 2388 haefitatio
605 2354 751 2395 quaedam
764 2353 805 2386 de
828 2351 1096 2386 Adversariorurn
1115 2350 1264 2395 tergiver-

308 2402 435 2438 satione
464 2404 659 2445 proveniens
679 2400 892 2444 suspendebat
917 2426 930 2442 ,
957 2400 1263 2445 supervenientibus

309 2461 420 2487 autem
433 2452 548 2486 litteris
566 2451 697 2491 vestris,
724 2452 757 2486 δε
779 2451 945 2486 intellecto
964 2451 1052 2495 quod
1073 2451 1145 2494 plus
1169 2450 1264 2486 vobis

307 2503 344 2537 in
365 2501 593 2537 accidentibus
618 2501 716 2546 quam
739 2502 774 2535 in
799 2500 976 2535 substantia
987 2503 1026 2536 fit
1037 2499 1223 2536 exhibitum
1252 2526 1264 2542 ,

309 2551 418 2598 magis
439 2549 548 2587 adhuc
571 2553 734 2596 coepimus
758 2551 922 2585 hesitare:
949 2551 984 2586 ἀ
1004 2552 1225 2586 intelleximus
1250 2576 1261 2592 ,

313 2601 404 2647 quod
429 2614 497 2637 non
516 2602 615 2637 facile
637 2612 742 2637 mutat
755 2601 918 2646 AEthiops
941 2592 1058 2646 pellem
1068 2602 1156 2635 suam
1170 2626 1180 2642 ‚
1206 2612 1262 2636 aut
1286 2623 1290 2637 ι

312 2650 438 2688 Pardus
460 2651 650 2686 varietatem
674 2652 785 2686 suam.
824 2652 926 2686 Nunc
949 2662 1060 2687 autem
1081 2652 1157 2695 quia
1182 2650 1261 2686 ficut

311 2702 419 2738 homo
443 2713 512 2736 non
536 2701 582 2736 est
606 2701 788 2735 laudandus
811 2702 845 2735 in
865 2702 930 2736 vita
945 2703 999 2736 sua
1013 2726 1024 2742 ‚
1049 2702 1096 2736 ita
1111 2701 1262 2744 neejudi-

306 2749 438 2788 candus
458 2761 538 2787 ante
559 2761 689 2795 tempus
708 2775 720 2791 ‚
755 2751 1037 2795 quemadmodum
1062 2763 1130 2786 non
1154 2753 1263 2787 sumus

312 2803 382 2838 sine
398 2802 524 2848 gaudio
535 2801 577 2837 de
590 2801 658 2836 hoc
677 2799 767 2844 quod
779 2802 962 2837 audivimus
975 2827 986 2843 ,
1013 2801 1059 2836 ita
1079 2812 1142 2837 nee
1153 2803 1263 2846 possu-

313 2862 388 2888 mus
400 2852 497 2896 plene
506 2850 648 2899 gaudere
660 2862 789 2894 propter
802 2853 834 2886 id
847 2877 858 2893 ‚
884 2852 974 2897 quod
987 2853 1141 2887 timemus
1154 2877 1162 2885 .
1188 2853 1262 2887 Flu·

313 2904 462 2938 &nantes
483 2902 586 2947 igitur
608 2901 695 2936 inter
718 2902 805 2945 spem
826 2903 1025 2937 &timorem
1037 2903 1263 2946 suspiravimus

311 2951 358 2987 ud
380 2963 457 2987 eum
478 2974 491 2992 ‚
524 2951 582 2996 qui
603 2962 722 2994 potens
750 2951 795 2985 est
818 2952 1132 2995 superabundantius
1155 2954 1262 2988 facere

294 3019 298 3022 ·
312 3002 414 3047 quam
429 3001 570 3046 petimus
579 3013 634 3036 aut
656 3002 837 3045 speramus,
863 3012 899 3035 ut
916 3003 981 3045 ipse
990 3003 1169 3047 adimpleat
1180 3014 1257 3048 gau·

312 3052 409 3090 dium
421 3053 584 3094 nostrum,
594 3052 628 3087 ἅ
637 3051 799 3098 gaudium
812 3049 898 3087 istud
908 3062 1007 3088 nemo
1019 3054 1114 3089 tollat
1125 3053 1143 3088 a
1158 3052 1259 3089 vobis.

491 3151 903 3189 Epls‘roLA
953 3151 1080 3188 LVIII.

341 3254 464 3291 Thema
488 3251 705 3296 cantuarienss
727 3252 977 3337 Αἵῦι-ῗρὶῄορο
1012 3251 1230 3289 Theodvvtnus

339 3324 343 3327 -
690 3308 757 3337 Cur
780 3310 831 3337 Ina
844 3309 870 3336 is
885 3329 894 3336 .

399 3356 518 3391 ICET
526 3355 570 3391 de
577 3354 678 3391 verbo
687 3354 776 3398 pacis
790 3353 901 3389 vestrae
911 3378 923 3395 ,
947 3353 1038 3398 quod
1050 3355 1255 3397 audivimus,

426 3405 603 3448 plurimum
615 3404 870 3440 dubitaverimus
881 3428 893 3445 ‚
917 3405 1125 3441 attendentes
1141 3417 1254 3440 eorum

307 3453 477 3492 ‚malitiam
489 3479 504 3496 ‚
527 3457 587 3499 qui
608 3457 695 3501 Regi
716 3455 872 3491 adsistunt
880 3479 894 3496 ‚
917 3455 952 3490 ὅ(
971 3455 1086 3501 lingua
1112 3456 1254 3500 loqui&

1347 252 1548 292 inDomino
1561 276 1572 294 ‚
1600 251 1692 296 quod
1705 252 1866 288 infatuato
1878 265 1992 289 eorum
2013 254 2126 299 iniquo
2145 261 2285 296 confluo

1331 303 1380 338 ·&
1398 304 1563 339 denudata
1580 303 1724 347 iptorum
1749 304 1874 339 malitia
1896 327 1909 345 ,
1944 305 2032 348 pacis
2052 304 2285 347 abundantiam

1344 354 1451 389 nostra
1470 352 1690 398 exspeclatio,
1724 364 1796 397 quae
1818 355 1981 397 patIenter
2003 353 2158 390 haetenus
2176 362 2283 404 exspe.

1332 404 1460 446 'disvin
1489 406 1615 449 sperato
1637 401 1734 437 citius
1750 428 1761 445 ,
1788 404 1929 439 faciente
1952 404 2106 440 Domino
2122 430 2134 446 ‚
2160 406 2283 446 obtine..

1343 451 1391 487 bit
1406 478 1414 485 .
1442 455 1489 492 Ea
1506 455 1608 496 vero,
1636 466 1694 498 pro
1707 453 1826 497 quibus
1850 454 1892 488 ad
1913 454 2049 491 Curiam
2074 455 2221 498 misistis,
2244 471 2279 495 ut

1342 503 1467 539 effectui
1491 503 1722 540 mandarentur
1745 515 1803 550 pro
1836 515 1918 539 voto
1936 505 2109 540 efficaciter
2129 506 2282 543 laboravi-

1343 564 1436 596 mus,
1461 555 1579 590 &ecce
1590 566 1645 599 per
1661 554 1726 589 Dei
1738 555 1878 600 gratiam
1901 555 2038 601 propriis
2061 556 2167 591 oculis
2180 568 2281 603 cernar

1342 615 1375 639 re
1386 627 1399 645 ,
1423 605 1514 648 quod
1527 607 1696 642 referimus
1708 629 1719 647 ,
1744 604 1809 649 jam
1825 605 1938 640 valetis
1951 630 1959 639 .

1489 703 1898 744 EVPISTOLA
2032 706 2124 743 LIX.

1427 804 1549 841 rbamae
1573 805 1786 850 cantuariens?
1807 805 2056 851 Archi-Eprftopo
2081 809 2194 843 Petrus

1420 876 1423 879 s
1623 858 1779 898 Presbmr
1805 859 2004 893 cardinalis.

1410 957 1474 992 ER
1498 957 1698 996 Gunterium
1712 957 1840 992 fidelem
1853 957 2025 993 Nuntium
2038 958 2176 994 vestrum
2186 958 2276 1002 quod

1434 1008 1551 1043 melius
1563 1008 1700 1043 nobis&
1715 1008 1872 1043 salubrius
1883 1009 1986 1042 visum
2013 1010 2095 1049 fuit,
2121 1009 2277 1045 sollieitu-

1336 1057 1405 1092 dini
1432 1058 1539 1092 vestras
1560 1070 1662 1102 nuper
1682 1057 1895 1102 rescripsimus
1914 1083 1923 1089 .
1939 1091 1942 1092 γ
1957 1057 2060 1092 Nunc
2082 1058 2180 1094 etiam
2204 1060 2277 1094 uisis

1336 1108 1514 1143 sanffiratis
1525 1109 1635 1143 vestra:
1656 1109 1793 1149 litteris,
1824 1108 1899 1142 licet
1921 1107 2029 1142 adhuc
2039 1108 2072 1141 in
2085 1107 2162 1142 solia
2173 1108 2276 1143 verbis

1334 1158 1521 1202 consolatio
1545 1157 1644 1193 vestra
1667 1160 1815 1194 videatur
1837 1156 1977 1201 pendere
2002 1180 2014 1198 ,
2040 1157 2146 1201 placet
2163 1167 2277 1192 tanen

1334 1207 1433 1243 nobis
1445 1208 1614 1244 humilitas
1630 1207 1731 1243 vestra
1757 1218 1855 1252 quam
1886 1208 2050 1251 incepistis
2063 1231 2074 1248 ‚
2100 1208 2135 1242 ἀ
2152 1206 2279 1243 concilii

1334 1259 1429 1293 vestri
1444 1258 1650 1302 Propositum
1664 1259 1912 1299 collaudamus,
1938 1269 1974 1292 ut
1997 1257 2148 1293 videlicet
2160 1258 2193 1292 in
2205 1266 2279 1293 eau-

1332 1310 1364 1343 sa
1379 1308 1480 1343 vestra
1492 1320 1566 1343 curn
1582 1308 1676 1343 omni
1704 1309 1956 1342 mansuetudine
1979 1319 2018 1342 ac
2039 1307 2278 1351 patientiarpro·

1331 1358 1454 1392 cedatis
1466 1381 1477 1398 ,
1502 1368 1663 1402 quatenus
1677 1356 1741 1391 hoe
1753 1357 1856 1392 modo
1869 1357 1979 1391 feritas
1999 1357 2146 1392 hominis
2158 1356 2278 1392 autho-

1332 1418 1364 1440 re
1378 1407 1532 1441 Domino
1545 1407 1746 1440 mansuescat
1758 1429 1770 1445 ,
1795 1407 1829 1440 ἀ
1854 1407 1895 1439 ad
1920 1407 2057 1440 meliora
2067 1406 2136 1448 ejus
2146 1407 2276 1442 animus

1333 1456 1523 1490 inducatur.
1553 1455 1655 1489 Duris
1665 1455 1756 1489 enim
1768 1453 1932 1488 mentibus
1947 1455 2072 1488 auferre
2094 1454 2275 1490 simul-om-

1333 1505 1388 1540 nia
1401 1504 1494 1539 valde
1503 1504 1549 1540 est
1573 1504 1709 1539 difficile
1722 1530 1733 1548 ,
1752 1505 1794 1539 δ’
1806 1505 1886 1547 quod
1900 1513 2018 1537 natura
2042 1511 2131 1548 negat
2150 1505 2281 1539 reddere

1333 1567 1414 1589 nemo
1431 1554 1546 1598 potest.
1586 1556 1640 1590 De
1661 1566 1777 1600 caetero
1803 1553 1962 1588 noveritis
1984 1553 2144 1598 Propositi
2170 1553 2273 1589 nostri

1331 1606 1395 1641 effe
1407 1607 1536 1641 causam
1559 1606 1717 1645 vestram,
1744 1603 1850 1639 immo
1870 1604 1960 1642 Dei,
1986 1614 2146 1647 quantum
2169 1605 2272 1647 possu-

1331 1667 1402 1690 mus
1413 1659 1623 1700 promovere‚
1649 1657 1731 1691 &in
1743 1655 1813 1691 acie
1826 1653 1949 1692 Christi
1966 1677 1976 1693 ,
1995 1665 2043 1689 ,eo
2061 1653 2243 1688 auxiliante
2259 1677 2274 1694 .

1331 1706 1501 1741 vobiscum
1525 1704 1662 1740 viriliter
1683 1706 1764 1740 stare
1785 1729 1791 1736 .
1820 1701 1989 1739 Noveritis
2010 1703 2156 1749 praeterea
2177 1702 2268 1747 quad

1331 1756 1447 1790 litteris
1469 1755 1578 1790 vestris
1592 1757 1636 1790 ‚in
1657 1755 1825 1790 audientia
1847 1755 1980 1790 fratrum
1997 1777 2016 1794 a
2041 1753 2204 1798 perlectis,
2230 1752 2273 1787 de

1329 1805 1500 1839 communi
1525 1805 1665 1839 confilio
1688 1805 1858 1849 Dominus
1877 1804 1968 1848 Papa
1993 1804 2086 1839 suum
2109 1802 2204 1838 vobis
2222 1813 2270 1838 re·

1329 1856 1434 1890 mittit
1447 1854 1650 1899 responsum.

1502 1952 1914 1990 EPISTOLA
2011 1953 2084 1991 Lx.

1375 2052 1496 2089 Tbomae
1527 2054 1742 2098 cantuarienfi
1763 2051 2014 2097 Archi-Eplfi-opo·
2035 2052 2216 2093 &actubus

1691 2106 1871 2139 cardlnalis
1885 2129 1893 2137 .
2184 2125 2187 2129 -

1421 2153 1539 2191 UAM
1567 2156 1704 2191 ferventi
1726 2156 1840 2190 affeetu
1863 2165 1976 2197 pacem
1995 2152 2132 2188 vestram
2143 2152 2261 2188 defide-

1446 2207 1608 2247 ravimus,
1636 2217 1704 2240 non
1718 2206 1764 2240 est
1780 2205 1903 2240 necesse
1923 2203 2039 2238 litteris
2048 2204 2228 2247 exprimere
2252 2227 2265 2245 a

1434 2257 1511 2301 quia
1529 2256 1626 2291 nobis
1645 2257 1830 2291 tacentibus
1856 2256 1890 2289 in
1914 2264 2024 2289 mente
2043 2253 2142 2288 vestra
2154 2253 2265 2298 legiris

1323 2316 1444 2347 quanta
1458 2306 1636 2341 dilestione
1646 2306 1742 2341 vobis
1763 2305 2018 2349 adstringamur,
2053 2302 2158 2339 Unde
2169 2303 2266 2338 audi-

1323 2356 1587 2390 to&vestrarum
1602 2356 1779 2391 litterarum
1801 2367 1916 2390 tenore
1937 2354 2099 2398 cognito,
2125 2352 2266 2396 quedil-

1323 2404 1374 2445 le,
1400 2405 1433 2439 in
1447 2406 1538 2448 cujus
1550 2417 1651 2439 manu
1662 2406 1760 2440 corda
1773 2407 1905 2450 Regum
1919 2405 2062 2438 existunt
2075 2426 2088 2442 ,
2111 2405 2263 2438 animum

1322 2453 1487 2499 Principis
1497 2454 1590 2490 vestri
1605 2455 1834 2495 inclinaverit,
1863 2464 1899 2487 ut
1913 2451 2008 2486 vobis
2020 2451 2158 2496 gratiam
2171 2454 2259 2486 suam

1321 2505 1515 2546 restituerit,
1543 2504 1735 2548 ultraquam
1756 2504 1847 2549 loqui
1868 2502 2021 2546 possimus
2042 2501 2076 2534 in
2097 2500 2261 2539 hilaritate

1321 2553 1488 2599 jucundati
1513 2555 1645 2596 sumus,
1671 2554 1788 2599 gratias
1810 2553 2016 2588 exsolventes
2036 2549 2114 2593 illi,
2137 2551 2196 2595 qui
2210 2562 2261 2590 ve·

1321 2605 1390 2639 ssrae
1401 2605 1593 2639 constantiz
1603 2604 1823 2641 humilitatem
1837 2603 1992 2648 dignatus
2002 2602 2047 2635 est
2070 2600 2224 2644 respicere
2235 2623 2260 2642 -,

1322 2664 1420 2699 quem
1430 2665 1607 2698 rogamus,
1632 2664 1673 2688 ut
1691 2654 1782 2698 quod
1804 2653 1950 2697 incepit,
1976 2654 2019 2686 ita
2029 2648 2258 2695 digneturpet·
2320 2654 2323 2658 ’

1323 2707 1419 2739 ficere
1431 2730 1441 2745 ,
1451 2704 1542 2747 qvod
1553 2703 1662 2739 honor
1676 2703 1825 2739 Ecclefiae
1836 2704 1914 2739 inde
1923 2702 2121 2747 augmentari
2137 2700 2257 2742 valeat,

1322 2755 1524 2800 &quidquid
1536 2766 1640 2789 reatus
1651 2755 1755 2789 dictus
1775 2753 1927 2797 Princeps
1946 2764 1988 2787 ex
2011 2751 2106 2794 eulpa
2128 2760 2257 2785 contn-

1323 2807 1372 2839 xit
1386 2830 1397 2847 ,
1435 2807 1568 2849 sequens
1593 2805 1769 2839 satisfactio
1790 2804 1916 2838 diluat.
1953 2801 2077 2836 Verum
2100 2800 2122 2833 si
2139 2810 2256 2843 corpus

1323 2855 1413 2900 quod
1434 2856 1671 2899 corrumpitur,
1698 2866 1767 2889 non
1787 2854 1861 2887 sinit
1881 2863 1956 2886 eum
1970 2851 2010 2886 ad
2031 2851 2118 2884 huuc
2129 2852 2256 2884 restitu-

1322 2907 1410 2940 dinis
1433 2905 1543 2939 locum
1565 2915 1706 2940 mentem
1729 2913 1900 2941 revocare,
1923 2902 2126 2935 consulimus
2147 2898 2256 2935 modis

1321 2954 1476 2990 omnibus
1497 2956 1532 2989 δε
1554 2965 1743 2999 monemus,
1772 2963 1807 2987 ut
1829 2962 1904 2987 eum
1926 2951 1960 2985 in
1985 2951 2095 2994 spiritu
2111 2951 2255 2985 lenitatis

1321 3004 1446 3040 studeas
1458 3005 1614 3040 instruere
1624 3030 1635 3045 ,
1659 3014 1695 3039 ut
1707 3003 1796 3047 quod
1822 3002 1864 3036 ad
1875 3002 2128 3036 satisfactionem
2140 3000 2227 3035 deest
2239 3023 2252 3040 ,

1321 3057 1470 3099 perficere
1481 3067 1571 3090 curet
1585 3079 1595 3096 ‚
1618 3055 1651 3089 ἀ
1661 3053 1702 3088 ad
1717 3053 1886 3095 pristinum
1905 3061 2050 3086 amorem
2063 3059 2251 3088 revocatus,

1319 3107 1354 3141 dc
1377 3106 1419 3140 ad
1446 3117 1591 3140 mentem
1625 3104 1764 3138 reversus
1800 3102 1894 3137 vobis
1930 3102 2074 3137 debitam
2110 3100 2250 3146 gratiam

1319 3157 1455 3191 firmiter
1478 3156 1630 3191 exhibeat
1647 3176 1658 3193 ,
1682 3155 1715 3188 δι
1746 3153 1875 3187 malitiae
1901 3151 2107 3186 inimieorum
2134 3150 2250 3189 vestro·

1318 3217 1390 3241 rum
1417 3218 1476 3250 pro
1502 3206 1671 3240 voluntate
1699 3204 1799 3238 vestra
1825 3203 2032 3245 respondeat.
2060 3201 2136 3234 Hac
2156 3200 2247 3234 enim

1319 3256 1369 3291 via
1398 3257 1508 3291 vestra:
1531 3254 1714 3289 discretioni
1743 3253 1961 3288 incedendum
1988 3261 2139 3295 putamus
2162 3273 2174 3289 ,
2195 3255 2246 3282 'ut

1317 3306 1461 3341 hominis
1473 3305 1654 3341 animositas
1667 3304 1856 3346 reprimatur
1867 3328 1878 3345 ‚
1902 3303 1935 3337 δε
1948 3302 2125 3335 vestrorum
2139 3294 2246 3333 in'i‘ri’i-

1315 3368 1429 3392 corum
1455 3355 1636 3400 perversitas
1657 3354 1853 3390 destruatur:
1876 3364 1917 3388 ne
1937 3352 2019 3386 forte
2041 3352 2062 3384 si
2076 3346 2242 3383 severitatis

1317 3409 1405 3441 viam
1428 3407 1545 3440 iterum
1565 3405 1692 3439 velletis
1715 3405 1873 3451 aggredi,
1900 3402 1976 3437 eum
1998 3399 2143 3434 nondum
2157 3397 2240 3430 illius

1318 3458 1449 3493 animus
1458 3456 1494 3491 in
1505 3454 1571 3493 hoc
1581 3456 1620 3492 stt
1633 3455 1809 3499 solidatus,
1834 3453 1924 3501 quod
1946 3450 2066 3492 debet,
2093 3450 2125 3484 &
2143 3446 2241 3530 isteates-
