<?xml version="1.0" encoding="UTF-8"?>
<!DOCTYPE html PUBLIC "-//W3C//DTD XHTML 1.0 Transitional//EN"
    "http://www.w3.org/TR/xhtml1/DTD/xhtml1-transitional.dtd">
<html xmlns="http://www.w3.org/1999/xhtml" xml:lang="en" lang="en">
 <head>
  <title>
</title>
<meta http-equiv="Content-Type" content="text/html;charset=utf-8" />
  <meta name='ocr-system' content='tesseract 3.04.00' />
  <meta name='ocr-capabilities' content='ocr_page ocr_carea ocr_par ocr_line ocrx_word'/>
</head>
<body>
  <div class='ocr_page' id='page_1' title='image "./operaomniastudio10lupuuoft_0121.png"; bbox 0 0 2358 3776; ppageno 0'>
   <div class='ocr_carea' id='block_1_1' title="bbox 287 57 1791 138">
    <p class='ocr_par' dir='ltr' id='par_1_1' title="bbox 287 57 1791 138">
     <span class='ocr_line' id='line_1_1' title="bbox 287 57 1791 138; baseline -0.003 -12"><span class='ocrx_word' id='word_1_1' title='bbox 287 57 328 128; x_wconf 73' lang='grc' dir='ltr'>έ.</span> <span class='ocrx_word' id='word_1_2' title='bbox 401 71 790 125; x_wconf 72' lang='lat' dir='ltr'>THOMAE</span> <span class='ocrx_word' id='word_1_3' title='bbox 859 70 1791 138; x_wconf 64' lang='lat' dir='ltr'>cANrtJAntnNms,</span> 
     </span>
    </p>
   </div>
   <div class='ocr_carea' id='block_1_2' title="bbox 1911 84 1981 132">
    <p class='ocr_par' dir='ltr' id='par_1_2' title="bbox 1911 84 1981 132">
     <span class='ocr_line' id='line_1_2' title="bbox 1911 84 1981 132; baseline 0 0"><span class='ocrx_word' id='word_1_4' title='bbox 1911 84 1981 132; x_wconf 69' lang='lat'>99</span> 
     </span>
    </p>
   </div>
   <div class='ocr_carea' id='block_1_3' title="bbox 104 143 2052 215">
    <p class='ocr_par' dir='ltr' id='par_1_3' title="bbox 104 143 2052 215">
     <span class='ocr_line' id='line_1_3' title="bbox 104 143 2052 215; baseline -0.003 -12"><span class='ocrx_word' id='word_1_5' title='bbox 104 169 145 208; x_wconf 67' lang='lat' dir='ltr'>ad</span> <span class='ocrx_word' id='word_1_6' title='bbox 167 165 310 215; x_wconf 78' lang='lat' dir='ltr'>signum,</span> <span class='ocrx_word' id='word_1_7' title='bbox 336 164 489 212; x_wconf 74' lang='lat' dir='ltr'>sagittas.</span> <span class='ocrx_word' id='word_1_8' title='bbox 525 162 689 198; x_wconf 89' lang='lat' dir='ltr'>Tetendit</span> <span class='ocrx_word' id='word_1_9' title='bbox 710 161 798 195; x_wconf 87' lang='lat' dir='ltr'>enim</span> <span class='ocrx_word' id='word_1_10' title='bbox 823 168 932 193; x_wconf 87' lang='lat' dir='ltr'>arcum</span> <span class='ocrx_word' id='word_1_11' title='bbox 953 159 1043 191; x_wconf 87' lang='lat' dir='ltr'>suum</span> <span class='ocrx_word' id='word_1_12' title='bbox 1100 165 1208 191; x_wconf 74' lang='lat' dir='ltr'>tatum</span> <span class='ocrx_word' id='word_1_13' title='bbox 1223 153 1267 191; x_wconf 83' lang='lat' dir='ltr'>est</span> <span class='ocrx_word' id='word_1_14' title='bbox 1282 168 1294 189; x_wconf 88' lang='lat'><em>:</em></span> <span class='ocrx_word' id='word_1_15' title='bbox 1321 143 1424 198; x_wconf 67' lang='lat' dir='ltr'>neifu‘e</span> <span class='ocrx_word' id='word_1_16' title='bbox 1444 163 1560 189; x_wconf 88' lang='lat' dir='ltr'>contra</span> <span class='ocrx_word' id='word_1_17' title='bbox 1579 165 1653 190; x_wconf 85' lang='lat' dir='ltr'>eum</span> <span class='ocrx_word' id='word_1_18' title='bbox 1678 160 1909 203; x_wconf 72' lang='lat' dir='ltr'>contendatis,</span> <span class='ocrx_word' id='word_1_19' title='bbox 1943 162 1962 196; x_wconf 73' lang='lat' dir='ltr'>a</span> <span class='ocrx_word' id='word_1_20' title='bbox 1984 153 2052 205; x_wconf 64' lang='lat' dir='ltr'>quo</span> 
     </span>
    </p>
   </div>
   <div class='ocr_carea' id='block_1_4' title="bbox 63 210 1082 3482">
    <p class='ocr_par' dir='ltr' id='par_1_4' title="bbox 63 210 1082 3482">
     <span class='ocr_line' id='line_1_4' title="bbox 105 210 1047 264; baseline -0.019 -7"><span class='ocrx_word' id='word_1_21' title='bbox 105 217 311 258; x_wconf 80' lang='lat' dir='ltr'>Altiffimus,</span> <span class='ocrx_word' id='word_1_22' title='bbox 333 215 375 253; x_wconf 76' lang='lat' dir='ltr'>&#39;ut</span> <span class='ocrx_word' id='word_1_23' title='bbox 389 216 517 261; x_wconf 65' lang='lat' dir='ltr'>sagittet</span> <span class='ocrx_word' id='word_1_24' title='bbox 541 217 575 248; x_wconf 89' lang='lat' dir='ltr'>in</span> <span class='ocrx_word' id='word_1_25' title='bbox 598 221 706 257; x_wconf 88' lang='lat' dir='ltr'>aperto</span> <span class='ocrx_word' id='word_1_26' title='bbox 721 220 779 244; x_wconf 85' lang='lat' dir='ltr'>vos</span> <span class='ocrx_word' id='word_1_27' title='bbox 802 210 967 244; x_wconf 89' lang='lat' dir='ltr'>nolentem</span> <span class='ocrx_word' id='word_1_28' title='bbox 982 218 1047 264; x_wconf 74' lang='lat' dir='ltr'>poe-</span> 
     </span>
     <span class='ocr_line' id='line_1_5' title="bbox 104 257 1049 307; baseline -0.015 -2"><span class='ocrx_word' id='word_1_29' title='bbox 104 272 221 307; x_wconf 73' lang='lat' dir='ltr'>nitere.</span> <span class='ocrx_word' id='word_1_30' title='bbox 236 266 322 300; x_wconf 83' lang='lat' dir='ltr'>·Nec</span> <span class='ocrx_word' id='word_1_31' title='bbox 338 265 550 304; x_wconf 66' lang='lat' dir='ltr'>erubescatis,</span> <span class='ocrx_word' id='word_1_32' title='bbox 579 261 738 307; x_wconf 86' lang='lat' dir='ltr'>quidquid</span> <span class='ocrx_word' id='word_1_33' title='bbox 758 261 928 303; x_wconf 73' lang='lat' dir='ltr'>suggerant</span> <span class='ocrx_word' id='word_1_34' title='bbox 956 257 1049 291; x_wconf 82' lang='lat' dir='ltr'>vobis</span> 
     </span>
     <span class='ocr_line' id='line_1_6' title="bbox 103 310 1046 362; baseline -0.013 -10"><span class='ocrx_word' id='word_1_35' title='bbox 103 316 262 362; x_wconf 84' lang='lat' dir='ltr'>maligni,</span> <span class='ocrx_word' id='word_1_36' title='bbox 289 316 448 360; x_wconf 84' lang='lat' dir='ltr'>quidquid</span> <span class='ocrx_word' id='word_1_37' title='bbox 481 314 736 349; x_wconf 81' lang='lat' dir='ltr'>submurmurent</span> <span class='ocrx_word' id='word_1_38' title='bbox 750 310 952 352; x_wconf 83' lang='lat' dir='ltr'>proditores,</span> <span class='ocrx_word' id='word_1_39' title='bbox 980 318 1046 341; x_wconf 90' lang='lat' dir='ltr'>non</span> 
     </span>
     <span class='ocr_line' id='line_1_7' title="bbox 103 358 1050 407; baseline -0.015 -4"><span class='ocrx_word' id='word_1_40' title='bbox 103 369 198 404; x_wconf 76' lang='lat' dir='ltr'>vestri</span> <span class='ocrx_word' id='word_1_41' title='bbox 220 366 371 407; x_wconf 73' lang='lat' dir='ltr'>tantum,</span> <span class='ocrx_word' id='word_1_42' title='bbox 399 364 450 399; x_wconf 87' lang='lat' dir='ltr'>sed</span> <span class='ocrx_word' id='word_1_43' title='bbox 464 364 551 402; x_wconf 86' lang='lat' dir='ltr'>Dei,</span> <span class='ocrx_word' id='word_1_44' title='bbox 579 359 741 395; x_wconf 85' lang='lat' dir='ltr'>humiliari</span> <span class='ocrx_word' id='word_1_45' title='bbox 756 359 812 392; x_wconf 90' lang='lat' dir='ltr'>sub</span> <span class='ocrx_word' id='word_1_46' title='bbox 837 358 962 401; x_wconf 87' lang='lat' dir='ltr'>potenti</span> <span class='ocrx_word' id='word_1_47' title='bbox 986 368 1050 390; x_wconf 88' lang='lat' dir='ltr'>ma-</span> 
     </span>
     <span class='ocr_line' id='line_1_8' title="bbox 103 408 1047 459; baseline -0.016 -6"><span class='ocrx_word' id='word_1_48' title='bbox 103 431 149 454; x_wconf 87' lang='lat' dir='ltr'>nu</span> <span class='ocrx_word' id='word_1_49' title='bbox 172 418 255 452; x_wconf 80' lang='lat' dir='ltr'>Dei.</span> <span class='ocrx_word' id='word_1_50' title='bbox 287 416 361 459; x_wconf 80' lang='lat' dir='ltr'>lpse</span> <span class='ocrx_word' id='word_1_51' title='bbox 378 415 509 459; x_wconf 85' lang='lat' dir='ltr'>quidem</span> <span class='ocrx_word' id='word_1_52' title='bbox 531 410 575 445; x_wconf 81' lang='lat' dir='ltr'>est</span> <span class='ocrx_word' id='word_1_53' title='bbox 597 434 608 451; x_wconf 92' lang='lat'><em>‚</em></span> <span class='ocrx_word' id='word_1_54' title='bbox 647 410 703 454; x_wconf 82' lang='lat' dir='ltr'>qui</span> <span class='ocrx_word' id='word_1_55' title='bbox 725 408 848 442; x_wconf 86' lang='lat' dir='ltr'>exaltat</span> <span class='ocrx_word' id='word_1_56' title='bbox 873 408 1013 440; x_wconf 77' lang='lat' dir='ltr'><strong>humiles</strong></span> <span class='ocrx_word' id='word_1_57' title='bbox 1037 432 1047 447; x_wconf 92' lang='lat'>‚</span> 
     </span>
     <span class='ocr_line' id='line_1_9' title="bbox 103 457 1050 512; baseline -0.015 -9"><span class='ocrx_word' id='word_1_58' title='bbox 103 470 137 503; x_wconf 75' lang='lat' dir='ltr'>dr</span> <span class='ocrx_word' id='word_1_59' title='bbox 159 466 313 512; x_wconf 87' lang='lat' dir='ltr'>superbos</span> <span class='ocrx_word' id='word_1_60' title='bbox 333 465 460 509; x_wconf 84' lang='lat' dir='ltr'>dejicit:</span> <span class='ocrx_word' id='word_1_61' title='bbox 485 462 559 505; x_wconf 82' lang='lat' dir='ltr'>quia</span> <span class='ocrx_word' id='word_1_62' title='bbox 574 460 607 494; x_wconf 88' lang='lat' dir='ltr'>in</span> <span class='ocrx_word' id='word_1_63' title='bbox 631 460 720 493; x_wconf 84' lang='lat' dir='ltr'>suam</span> <span class='ocrx_word' id='word_1_64' title='bbox 736 460 769 492; x_wconf 70' lang='grc' dir='ltr'>ὅ(</span> <span class='ocrx_word' id='word_1_65' title='bbox 793 458 924 491; x_wconf 87' lang='lat' dir='ltr'>suorum</span> <span class='ocrx_word' id='word_1_66' title='bbox 954 457 1050 490; x_wconf 88' lang='lat' dir='ltr'>ultio-</span> 
     </span>
     <span class='ocr_line' id='line_1_10' title="bbox 105 506 1050 558; baseline -0.016 -4"><span class='ocrx_word' id='word_1_67' title='bbox 105 530 181 553; x_wconf 86' lang='lat' dir='ltr'>nem</span> <span class='ocrx_word' id='word_1_68' title='bbox 202 519 306 551; x_wconf 86' lang='lat' dir='ltr'>aufert</span> <span class='ocrx_word' id='word_1_69' title='bbox 325 516 467 558; x_wconf 79' lang='lat' dir='ltr'>spiritum</span> <span class='ocrx_word' id='word_1_70' title='bbox 497 510 687 552; x_wconf 81' lang='lat' dir='ltr'>Principum</span> <span class='ocrx_word' id='word_1_71' title='bbox 701 534 709 541; x_wconf 84' lang='lat'><em>.</em></span> <span class='ocrx_word' id='word_1_72' title='bbox 736 508 907 554; x_wconf 76' lang='lat' dir='ltr'>Quoniam</span> <span class='ocrx_word' id='word_1_73' title='bbox 930 506 1050 540; x_wconf 85' lang='lat' dir='ltr'>terribi-</span> 
     </span>
     <span class='ocr_line' id='line_1_11' title="bbox 105 557 1049 608; baseline -0.015 -5"><span class='ocrx_word' id='word_1_74' title='bbox 105 570 147 603; x_wconf 83' lang='lat' dir='ltr'>lis</span> <span class='ocrx_word' id='word_1_75' title='bbox 169 567 236 603; x_wconf 86' lang='lat' dir='ltr'>est:</span> <span class='ocrx_word' id='word_1_76' title='bbox 263 567 297 601; x_wconf 76' lang='grc' dir='ltr'>ἀ</span> <span class='ocrx_word' id='word_1_77' title='bbox 319 566 390 608; x_wconf 83' lang='lat' dir='ltr'>quis</span> <span class='ocrx_word' id='word_1_78' title='bbox 409 560 529 595; x_wconf 76' lang='lat' dir='ltr'>resistet</span> <span class='ocrx_word' id='word_1_79' title='bbox 546 560 604 593; x_wconf 76' lang='lat' dir='ltr'>ei?</span> <span class='ocrx_word' id='word_1_80' title='bbox 631 559 712 593; x_wconf 89' lang='lat' dir='ltr'>Non</span> <span class='ocrx_word' id='word_1_81' title='bbox 735 557 893 592; x_wconf 76' lang='lat' dir='ltr'>debuisset</span> <span class='ocrx_word' id='word_1_82' title='bbox 915 557 1049 591; x_wconf 88' lang='lat' dir='ltr'>excidis-</span> 
     </span>
     <span class='ocr_line' id='line_1_12' title="bbox 105 607 1069 653; baseline -0.015 0"><span class='ocrx_word' id='word_1_83' title='bbox 105 620 137 653; x_wconf 84' lang='lat' dir='ltr'>se</span> <span class='ocrx_word' id='word_1_84' title='bbox 157 618 172 651; x_wconf 69' lang='grc' dir='ltr'>ὲ</span> <span class='ocrx_word' id='word_1_85' title='bbox 193 614 345 651; x_wconf 89' lang='lat' dir='ltr'>memoria</span> <span class='ocrx_word' id='word_1_86' title='bbox 371 611 469 646; x_wconf 88' lang='lat' dir='ltr'>vestra</span> <span class='ocrx_word' id='word_1_87' title='bbox 482 635 492 651; x_wconf 89' lang='lat'><strong>‚</strong></span> <span class='ocrx_word' id='word_1_88' title='bbox 519 610 554 643; x_wconf 88' lang='lat' dir='ltr'>in</span> <span class='ocrx_word' id='word_1_89' title='bbox 574 620 641 652; x_wconf 89' lang='lat' dir='ltr'>quo</span> <span class='ocrx_word' id='word_1_90' title='bbox 663 607 800 642; x_wconf 80' lang='lat' dir='ltr'>articulo</span> <span class='ocrx_word' id='word_1_91' title='bbox 822 619 879 641; x_wconf 88' lang='lat' dir='ltr'>vos</span> <span class='ocrx_word' id='word_1_92' title='bbox 906 607 997 640; x_wconf 89' lang='lat' dir='ltr'>Deus</span> <span class='ocrx_word' id='word_1_93' title='bbox 1010 617 1069 648; x_wconf 49' lang='lat' dir='ltr'>req</span> 
     </span>
     <span class='ocr_line' id='line_1_13' title="bbox 107 657 1051 712; baseline -0.014 -10"><span class='ocrx_word' id='word_1_94' title='bbox 107 668 244 712; x_wconf 81' lang='lat' dir='ltr'>pererit,</span> <span class='ocrx_word' id='word_1_95' title='bbox 268 667 489 709; x_wconf 83' lang='lat' dir='ltr'>quantumque</span> <span class='ocrx_word' id='word_1_96' title='bbox 499 660 717 704; x_wconf 85' lang='lat' dir='ltr'>promoverit,</span> <span class='ocrx_word' id='word_1_97' title='bbox 745 657 978 697; x_wconf 81' lang='lat' dir='ltr'>honoraverit,</span> <span class='ocrx_word' id='word_1_98' title='bbox 1006 658 1051 690; x_wconf 90' lang='lat' dir='ltr'>su·</span> 
     </span>
     <span class='ocr_line' id='line_1_14' title="bbox 105 706 1051 754; baseline -0.012 -2"><span class='ocrx_word' id='word_1_99' title='bbox 105 716 312 754; x_wconf 84' lang='lat' dir='ltr'>blimaverit,</span> <span class='ocrx_word' id='word_1_100' title='bbox 339 713 372 746; x_wconf 89' lang='lat' dir='ltr'>in</span> <span class='ocrx_word' id='word_1_101' title='bbox 397 712 571 745; x_wconf 79' lang='lat' dir='ltr'>liberorum</span> <span class='ocrx_word' id='word_1_102' title='bbox 584 709 783 752; x_wconf 82' lang='lat' dir='ltr'>susceptione</span> <span class='ocrx_word' id='word_1_103' title='bbox 795 706 1051 745; x_wconf 83' lang='lat' dir='ltr'>beatificaverit,</span> 
     </span>
     <span class='ocr_line' id='line_1_15' title="bbox 107 756 1050 807; baseline -0.012 -7"><span class='ocrx_word' id='word_1_104' title='bbox 107 768 289 807; x_wconf 87' lang='lat' dir='ltr'>soliumque</span> <span class='ocrx_word' id='word_1_105' title='bbox 304 762 413 806; x_wconf 87' lang='lat' dir='ltr'>Regni</span> <span class='ocrx_word' id='word_1_106' title='bbox 428 759 521 794; x_wconf 73' lang='lat' dir='ltr'>vestri</span> <span class='ocrx_word' id='word_1_107' title='bbox 536 758 733 796; x_wconf 83' lang='lat' dir='ltr'>firmaverit,</span> <span class='ocrx_word' id='word_1_108' title='bbox 761 758 793 790; x_wconf 91' lang='lat' dir='ltr'>in</span> <span class='ocrx_word' id='word_1_109' title='bbox 807 756 964 791; x_wconf 88' lang='lat' dir='ltr'>invidiam</span> <span class='ocrx_word' id='word_1_110' title='bbox 981 767 1050 790; x_wconf 90' lang='lat' dir='ltr'>om-</span> 
     </span>
     <span class='ocr_line' id='line_1_16' title="bbox 107 805 1052 851; baseline -0.015 1"><span class='ocrx_word' id='word_1_111' title='bbox 107 814 200 851; x_wconf 78' lang='lat' dir='ltr'>nium</span> <span class='ocrx_word' id='word_1_112' title='bbox 225 813 434 847; x_wconf 83' lang='lat' dir='ltr'>inimicorum</span> <span class='ocrx_word' id='word_1_113' title='bbox 457 806 636 844; x_wconf 71' lang='lat' dir='ltr'>vest&#39;eorum</span> <span class='ocrx_word' id='word_1_114' title='bbox 647 807 790 851; x_wconf 73' lang='lat' dir='ltr'>amplius</span> <span class='ocrx_word' id='word_1_115' title='bbox 809 805 1052 850; x_wconf 78' lang='lat' dir='ltr'>poffeffionibus</span> 
     </span>
     <span class='ocr_line' id='line_1_17' title="bbox 106 856 1051 903; baseline -0.013 -3"><span class='ocrx_word' id='word_1_116' title='bbox 106 862 258 900; x_wconf 75' lang='lat' dir='ltr'>ditaverit</span> <span class='ocrx_word' id='word_1_117' title='bbox 271 887 283 903; x_wconf 94' lang='lat'>,</span> <span class='ocrx_word' id='word_1_118' title='bbox 307 859 389 895; x_wconf 79' lang='lat' dir='ltr'>adeo</span> <span class='ocrx_word' id='word_1_119' title='bbox 411 868 447 894; x_wconf 88' lang='lat' dir='ltr'>ut</span> <span class='ocrx_word' id='word_1_120' title='bbox 461 858 526 894; x_wconf 64' lang='lat' dir='ltr'>htx</span> <span class='ocrx_word' id='word_1_121' title='bbox 546 859 647 902; x_wconf 83' lang='lat' dir='ltr'>usque</span> <span class='ocrx_word' id='word_1_122' title='bbox 656 867 732 892; x_wconf 85' lang='lat' dir='ltr'>cum</span> <span class='ocrx_word' id='word_1_123' title='bbox 752 856 970 892; x_wconf 80' lang='lat' dir='ltr'>admiratione</span> <span class='ocrx_word' id='word_1_124' title='bbox 981 867 1051 889; x_wconf 90' lang='lat' dir='ltr'>om-</span> 
     </span>
     <span class='ocr_line' id='line_1_18' title="bbox 106 907 1052 956; baseline -0.014 -6"><span class='ocrx_word' id='word_1_125' title='bbox 106 912 164 950; x_wconf 81' lang='lat' dir='ltr'>nes</span> <span class='ocrx_word' id='word_1_126' title='bbox 185 913 247 948; x_wconf 72' lang='lat' dir='ltr'>fere</span> <span class='ocrx_word' id='word_1_127' title='bbox 268 909 541 956; x_wconf 80' lang='lat' dir='ltr'>proclamaverint</span> <span class='ocrx_word' id='word_1_128' title='bbox 569 920 578 940; x_wconf 75' lang='grc' dir='ltr'><strong>ε</strong></span> <span class='ocrx_word' id='word_1_129' title='bbox 623 914 681 945; x_wconf 66' lang='lat' dir='ltr'>Hic</span> <span class='ocrx_word' id='word_1_130' title='bbox 699 907 737 949; x_wconf 73' lang='lat' dir='ltr'>est</span> <span class='ocrx_word' id='word_1_131' title='bbox 760 919 847 950; x_wconf 81' lang='lat' dir='ltr'>quem</span> <span class='ocrx_word' id='word_1_132' title='bbox 879 908 966 950; x_wconf 66' lang='lat' dir='ltr'>elegit</span> <span class='ocrx_word' id='word_1_133' title='bbox 987 909 1052 938; x_wconf 83' lang='lat' dir='ltr'>Do-</span> 
     </span>
     <span class='ocr_line' id='line_1_19' title="bbox 102 970 226 999; baseline -0.016 0"><span class='ocrx_word' id='word_1_134' title='bbox 102 970 226 999; x_wconf 61' lang='lat' dir='ltr'>mnu).</span> 
     </span>
     <span class='ocr_line' id='line_1_20' title="bbox 108 1005 1052 1056; baseline -0.01 -9"><span class='ocrx_word' id='word_1_135' title='bbox 108 1026 119 1043; x_wconf 70' lang='lat'><em>2</em></span> <span class='ocrx_word' id='word_1_136' title='bbox 138 1014 201 1050; x_wconf 58' lang='grc' dir='ltr'>ῚἘς</span> <span class='ocrx_word' id='word_1_137' title='bbox 225 1022 283 1048; x_wconf 80' lang='lat' dir='ltr'>vos</span> <span class='ocrx_word' id='word_1_138' title='bbox 302 1011 383 1056; x_wconf 87' lang='lat' dir='ltr'>quid</span> <span class='ocrx_word' id='word_1_139' title='bbox 405 1011 437 1046; x_wconf 90' lang='lat' dir='ltr'>ei</span> <span class='ocrx_word' id='word_1_140' title='bbox 455 1007 655 1049; x_wconf 87' lang='lat' dir='ltr'>retribuetis,</span> <span class='ocrx_word' id='word_1_141' title='bbox 692 1005 744 1041; x_wconf 87' lang='lat' dir='ltr'>vel</span> <span class='ocrx_word' id='word_1_142' title='bbox 770 1005 944 1042; x_wconf 81' lang='lat' dir='ltr'>retribuere</span> <span class='ocrx_word' id='word_1_143' title='bbox 966 1015 1052 1048; x_wconf 88' lang='lat' dir='ltr'>pote·</span> 
     </span>
     <span class='ocr_line' id='line_1_21' title="bbox 106 1054 1052 1108; baseline -0.013 -8"><span class='ocrx_word' id='word_1_144' title='bbox 106 1065 185 1101; x_wconf 75' lang='lat' dir='ltr'>titis·</span> <span class='ocrx_word' id='word_1_145' title='bbox 200 1075 259 1108; x_wconf 83' lang='lat' dir='ltr'>pro</span> <span class='ocrx_word' id='word_1_146' title='bbox 281 1062 332 1096; x_wconf 90' lang='lat' dir='ltr'>his</span> <span class='ocrx_word' id='word_1_147' title='bbox 349 1059 507 1096; x_wconf 87' lang='lat' dir='ltr'>omnibus</span> <span class='ocrx_word' id='word_1_148' title='bbox 530 1083 540 1099; x_wconf 94' lang='lat'>,</span> <span class='ocrx_word' id='word_1_149' title='bbox 574 1069 645 1102; x_wconf 84' lang='lat' dir='ltr'>quae</span> <span class='ocrx_word' id='word_1_150' title='bbox 666 1057 758 1092; x_wconf 88' lang='lat' dir='ltr'>vobis</span> <span class='ocrx_word' id='word_1_151' title='bbox 782 1058 858 1091; x_wconf 80' lang='lat' dir='ltr'>secit</span> <span class='ocrx_word' id='word_1_152' title='bbox 874 1058 890 1088; x_wconf 84' lang='lat'><em>?</em></span> <span class='ocrx_word' id='word_1_153' title='bbox 927 1057 982 1090; x_wconf 84' lang='lat' dir='ltr'>An</span> <span class='ocrx_word' id='word_1_154' title='bbox 1012 1054 1052 1088; x_wconf 91' lang='lat' dir='ltr'>ad</span> 
     </span>
     <span class='ocr_line' id='line_1_22' title="bbox 108 1107 1054 1150; baseline -0.012 -2"><span class='ocrx_word' id='word_1_155' title='bbox 108 1123 225 1150; x_wconf 86' lang='lat' dir='ltr'>eorum</span> <span class='ocrx_word' id='word_1_156' title='bbox 249 1111 435 1148; x_wconf 54' lang='lat' dir='ltr'>instinctum</span> <span class='ocrx_word' id='word_1_157' title='bbox 457 1109 492 1143; x_wconf 73' lang='lat' dir='ltr'>dt</span> <span class='ocrx_word' id='word_1_158' title='bbox 515 1107 700 1142; x_wconf 79' lang='lat' dir='ltr'>instantiam</span> <span class='ocrx_word' id='word_1_159' title='bbox 714 1131 725 1147; x_wconf 94' lang='lat'>,</span> <span class='ocrx_word' id='word_1_160' title='bbox 751 1107 807 1149; x_wconf 88' lang='lat' dir='ltr'>qui</span> <span class='ocrx_word' id='word_1_161' title='bbox 822 1107 906 1140; x_wconf 89' lang='lat' dir='ltr'>circa</span> <span class='ocrx_word' id='word_1_162' title='bbox 919 1117 976 1140; x_wconf 90' lang='lat' dir='ltr'>vos</span> <span class='ocrx_word' id='word_1_163' title='bbox 989 1115 1054 1148; x_wconf 90' lang='lat' dir='ltr'>per·</span> 
     </span>
     <span class='ocr_line' id='line_1_23' title="bbox 107 1155 1052 1208; baseline -0.014 -9"><span class='ocrx_word' id='word_1_164' title='bbox 107 1160 486 1208; x_wconf 52' lang='lat' dir='ltr'>§quantumi-Ecclesiam,</span> <span class='ocrx_word' id='word_1_165' title='bbox 512 1157 661 1201; x_wconf 86' lang='lat' dir='ltr'>virosque</span> <span class='ocrx_word' id='word_1_166' title='bbox 680 1156 937 1195; x_wconf 73' lang='lat' dir='ltr'>Ecclesiasticus,</span> <span class='ocrx_word' id='word_1_167' title='bbox 975 1155 1052 1187; x_wconf 90' lang='lat' dir='ltr'>sem-</span> 
     </span>
     <span class='ocr_line' id='line_1_24' title="bbox 107 1203 1052 1258; baseline -0.012 -11"><span class='ocrx_word' id='word_1_168' title='bbox 107 1222 225 1258; x_wconf 72' lang='lat' dir='ltr'>perque</span> <span class='ocrx_word' id='word_1_169' title='bbox 243 1221 342 1254; x_wconf 86' lang='lat' dir='ltr'>prout</span> <span class='ocrx_word' id='word_1_170' title='bbox 359 1217 536 1253; x_wconf 78' lang='lat' dir='ltr'>potuerunt</span> <span class='ocrx_word' id='word_1_171' title='bbox 549 1208 623 1240; x_wconf 87' lang='lat' dir='ltr'>sunt</span> <span class='ocrx_word' id='word_1_172' title='bbox 634 1207 809 1249; x_wconf 87' lang='lat' dir='ltr'>persecuti,</span> <span class='ocrx_word' id='word_1_173' title='bbox 837 1203 976 1238; x_wconf 88' lang='lat' dir='ltr'>reddetis</span> <span class='ocrx_word' id='word_1_174' title='bbox 989 1214 1052 1236; x_wconf 90' lang='lat' dir='ltr'>ma-</span> 
     </span>
     <span class='ocr_line' id='line_1_25' title="bbox 106 1253 1053 1305; baseline -0.012 -9"><span class='ocrx_word' id='word_1_175' title='bbox 106 1264 138 1296; x_wconf 82' lang='lat' dir='ltr'>la</span> <span class='ocrx_word' id='word_1_176' title='bbox 152 1273 209 1305; x_wconf 87' lang='lat' dir='ltr'>pro</span> <span class='ocrx_word' id='word_1_177' title='bbox 221 1259 342 1299; x_wconf 83' lang='lat' dir='ltr'>bonis,</span> <span class='ocrx_word' id='word_1_178' title='bbox 365 1256 602 1302; x_wconf 66' lang='lat' dir='ltr'>oppressiones,</span> <span class='ocrx_word' id='word_1_179' title='bbox 627 1255 879 1293; x_wconf 75' lang='lat' dir='ltr'>tribulationes,</span> <span class='ocrx_word' id='word_1_180' title='bbox 907 1253 1053 1296; x_wconf 77' lang='lat' dir='ltr'>injurias,</span> 
     </span>
     <span class='ocr_line' id='line_1_26' title="bbox 106 1301 1054 1348; baseline -0.015 0"><span class='ocrx_word' id='word_1_181' title='bbox 106 1310 302 1347; x_wconf 63' lang='lat' dir='ltr'>n&#39;fflifiio&#39;nes</span> <span class='ocrx_word' id='word_1_182' title='bbox 326 1305 517 1342; x_wconf 84' lang='lat' dir='ltr'>Ecclefiis&amp;</span> <span class='ocrx_word' id='word_1_183' title='bbox 532 1304 759 1339; x_wconf 82' lang='lat' dir='ltr'>Ecclefiassicis</span> <span class='ocrx_word' id='word_1_184' title='bbox 769 1304 933 1348; x_wconf 81' lang='lat' dir='ltr'>personis?</span> <span class='ocrx_word' id='word_1_185' title='bbox 959 1301 1054 1335; x_wconf 88' lang='lat' dir='ltr'>Non·</span> 
     </span>
     <span class='ocr_line' id='line_1_27' title="bbox 106 1353 1053 1398; baseline -0.014 -1"><span class='ocrx_word' id='word_1_186' title='bbox 106 1360 152 1397; x_wconf 60' lang='lat' dir='ltr'>n&amp;</span> <span class='ocrx_word' id='word_1_187' title='bbox 171 1359 223 1395; x_wconf 71' lang='lat' dir='ltr'>itti</span> <span class='ocrx_word' id='word_1_188' title='bbox 243 1359 340 1397; x_wconf 89' lang='lat' dir='ltr'>sunt,</span> <span class='ocrx_word' id='word_1_189' title='bbox 372 1357 414 1391; x_wconf 88' lang='lat' dir='ltr'>de</span> <span class='ocrx_word' id='word_1_190' title='bbox 433 1355 551 1398; x_wconf 79' lang='lat' dir='ltr'>quibus</span> <span class='ocrx_word' id='word_1_191' title='bbox 567 1353 648 1389; x_wconf 86' lang='lat' dir='ltr'>dicit</span> <span class='ocrx_word' id='word_1_192' title='bbox 677 1354 842 1388; x_wconf 81' lang='lat' dir='ltr'>Dominus</span> <span class='ocrx_word' id='word_1_193' title='bbox 866 1354 882 1385; x_wconf 86' lang='lat'><em>?</em></span> <span class='ocrx_word' id='word_1_194' title='bbox 908 1355 974 1396; x_wconf 71' lang='lat' dir='ltr'>,Qut</span> <span class='ocrx_word' id='word_1_195' title='bbox 998 1363 1053 1385; x_wconf 78' lang='lat' dir='ltr'>vor</span> 
     </span>
     <span class='ocr_line' id='line_1_28' title="bbox 106 1402 1054 1453; baseline -0.013 -8"><span class='ocrx_word' id='word_1_196' title='bbox 106 1412 193 1453; x_wconf 61' lang='lat' dir='ltr'>dtr,</span> <span class='ocrx_word' id='word_1_197' title='bbox 218 1420 264 1442; x_wconf 82' lang='lat' dir='ltr'>me</span> <span class='ocrx_word' id='word_1_198' title='bbox 282 1409 344 1441; x_wconf 74' lang='lat' dir='ltr'>odrr</span> <span class='ocrx_word' id='word_1_199' title='bbox 357 1433 366 1439; x_wconf 89' lang='lat'><strong>.</strong></span> <span class='ocrx_word' id='word_1_200' title='bbox 390 1409 457 1450; x_wconf 66' lang='lat' dir='ltr'>‘Qun&#39;</span> <span class='ocrx_word' id='word_1_201' title='bbox 471 1416 528 1438; x_wconf 75' lang='lat' dir='ltr'>vot</span> <span class='ocrx_word' id='word_1_202' title='bbox 544 1402 686 1447; x_wconf 74' lang='lat' dir='ltr'>spernit,</span> <span class='ocrx_word' id='word_1_203' title='bbox 711 1415 757 1437; x_wconf 82' lang='lat' dir='ltr'>me</span> <span class='ocrx_word' id='word_1_204' title='bbox 764 1402 897 1447; x_wconf 76' lang='lat' dir='ltr'>spernit.</span> <span class='ocrx_word' id='word_1_205' title='bbox 924 1404 989 1446; x_wconf 73' lang='lat' dir='ltr'>,Qui</span> <span class='ocrx_word' id='word_1_206' title='bbox 1001 1413 1054 1435; x_wconf 83' lang='lat' dir='ltr'>vos</span> 
     </span>
     <span class='ocr_line' id='line_1_29' title="bbox 109 1452 1055 1505; baseline -0.011 -11"><span class='ocrx_word' id='word_1_207' title='bbox 109 1466 230 1505; x_wconf 70' lang='lat' dir='ltr'>ungit,</span> <span class='ocrx_word' id='word_1_208' title='bbox 257 1462 352 1501; x_wconf 73' lang='lat' dir='ltr'>tanget</span> <span class='ocrx_word' id='word_1_209' title='bbox 367 1457 516 1499; x_wconf 64' lang='lat' dir='ltr'>pupillam</span> <span class='ocrx_word' id='word_1_210' title='bbox 537 1456 606 1488; x_wconf 71' lang='lat' dir='ltr'>oculi</span> <span class='ocrx_word' id='word_1_211' title='bbox 628 1460 701 1487; x_wconf 67' lang='lat' dir='ltr'>ntes.</span> <span class='ocrx_word' id='word_1_212' title='bbox 742 1452 839 1487; x_wconf 78' lang='lat' dir='ltr'>Certe</span> <span class='ocrx_word' id='word_1_213' title='bbox 862 1452 917 1485; x_wconf 81' lang='lat' dir='ltr'>etsi</span> <span class='ocrx_word' id='word_1_214' title='bbox 939 1452 1055 1486; x_wconf 70' lang='lat' dir='ltr'>relictis</span> 
     </span>
     <span class='ocr_line' id='line_1_30' title="bbox 110 1502 1056 1552; baseline -0.012 -8"><span class='ocrx_word' id='word_1_215' title='bbox 110 1509 290 1549; x_wconf 80' lang='lat' dir='ltr'>omnibus,</span> <span class='ocrx_word' id='word_1_216' title='bbox 314 1519 386 1552; x_wconf 80' lang='lat' dir='ltr'>quae</span> <span class='ocrx_word' id='word_1_217' title='bbox 409 1505 596 1550; x_wconf 72' lang='lat' dir='ltr'>possidetis,</span> <span class='ocrx_word' id='word_1_218' title='bbox 621 1503 746 1539; x_wconf 82' lang='lat' dir='ltr'>tollatis</span> <span class='ocrx_word' id='word_1_219' title='bbox 756 1512 883 1538; x_wconf 89' lang='lat' dir='ltr'>crucem</span> <span class='ocrx_word' id='word_1_220' title='bbox 907 1502 1056 1541; x_wconf 81' lang='lat' dir='ltr'>vestram,</span> 
     </span>
     <span class='ocr_line' id='line_1_31' title="bbox 109 1550 1057 1601; baseline -0.014 -6"><span class='ocrx_word' id='word_1_221' title='bbox 109 1558 332 1601; x_wconf 81' lang='lat' dir='ltr'>&amp;sequamini</span> <span class='ocrx_word' id='word_1_222' title='bbox 358 1554 543 1589; x_wconf 83' lang='lat' dir='ltr'>Dominum</span> <span class='ocrx_word' id='word_1_223' title='bbox 566 1554 711 1588; x_wconf 81' lang='lat' dir='ltr'>nostrum</span> <span class='ocrx_word' id='word_1_224' title='bbox 738 1555 861 1596; x_wconf 78' lang='lat' dir='ltr'>Jesum-</span> <span class='ocrx_word' id='word_1_225' title='bbox 876 1550 1057 1589; x_wconf 77' lang='lat' dir='ltr'>Christum,</span> 
     </span>
     <span class='ocr_line' id='line_1_32' title="bbox 113 1602 1059 1648; baseline -0.012 -5"><span class='ocrx_word' id='word_1_226' title='bbox 113 1607 171 1643; x_wconf 72' lang='lat' dir='ltr'>v&#39;ix</span> <span class='ocrx_word' id='word_1_227' title='bbox 193 1608 275 1648; x_wconf 84' lang='lat' dir='ltr'>erit,</span> <span class='ocrx_word' id='word_1_228' title='bbox 302 1616 437 1639; x_wconf 89' lang='lat' dir='ltr'>autnon</span> <span class='ocrx_word' id='word_1_229' title='bbox 464 1604 544 1642; x_wconf 84' lang='lat' dir='ltr'>erit,</span> <span class='ocrx_word' id='word_1_230' title='bbox 573 1612 607 1635; x_wconf 92' lang='lat' dir='ltr'>ut</span> <span class='ocrx_word' id='word_1_231' title='bbox 632 1602 900 1645; x_wconf 87' lang='lat' dir='ltr'>fidelis&amp;gratus</span> <span class='ocrx_word' id='word_1_232' title='bbox 912 1610 1059 1643; x_wconf 85' lang='lat' dir='ltr'>accepto·</span> 
     </span>
     <span class='ocr_line' id='line_1_33' title="bbox 113 1649 1060 1694; baseline -0.011 -2"><span class='ocrx_word' id='word_1_233' title='bbox 113 1668 185 1692; x_wconf 82' lang='lat' dir='ltr'>rum</span> <span class='ocrx_word' id='word_1_234' title='bbox 206 1657 247 1690; x_wconf 90' lang='lat' dir='ltr'>ab</span> <span class='ocrx_word' id='word_1_235' title='bbox 268 1667 310 1689; x_wconf 88' lang='lat' dir='ltr'>eo</span> <span class='ocrx_word' id='word_1_236' title='bbox 332 1654 564 1688; x_wconf 87' lang='lat' dir='ltr'>beneficiorum</span> <span class='ocrx_word' id='word_1_237' title='bbox 587 1651 757 1684; x_wconf 84' lang='lat' dir='ltr'>retributor</span> <span class='ocrx_word' id='word_1_238' title='bbox 777 1650 952 1694; x_wconf 76' lang='lat' dir='ltr'>appareatis</span> <span class='ocrx_word' id='word_1_239' title='bbox 965 1674 973 1682; x_wconf 90' lang='lat'><strong>.</strong></span> <span class='ocrx_word' id='word_1_240' title='bbox 1000 1649 1060 1682; x_wconf 87' lang='lat' dir='ltr'>ln-</span> 
     </span>
     <span class='ocr_line' id='line_1_34' title="bbox 113 1696 1058 1753; baseline -0.014 -11"><span class='ocrx_word' id='word_1_241' title='bbox 113 1709 237 1753; x_wconf 77' lang='lat' dir='ltr'>quitite</span> <span class='ocrx_word' id='word_1_242' title='bbox 256 1706 423 1746; x_wconf 82' lang='lat' dir='ltr'>scripturas</span> <span class='ocrx_word' id='word_1_243' title='bbox 441 1703 459 1733; x_wconf 73' lang='grc' dir='ltr'>ὲ</span> <span class='ocrx_word' id='word_1_244' title='bbox 473 1699 648 1733; x_wconf 81' lang='lat' dir='ltr'>scientibus</span> <span class='ocrx_word' id='word_1_245' title='bbox 666 1723 677 1738; x_wconf 85' lang='lat'>,</span> <span class='ocrx_word' id='word_1_246' title='bbox 715 1700 750 1731; x_wconf 73' lang='grc' dir='ltr'>ἀ</span> <span class='ocrx_word' id='word_1_247' title='bbox 776 1699 951 1738; x_wconf 81' lang='lat' dir='ltr'>invenietis</span> <span class='ocrx_word' id='word_1_248' title='bbox 968 1696 1058 1749; x_wconf 74' lang='lat' dir='ltr'>quod</span> 
     </span>
     <span class='ocr_line' id='line_1_35' title="bbox 112 1745 1059 1794; baseline -0.014 -5"><span class='ocrx_word' id='word_1_249' title='bbox 112 1757 189 1792; x_wconf 62' lang='lat' dir='ltr'>saul</span> <span class='ocrx_word' id='word_1_250' title='bbox 205 1778 217 1794; x_wconf 87' lang='lat'>,</span> <span class='ocrx_word' id='word_1_251' title='bbox 230 1752 320 1786; x_wconf 62' lang='lat' dir='ltr'>&#39;ticet</span> <span class='ocrx_word' id='word_1_252' title='bbox 329 1751 450 1783; x_wconf 66' lang='lat' dir='ltr'>elesius</span> <span class='ocrx_word' id='word_1_253' title='bbox 462 1746 584 1781; x_wconf 74' lang='lat' dir='ltr'>fuerita</span> <span class='ocrx_word' id='word_1_254' title='bbox 598 1747 749 1780; x_wconf 87' lang='lat' dir='ltr'>Domino</span> <span class='ocrx_word' id='word_1_255' title='bbox 759 1766 773 1783; x_wconf 84' lang='lat'>,</span> <span class='ocrx_word' id='word_1_256' title='bbox 795 1746 953 1788; x_wconf 85' lang='lat' dir='ltr'>quoniam</span> <span class='ocrx_word' id='word_1_257' title='bbox 967 1745 987 1776; x_wconf 67' lang='lat' dir='ltr'>a</span> <span class='ocrx_word' id='word_1_258' title='bbox 997 1745 1059 1776; x_wconf 83' lang='lat' dir='ltr'>virs</span> 
     </span>
     <span class='ocr_line' id='line_1_36' title="bbox 110 1793 1061 1848; baseline -0.012 -11"><span class='ocrx_word' id='word_1_259' title='bbox 110 1800 346 1848; x_wconf 73' lang='lat' dir='ltr'>ejus&#39;receffit‚</span> <span class='ocrx_word' id='word_1_260' title='bbox 366 1797 564 1843; x_wconf 88' lang='lat' dir='ltr'>-periitipse‚</span> <span class='ocrx_word' id='word_1_261' title='bbox 589 1795 622 1828; x_wconf 88' lang='lat'>&amp;</span> <span class='ocrx_word' id='word_1_262' title='bbox 641 1795 759 1828; x_wconf 87' lang='lat' dir='ltr'>domus</span> <span class='ocrx_word' id='word_1_263' title='bbox 770 1794 840 1838; x_wconf 81' lang='lat' dir='ltr'>ejus</span> <span class='ocrx_word' id='word_1_264' title='bbox 851 1803 941 1828; x_wconf 87' lang='lat' dir='ltr'>tota.</span> <span class='ocrx_word' id='word_1_265' title='bbox 969 1793 1061 1828; x_wconf 66' lang='lat' dir='ltr'>ozia</span> 
     </span>
     <span class='ocr_line' id='line_1_37' title="bbox 111 1843 1059 1899; baseline -0.012 -12"><span class='ocrx_word' id='word_1_266' title='bbox 111 1852 246 1899; x_wconf 74' lang='lat' dir='ltr'>quoque</span> <span class='ocrx_word' id='word_1_267' title='bbox 262 1850 364 1895; x_wconf 84' lang='lat' dir='ltr'>Regis</span> <span class='ocrx_word' id='word_1_268' title='bbox 385 1846 465 1891; x_wconf 84' lang='lat' dir='ltr'>Juda</span> <span class='ocrx_word' id='word_1_269' title='bbox 478 1871 489 1887; x_wconf 92' lang='lat'>,</span> <span class='ocrx_word' id='word_1_270' title='bbox 514 1845 603 1887; x_wconf 81' lang='lat' dir='ltr'>cnjus</span> <span class='ocrx_word' id='word_1_271' title='bbox 627 1854 746 1878; x_wconf 90' lang='lat' dir='ltr'>nomen</span> <span class='ocrx_word' id='word_1_272' title='bbox 770 1843 835 1878; x_wconf 73' lang='lat' dir='ltr'>late</span> <span class='ocrx_word' id='word_1_273' title='bbox 852 1844 1059 1888; x_wconf 89' lang='lat' dir='ltr'>divulgatum</span> 
     </span>
     <span class='ocr_line' id='line_1_38' title="bbox 111 1892 1060 1947; baseline -0.009 -11"><span class='ocrx_word' id='word_1_274' title='bbox 111 1904 185 1945; x_wconf 67' lang='lat' dir='ltr'>est,</span> <span class='ocrx_word' id='word_1_275' title='bbox 210 1903 245 1937; x_wconf 83' lang='lat'>&amp;</span> <span class='ocrx_word' id='word_1_276' title='bbox 263 1898 376 1947; x_wconf 78' lang='lat' dir='ltr'>procul</span> <span class='ocrx_word' id='word_1_277' title='bbox 401 1896 558 1942; x_wconf 72' lang='lat' dir='ltr'>egressum</span> <span class='ocrx_word' id='word_1_278' title='bbox 580 1903 707 1938; x_wconf 84' lang='lat' dir='ltr'>propter</span> <span class='ocrx_word' id='word_1_279' title='bbox 727 1892 850 1928; x_wconf 86' lang='lat' dir='ltr'>crebras</span> <span class='ocrx_word' id='word_1_280' title='bbox 870 1893 928 1927; x_wconf 83' lang='lat' dir='ltr'>fibi</span> <span class='ocrx_word' id='word_1_281' title='bbox 952 1895 970 1927; x_wconf 73' lang='lat' dir='ltr'>a</span> <span class='ocrx_word' id='word_1_282' title='bbox 993 1893 1060 1927; x_wconf 85' lang='lat' dir='ltr'>Do·</span> 
     </span>
     <span class='ocr_line' id='line_1_39' title="bbox 116 1943 1060 1990; baseline -0.015 0"><span class='ocrx_word' id='word_1_283' title='bbox 116 1950 368 1990; x_wconf 34' lang='lat' dir='ltr'>dimoveollatas</span> <span class='ocrx_word' id='word_1_284' title='bbox 391 1947 559 1986; x_wconf 67' lang='lat' dir='ltr'>victorias,</span> <span class='ocrx_word' id='word_1_285' title='bbox 585 1946 669 1979; x_wconf 80' lang='lat' dir='ltr'>adeo</span> <span class='ocrx_word' id='word_1_286' title='bbox 697 1954 756 1978; x_wconf 91' lang='lat' dir='ltr'>cor</span> <span class='ocrx_word' id='word_1_287' title='bbox 774 1944 937 1978; x_wconf 84' lang='lat' dir='ltr'>elevatum</span> <span class='ocrx_word' id='word_1_288' title='bbox 957 1943 1002 1977; x_wconf 84' lang='lat' dir='ltr'>est</span> <span class='ocrx_word' id='word_1_289' title='bbox 1027 1944 1060 1977; x_wconf 91' lang='lat' dir='ltr'>in</span> 
     </span>
     <span class='ocr_line' id='line_1_40' title="bbox 63 1992 1062 2039; baseline -0.015 1"><span class='ocrx_word' id='word_1_290' title='bbox 63 2032 68 2035; x_wconf 88' lang='lat'><em>.</em></span> <span class='ocrx_word' id='word_1_291' title='bbox 116 2000 401 2039; x_wconf 66' lang='lat' dir='ltr'>mum-interitum</span> <span class='ocrx_word' id='word_1_292' title='bbox 427 2021 439 2039; x_wconf 87' lang='lat'>‚</span> <span class='ocrx_word' id='word_1_293' title='bbox 470 1997 512 2030; x_wconf 82' lang='lat' dir='ltr'>eo</span> <span class='ocrx_word' id='word_1_294' title='bbox 535 1996 623 2039; x_wconf 79' lang='lat' dir='ltr'>quod</span> <span class='ocrx_word' id='word_1_295' title='bbox 650 1995 771 2038; x_wconf 75' lang='lat' dir='ltr'>ubique</span> <span class='ocrx_word' id='word_1_296' title='bbox 800 1994 1011 2029; x_wconf 75' lang='lat' dir='ltr'>auxiliaretur</span> <span class='ocrx_word' id='word_1_297' title='bbox 1031 1992 1062 2026; x_wconf 91' lang='lat' dir='ltr'>ei</span> 
     </span>
     <span class='ocr_line' id='line_1_41' title="bbox 114 2043 1063 2091; baseline -0.015 -2"><span class='ocrx_word' id='word_1_298' title='bbox 114 2053 286 2088; x_wconf 79' lang='lat' dir='ltr'>Dominus</span> <span class='ocrx_word' id='word_1_299' title='bbox 303 2074 314 2091; x_wconf 91' lang='lat'>,</span> <span class='ocrx_word' id='word_1_300' title='bbox 337 2049 372 2084; x_wconf 74' lang='grc' dir='ltr'>δε</span> <span class='ocrx_word' id='word_1_301' title='bbox 393 2044 627 2082; x_wconf 73' lang='lat' dir='ltr'>corroborasset</span> <span class='ocrx_word' id='word_1_302' title='bbox 651 2046 744 2078; x_wconf 86' lang='lat' dir='ltr'>illum</span> <span class='ocrx_word' id='word_1_303' title='bbox 766 2068 777 2084; x_wconf 91' lang='lat'>‚</span> <span class='ocrx_word' id='word_1_304' title='bbox 810 2053 846 2077; x_wconf 91' lang='lat' dir='ltr'>ut</span> <span class='ocrx_word' id='word_1_305' title='bbox 867 2044 967 2086; x_wconf 91' lang='lat' dir='ltr'>spreta</span> <span class='ocrx_word' id='word_1_306' title='bbox 989 2043 1063 2076; x_wconf 64' lang='lat' dir='ltr'>Do⁴</span> 
     </span>
     <span class='ocr_line' id='line_1_42' title="bbox 115 2091 1064 2140; baseline -0.014 -2"><span class='ocrx_word' id='word_1_307' title='bbox 115 2103 199 2138; x_wconf 75' lang='lat' dir='ltr'>mini</span> <span class='ocrx_word' id='word_1_308' title='bbox 227 2099 403 2137; x_wconf 87' lang='lat' dir='ltr'>reverentia</span> <span class='ocrx_word' id='word_1_309' title='bbox 433 2097 581 2140; x_wconf 86' lang='lat' dir='ltr'>usurpare</span> <span class='ocrx_word' id='word_1_310' title='bbox 615 2094 673 2128; x_wconf 81' lang='lat' dir='ltr'>sibi</span> <span class='ocrx_word' id='word_1_311' title='bbox 701 2093 840 2128; x_wconf 88' lang='lat' dir='ltr'>voluerit</span> <span class='ocrx_word' id='word_1_312' title='bbox 860 2117 872 2133; x_wconf 92' lang='lat'>,</span> <span class='ocrx_word' id='word_1_313' title='bbox 896 2092 986 2136; x_wconf 87' lang='lat' dir='ltr'>quod</span> <span class='ocrx_word' id='word_1_314' title='bbox 1018 2091 1064 2125; x_wconf 90' lang='lat' dir='ltr'>sui</span> 
     </span>
     <span class='ocr_line' id='line_1_43' title="bbox 116 2141 1065 2189; baseline -0.016 0"><span class='ocrx_word' id='word_1_315' title='bbox 116 2153 219 2188; x_wconf 80' lang='lat' dir='ltr'>officii</span> <span class='ocrx_word' id='word_1_316' title='bbox 243 2163 310 2186; x_wconf 89' lang='lat' dir='ltr'>non</span> <span class='ocrx_word' id='word_1_317' title='bbox 330 2158 419 2189; x_wconf 87' lang='lat' dir='ltr'>erat,</span> <span class='ocrx_word' id='word_1_318' title='bbox 446 2147 500 2181; x_wconf 87' lang='lat' dir='ltr'>sed</span> <span class='ocrx_word' id='word_1_319' title='bbox 522 2144 734 2180; x_wconf 85' lang='lat' dir='ltr'>Sacerdotum</span> <span class='ocrx_word' id='word_1_320' title='bbox 749 2168 760 2184; x_wconf 94' lang='lat'>,</span> <span class='ocrx_word' id='word_1_321' title='bbox 787 2141 820 2178; x_wconf 90' lang='lat' dir='ltr'>id</span> <span class='ocrx_word' id='word_1_322' title='bbox 840 2143 910 2182; x_wconf 88' lang='lat' dir='ltr'>est,</span> <span class='ocrx_word' id='word_1_323' title='bbox 936 2142 1065 2176; x_wconf 85' lang='lat' dir='ltr'>adolere</span> 
     </span>
     <span class='ocr_line' id='line_1_44' title="bbox 119 2192 1065 2242; baseline -0.013 -4"><span class='ocrx_word' id='word_1_324' title='bbox 119 2203 292 2238; x_wconf 75' lang='lat' dir='ltr'>incensum</span> <span class='ocrx_word' id='word_1_325' title='bbox 315 2201 407 2242; x_wconf 89' lang='lat' dir='ltr'>super</span> <span class='ocrx_word' id='word_1_326' title='bbox 429 2196 544 2230; x_wconf 88' lang='lat' dir='ltr'>Altare</span> <span class='ocrx_word' id='word_1_327' title='bbox 566 2195 725 2229; x_wconf 86' lang='lat' dir='ltr'>Domini.</span> <span class='ocrx_word' id='word_1_328' title='bbox 754 2193 799 2228; x_wconf 87' lang='lat' dir='ltr'>Et</span> <span class='ocrx_word' id='word_1_329' title='bbox 818 2192 864 2227; x_wconf 91' lang='lat' dir='ltr'>ob</span> <span class='ocrx_word' id='word_1_330' title='bbox 884 2192 975 2227; x_wconf 72' lang='lat' dir='ltr'>hoca</span> <span class='ocrx_word' id='word_1_331' title='bbox 998 2193 1065 2226; x_wconf 93' lang='lat' dir='ltr'>Do-</span> 
     </span>
     <span class='ocr_line' id='line_1_45' title="bbox 122 2242 1066 2293; baseline -0.011 -8"><span class='ocrx_word' id='word_1_332' title='bbox 122 2253 216 2286; x_wconf 76' lang='lat' dir='ltr'>mino</span> <span class='ocrx_word' id='word_1_333' title='bbox 237 2251 324 2293; x_wconf 89' lang='lat' dir='ltr'>lepra</span> <span class='ocrx_word' id='word_1_334' title='bbox 351 2247 511 2291; x_wconf 73' lang='lat' dir='ltr'>percussus</span> <span class='ocrx_word' id='word_1_335' title='bbox 532 2245 575 2279; x_wconf 86' lang='lat' dir='ltr'>est</span> <span class='ocrx_word' id='word_1_336' title='bbox 595 2269 606 2284; x_wconf 88' lang='lat'>,</span> <span class='ocrx_word' id='word_1_337' title='bbox 644 2245 676 2278; x_wconf 75' lang='grc' dir='ltr'>δε</span> <span class='ocrx_word' id='word_1_338' title='bbox 697 2255 753 2288; x_wconf 81' lang='lat' dir='ltr'>per</span> <span class='ocrx_word' id='word_1_339' title='bbox 771 2254 888 2278; x_wconf 85' lang='lat' dir='ltr'>manus</span> <span class='ocrx_word' id='word_1_340' title='bbox 909 2242 1066 2277; x_wconf 86' lang='lat' dir='ltr'>Sacerdo-</span> 
     </span>
     <span class='ocr_line' id='line_1_46' title="bbox 121 2294 1067 2344; baseline -0.012 -7"><span class='ocrx_word' id='word_1_341' title='bbox 121 2313 193 2337; x_wconf 73' lang='lat' dir='ltr'>turn</span> <span class='ocrx_word' id='word_1_342' title='bbox 217 2301 337 2344; x_wconf 60' lang='lat' dir='ltr'>ejectus</span> <span class='ocrx_word' id='word_1_343' title='bbox 355 2298 375 2330; x_wconf 66' lang='lat' dir='ltr'>a</span> <span class='ocrx_word' id='word_1_344' title='bbox 397 2297 520 2338; x_wconf 78' lang='lat' dir='ltr'>templo</span> <span class='ocrx_word' id='word_1_345' title='bbox 547 2295 706 2327; x_wconf 81' lang='lat' dir='ltr'>Domini:</span> <span class='ocrx_word' id='word_1_346' title='bbox 733 2294 766 2327; x_wconf 80' lang='grc' dir='ltr'>δε</span> <span class='ocrx_word' id='word_1_347' title='bbox 786 2295 828 2326; x_wconf 90' lang='lat' dir='ltr'>sic</span> <span class='ocrx_word' id='word_1_348' title='bbox 841 2294 956 2326; x_wconf 87' lang='lat' dir='ltr'>mansit</span> <span class='ocrx_word' id='word_1_349' title='bbox 969 2294 1067 2334; x_wconf 86' lang='lat' dir='ltr'>usque</span> 
     </span>
     <span class='ocr_line' id='line_1_47' title="bbox 94 2332 1065 2387; baseline -0.012 0"><span class='ocrx_word' id='word_1_350' title='bbox 94 2332 101 2350; x_wconf 40' lang='grc' dir='ltr'><strong>ζ</strong></span> <span class='ocrx_word' id='word_1_351' title='bbox 121 2352 163 2386; x_wconf 80' lang='lat' dir='ltr'>ad</span> <span class='ocrx_word' id='word_1_352' title='bbox 178 2349 266 2384; x_wconf 83' lang='lat' dir='ltr'>diem</span> <span class='ocrx_word' id='word_1_353' title='bbox 288 2346 405 2381; x_wconf 85' lang='lat' dir='ltr'>mortis</span> <span class='ocrx_word' id='word_1_354' title='bbox 423 2345 505 2385; x_wconf 69' lang='lat' dir='ltr'>sum,</span> <span class='ocrx_word' id='word_1_355' title='bbox 531 2343 644 2386; x_wconf 84' lang='lat' dir='ltr'>plenus</span> <span class='ocrx_word' id='word_1_356' title='bbox 673 2343 759 2387; x_wconf 88' lang='lat' dir='ltr'>lepra</span> <span class='ocrx_word' id='word_1_357' title='bbox 773 2367 783 2383; x_wconf 89' lang='lat'>,</span> <span class='ocrx_word' id='word_1_358' title='bbox 819 2343 864 2377; x_wconf 90' lang='lat' dir='ltr'>ob</span> <span class='ocrx_word' id='word_1_359' title='bbox 885 2353 984 2386; x_wconf 84' lang='lat' dir='ltr'>quam</span> <span class='ocrx_word' id='word_1_360' title='bbox 1007 2343 1065 2386; x_wconf 75' lang='lat' dir='ltr'>eje-</span> 
     </span>
     <span class='ocr_line' id='line_1_48' title="bbox 121 2392 1067 2437; baseline -0.008 -2"><span class='ocrx_word' id='word_1_361' title='bbox 121 2404 188 2435; x_wconf 69' lang='lat' dir='ltr'>&amp;us</span> <span class='ocrx_word' id='word_1_362' title='bbox 210 2400 314 2433; x_wconf 86' lang='lat' dir='ltr'>fuerat</span> <span class='ocrx_word' id='word_1_363' title='bbox 332 2394 375 2429; x_wconf 90' lang='lat' dir='ltr'>de</span> <span class='ocrx_word' id='word_1_364' title='bbox 394 2392 496 2428; x_wconf 91' lang='lat' dir='ltr'>domo</span> <span class='ocrx_word' id='word_1_365' title='bbox 509 2392 650 2427; x_wconf 88' lang='lat' dir='ltr'>Domini</span> <span class='ocrx_word' id='word_1_366' title='bbox 665 2418 671 2424; x_wconf 94' lang='lat'>.</span> <span class='ocrx_word' id='word_1_367' title='bbox 698 2392 866 2437; x_wconf 88' lang='lat' dir='ltr'>Multique</span> <span class='ocrx_word' id='word_1_368' title='bbox 880 2393 934 2426; x_wconf 90' lang='lat' dir='ltr'>alii</span> <span class='ocrx_word' id='word_1_369' title='bbox 948 2393 1067 2437; x_wconf 88' lang='lat' dir='ltr'>Reges,</span> 
     </span>
     <span class='ocr_line' id='line_1_49' title="bbox 121 2443 1067 2487; baseline -0.011 -2"><span class='ocrx_word' id='word_1_370' title='bbox 121 2449 199 2485; x_wconf 68' lang='lat' dir='ltr'>facti</span> <span class='ocrx_word' id='word_1_371' title='bbox 222 2449 281 2482; x_wconf 79' lang='lat' dir='ltr'>viri</span> <span class='ocrx_word' id='word_1_372' title='bbox 312 2445 542 2479; x_wconf 88' lang='lat' dir='ltr'>immensarum</span> <span class='ocrx_word' id='word_1_373' title='bbox 573 2443 760 2483; x_wconf 82' lang='lat' dir='ltr'>divitiarum</span> <span class='ocrx_word' id='word_1_374' title='bbox 778 2468 788 2483; x_wconf 91' lang='lat'>‚</span> <span class='ocrx_word' id='word_1_375' title='bbox 815 2444 974 2487; x_wconf 88' lang='lat' dir='ltr'>quoniam</span> <span class='ocrx_word' id='word_1_376' title='bbox 1002 2454 1067 2476; x_wconf 89' lang='lat' dir='ltr'>am·</span> 
     </span>
     <span class='ocr_line' id='line_1_50' title="bbox 122 2491 1068 2539; baseline -0.008 -5"><span class='ocrx_word' id='word_1_377' title='bbox 122 2499 315 2534; x_wconf 72' lang='lat' dir='ltr'>nutaverunt</span> <span class='ocrx_word' id='word_1_378' title='bbox 334 2496 424 2538; x_wconf 83' lang='lat' dir='ltr'>super</span> <span class='ocrx_word' id='word_1_379' title='bbox 448 2495 479 2527; x_wconf 90' lang='lat' dir='ltr'>se</span> <span class='ocrx_word' id='word_1_380' title='bbox 501 2495 534 2526; x_wconf 90' lang='lat' dir='ltr'>in</span> <span class='ocrx_word' id='word_1_381' title='bbox 560 2491 763 2527; x_wconf 80' lang='lat' dir='ltr'>mirabilibus</span> <span class='ocrx_word' id='word_1_382' title='bbox 786 2493 934 2533; x_wconf 88' lang='lat' dir='ltr'>Mundi,</span> <span class='ocrx_word' id='word_1_383' title='bbox 961 2494 1068 2539; x_wconf 74' lang='lat' dir='ltr'>praesu-</span> 
     </span>
     <span class='ocr_line' id='line_1_51' title="bbox 120 2543 1071 2586; baseline -0.009 -2"><span class='ocrx_word' id='word_1_384' title='bbox 120 2559 251 2584; x_wconf 78' lang='lat' dir='ltr'>mentes</span> <span class='ocrx_word' id='word_1_385' title='bbox 270 2545 422 2581; x_wconf 82' lang='lat' dir='ltr'>rebellare</span> <span class='ocrx_word' id='word_1_386' title='bbox 446 2544 542 2583; x_wconf 90' lang='lat' dir='ltr'>Deo,</span> <span class='ocrx_word' id='word_1_387' title='bbox 570 2545 604 2575; x_wconf 83' lang='lat' dir='ltr'>in</span> <span class='ocrx_word' id='word_1_388' title='bbox 625 2543 688 2576; x_wconf 88' lang='lat' dir='ltr'>suis</span> <span class='ocrx_word' id='word_1_389' title='bbox 700 2543 859 2585; x_wconf 79' lang='lat' dir='ltr'>mysteriis</span> <span class='ocrx_word' id='word_1_390' title='bbox 875 2544 1037 2586; x_wconf 86' lang='lat' dir='ltr'>perierunt</span> <span class='ocrx_word' id='word_1_391' title='bbox 1061 2567 1071 2584; x_wconf 93' lang='lat'>,</span> 
     </span>
     <span class='ocr_line' id='line_1_52' title="bbox 123 2593 1072 2635; baseline -0.009 0"><span class='ocrx_word' id='word_1_392' title='bbox 123 2601 157 2635; x_wconf 70' lang='grc' dir='ltr'>ἀ</span> <span class='ocrx_word' id='word_1_393' title='bbox 177 2598 219 2633; x_wconf 82' lang='lat' dir='ltr'>ad</span> <span class='ocrx_word' id='word_1_394' title='bbox 239 2596 398 2632; x_wconf 85' lang='lat' dir='ltr'>ultimum</span> <span class='ocrx_word' id='word_1_395' title='bbox 420 2593 504 2627; x_wconf 91' lang='lat' dir='ltr'>nihil</span> <span class='ocrx_word' id='word_1_396' title='bbox 517 2593 707 2627; x_wconf 81' lang='lat' dir='ltr'>divitiarum</span> <span class='ocrx_word' id='word_1_397' title='bbox 731 2595 858 2626; x_wconf 89' lang='lat' dir='ltr'>suarum</span> <span class='ocrx_word' id='word_1_398' title='bbox 878 2593 1072 2626; x_wconf 86' lang='lat' dir='ltr'>invenerunt</span> 
     </span>
     <span class='ocr_line' id='line_1_53' title="bbox 125 2642 1070 2686; baseline -0.008 -2"><span class='ocrx_word' id='word_1_399' title='bbox 125 2647 162 2684; x_wconf 84' lang='lat' dir='ltr'>in</span> <span class='ocrx_word' id='word_1_400' title='bbox 183 2647 334 2682; x_wconf 86' lang='lat' dir='ltr'>manibus</span> <span class='ocrx_word' id='word_1_401' title='bbox 352 2645 415 2678; x_wconf 83' lang='lat' dir='ltr'>suis</span> <span class='ocrx_word' id='word_1_402' title='bbox 431 2669 439 2675; x_wconf 89' lang='lat'><em>.</em></span> <span class='ocrx_word' id='word_1_403' title='bbox 467 2644 540 2676; x_wconf 86' lang='lat' dir='ltr'>Rex</span> <span class='ocrx_word' id='word_1_404' title='bbox 565 2653 696 2685; x_wconf 87' lang='lat' dir='ltr'>quoque</span> <span class='ocrx_word' id='word_1_405' title='bbox 718 2642 830 2677; x_wconf 84' lang='lat' dir='ltr'>Achaz</span> <span class='ocrx_word' id='word_1_406' title='bbox 862 2667 874 2683; x_wconf 93' lang='lat'>,</span> <span class='ocrx_word' id='word_1_407' title='bbox 912 2644 1070 2686; x_wconf 90' lang='lat' dir='ltr'>quoniam</span> 
     </span>
     <span class='ocr_line' id='line_1_54' title="bbox 126 2693 1070 2742; baseline -0.008 -8"><span class='ocrx_word' id='word_1_408' title='bbox 126 2700 161 2733; x_wconf 74' lang='grc' dir='ltr'>ἀ</span> <span class='ocrx_word' id='word_1_409' title='bbox 185 2699 252 2742; x_wconf 78' lang='lat' dir='ltr'>ipse</span> <span class='ocrx_word' id='word_1_410' title='bbox 271 2695 418 2732; x_wconf 86' lang='lat' dir='ltr'>officium</span> <span class='ocrx_word' id='word_1_411' title='bbox 441 2693 648 2727; x_wconf 85' lang='lat' dir='ltr'>Sacerdotale</span> <span class='ocrx_word' id='word_1_412' title='bbox 670 2693 858 2735; x_wconf 84' lang='lat' dir='ltr'>usurpavit,</span> <span class='ocrx_word' id='word_1_413' title='bbox 882 2693 1028 2726; x_wconf 83' lang='lat' dir='ltr'>similiter</span> <span class='ocrx_word' id='word_1_414' title='bbox 1053 2694 1070 2726; x_wconf 70' lang='lat' dir='ltr'>a</span> 
     </span>
     <span class='ocr_line' id='line_1_55' title="bbox 126 2741 1072 2789; baseline -0.008 -6"><span class='ocrx_word' id='word_1_415' title='bbox 126 2748 279 2784; x_wconf 88' lang='lat' dir='ltr'>Domino</span> <span class='ocrx_word' id='word_1_416' title='bbox 309 2746 393 2789; x_wconf 88' lang='lat' dir='ltr'>lepra</span> <span class='ocrx_word' id='word_1_417' title='bbox 415 2744 572 2787; x_wconf 78' lang='lat' dir='ltr'>percussus</span> <span class='ocrx_word' id='word_1_418' title='bbox 604 2741 650 2776; x_wconf 87' lang='lat' dir='ltr'>est</span> <span class='ocrx_word' id='word_1_419' title='bbox 678 2766 684 2773; x_wconf 92' lang='lat'>.</span> <span class='ocrx_word' id='word_1_420' title='bbox 720 2742 792 2776; x_wconf 91' lang='lat' dir='ltr'>Oza</span> <span class='ocrx_word' id='word_1_421' title='bbox 815 2743 947 2786; x_wconf 73' lang='lat' dir='ltr'>quoque</span> <span class='ocrx_word' id='word_1_422' title='bbox 973 2766 984 2782; x_wconf 88' lang='lat'>,</span> <span class='ocrx_word' id='word_1_423' title='bbox 1017 2741 1072 2777; x_wconf 86' lang='lat' dir='ltr'>etfi</span> 
     </span>
     <span class='ocr_line' id='line_1_56' title="bbox 130 2792 1074 2837; baseline -0.01 -4"><span class='ocrx_word' id='word_1_424' title='bbox 130 2800 203 2833; x_wconf 82' lang='lat' dir='ltr'>Rex</span> <span class='ocrx_word' id='word_1_425' title='bbox 225 2808 291 2831; x_wconf 88' lang='lat' dir='ltr'>non</span> <span class='ocrx_word' id='word_1_426' title='bbox 312 2797 410 2834; x_wconf 72' lang='lat' dir='ltr'>esset,</span> <span class='ocrx_word' id='word_1_427' title='bbox 437 2794 595 2837; x_wconf 79' lang='lat' dir='ltr'>quoniam</span> <span class='ocrx_word' id='word_1_428' title='bbox 619 2794 742 2826; x_wconf 82' lang='lat' dir='ltr'>Arcam</span> <span class='ocrx_word' id='word_1_429' title='bbox 766 2792 909 2826; x_wconf 87' lang='lat' dir='ltr'>Domini</span> <span class='ocrx_word' id='word_1_430' title='bbox 928 2794 1037 2837; x_wconf 87' lang='lat' dir='ltr'>tetigit</span> <span class='ocrx_word' id='word_1_431' title='bbox 1064 2817 1074 2831; x_wconf 90' lang='lat'>‚</span> 
     </span>
     <span class='ocr_line' id='line_1_57' title="bbox 131 2840 1074 2886; baseline -0.007 -4"><span class='ocrx_word' id='word_1_432' title='bbox 131 2850 166 2883; x_wconf 70' lang='grc' dir='ltr'>ἀ</span> <span class='ocrx_word' id='word_1_433' title='bbox 186 2847 296 2881; x_wconf 86' lang='lat' dir='ltr'>tenuit</span> <span class='ocrx_word' id='word_1_434' title='bbox 319 2853 485 2879; x_wconf 81' lang='lat' dir='ltr'>nutantem</span> <span class='ocrx_word' id='word_1_435' title='bbox 509 2843 549 2875; x_wconf 89' lang='lat' dir='ltr'>ad</span> <span class='ocrx_word' id='word_1_436' title='bbox 573 2842 785 2886; x_wconf 77' lang='lat' dir='ltr'>praecipitium</span> <span class='ocrx_word' id='word_1_437' title='bbox 815 2840 918 2876; x_wconf 86' lang='lat' dir='ltr'>bobus</span> <span class='ocrx_word' id='word_1_438' title='bbox 940 2841 1074 2876; x_wconf 75' lang='lat' dir='ltr'>recalci-</span> 
     </span>
     <span class='ocr_line' id='line_1_58' title="bbox 132 2892 1074 2938; baseline -0.006 -7"><span class='ocrx_word' id='word_1_439' title='bbox 132 2896 291 2931; x_wconf 88' lang='lat' dir='ltr'>trantibus</span> <span class='ocrx_word' id='word_1_440' title='bbox 317 2921 327 2936; x_wconf 93' lang='lat'>‚</span> <span class='ocrx_word' id='word_1_441' title='bbox 363 2895 437 2938; x_wconf 88' lang='lat' dir='ltr'>quia</span> <span class='ocrx_word' id='word_1_442' title='bbox 456 2893 497 2927; x_wconf 85' lang='lat' dir='ltr'>ad</span> <span class='ocrx_word' id='word_1_443' title='bbox 519 2904 593 2926; x_wconf 86' lang='lat' dir='ltr'>eum</span> <span class='ocrx_word' id='word_1_444' title='bbox 613 2905 678 2925; x_wconf 89' lang='lat' dir='ltr'>non</span> <span class='ocrx_word' id='word_1_445' title='bbox 699 2892 878 2935; x_wconf 79' lang='lat' dir='ltr'>pertinebat</span> <span class='ocrx_word' id='word_1_446' title='bbox 903 2914 914 2931; x_wconf 83' lang='lat'><strong>‚</strong></span> <span class='ocrx_word' id='word_1_447' title='bbox 948 2893 1000 2926; x_wconf 89' lang='lat' dir='ltr'>sed</span> <span class='ocrx_word' id='word_1_448' title='bbox 1035 2893 1074 2925; x_wconf 88' lang='lat' dir='ltr'>ad</span> 
     </span>
     <span class='ocr_line' id='line_1_59' title="bbox 133 2941 1073 2989; baseline -0.004 -9"><span class='ocrx_word' id='word_1_449' title='bbox 133 2946 269 2989; x_wconf 83' lang='lat' dir='ltr'>Templi</span> <span class='ocrx_word' id='word_1_450' title='bbox 289 2945 452 2978; x_wconf 84' lang='lat' dir='ltr'>ministros</span> <span class='ocrx_word' id='word_1_451' title='bbox 475 2967 485 2983; x_wconf 94' lang='lat'><em>‚</em></span> <span class='ocrx_word' id='word_1_452' title='bbox 522 2941 751 2987; x_wconf 88' lang='lat' dir='ltr'>indignatione</span> <span class='ocrx_word' id='word_1_453' title='bbox 777 2942 917 2976; x_wconf 88' lang='lat' dir='ltr'>Domini</span> <span class='ocrx_word' id='word_1_454' title='bbox 951 2943 1073 2986; x_wconf 84' lang='lat' dir='ltr'>percus-</span> 
     </span>
     <span class='ocr_line' id='line_1_60' title="bbox 134 2992 1075 3036; baseline -0.004 -6"><span class='ocrx_word' id='word_1_455' title='bbox 134 2996 186 3030; x_wconf 86' lang='lat' dir='ltr'>sus</span> <span class='ocrx_word' id='word_1_456' title='bbox 206 3020 217 3036; x_wconf 85' lang='lat'>,</span> <span class='ocrx_word' id='word_1_457' title='bbox 251 2995 337 3036; x_wconf 73' lang='lat' dir='ltr'>iuxta</span> <span class='ocrx_word' id='word_1_458' title='bbox 361 2996 479 3027; x_wconf 79' lang='lat' dir='ltr'>Arcam</span> <span class='ocrx_word' id='word_1_459' title='bbox 501 2992 563 3027; x_wconf 89' lang='lat' dir='ltr'>Dei</span> <span class='ocrx_word' id='word_1_460' title='bbox 585 2994 708 3027; x_wconf 87' lang='lat' dir='ltr'>corruit</span> <span class='ocrx_word' id='word_1_461' title='bbox 740 3003 887 3027; x_wconf 88' lang='lat' dir='ltr'>mortuus</span> <span class='ocrx_word' id='word_1_462' title='bbox 908 3017 915 3024; x_wconf 93' lang='lat'><strong><em>.</em></strong></span> <span class='ocrx_word' id='word_1_463' title='bbox 965 2992 1038 3026; x_wconf 87' lang='lat' dir='ltr'>Rex</span> <span class='ocrx_word' id='word_1_464' title='bbox 1066 3017 1075 3032; x_wconf 92' lang='lat'>,</span> 
     </span>
     <span class='ocr_line' id='line_1_61' title="bbox 134 3042 1077 3090; baseline -0.003 -10"><span class='ocrx_word' id='word_1_465' title='bbox 134 3044 379 3090; x_wconf 83' lang='lat' dir='ltr'>proverbialiter</span> <span class='ocrx_word' id='word_1_466' title='bbox 399 3043 521 3077; x_wconf 90' lang='lat' dir='ltr'>celebre</span> <span class='ocrx_word' id='word_1_467' title='bbox 543 3043 609 3076; x_wconf 88' lang='lat' dir='ltr'>est:</span> <span class='ocrx_word' id='word_1_468' title='bbox 637 3042 812 3087; x_wconf 82' lang='lat' dir='ltr'>castigatus</span> <span class='ocrx_word' id='word_1_469' title='bbox 837 3043 876 3076; x_wconf 92' lang='lat' dir='ltr'>de</span> <span class='ocrx_word' id='word_1_470' title='bbox 889 3043 1077 3077; x_wconf 86' lang='lat' dir='ltr'>alteriusin·</span> 
     </span>
     <span class='ocr_line' id='line_1_62' title="bbox 135 3092 1078 3136; baseline -0.004 -8"><span class='ocrx_word' id='word_1_471' title='bbox 135 3094 283 3130; x_wconf 86' lang='lat' dir='ltr'>fortunio</span> <span class='ocrx_word' id='word_1_472' title='bbox 303 3092 418 3125; x_wconf 74' lang='lat' dir='ltr'>melius</span> <span class='ocrx_word' id='word_1_473' title='bbox 438 3094 491 3126; x_wconf 84' lang='lat' dir='ltr'>fibi</span> <span class='ocrx_word' id='word_1_474' title='bbox 512 3093 679 3136; x_wconf 85' lang='lat' dir='ltr'>prospicit.</span> <span class='ocrx_word' id='word_1_475' title='bbox 710 3097 796 3125; x_wconf 83' lang='lat' dir='ltr'>Nam</span> <span class='ocrx_word' id='word_1_476' title='bbox 816 3102 870 3125; x_wconf 84' lang='lat' dir='ltr'>tua</span> <span class='ocrx_word' id='word_1_477' title='bbox 890 3104 937 3126; x_wconf 83' lang='lat' dir='ltr'>res</span> <span class='ocrx_word' id='word_1_478' title='bbox 959 3098 1078 3136; x_wconf 81' lang='lat' dir='ltr'>agitur,</span> 
     </span>
     <span class='ocr_line' id='line_1_63' title="bbox 132 3142 1078 3188; baseline 0 -13"><span class='ocrx_word' id='word_1_479' title='bbox 132 3152 237 3188; x_wconf 70' lang='lat' dir='ltr'>paries</span> <span class='ocrx_word' id='word_1_480' title='bbox 260 3145 332 3175; x_wconf 85' lang='lat' dir='ltr'>dum</span> <span class='ocrx_word' id='word_1_481' title='bbox 353 3148 507 3183; x_wconf 81' lang='lat' dir='ltr'>proximus</span> <span class='ocrx_word' id='word_1_482' title='bbox 527 3144 616 3174; x_wconf 79' lang='lat' dir='ltr'>ardet</span> <span class='ocrx_word' id='word_1_483' title='bbox 640 3168 646 3174; x_wconf 93' lang='lat'>.</span> <span class='ocrx_word' id='word_1_484' title='bbox 676 3143 729 3175; x_wconf 80' lang='lat' dir='ltr'>Ad</span> <span class='ocrx_word' id='word_1_485' title='bbox 763 3143 951 3177; x_wconf 85' lang='lat' dir='ltr'>Sacerdotes</span> <span class='ocrx_word' id='word_1_486' title='bbox 967 3167 977 3182; x_wconf 94' lang='lat'>,</span> <span class='ocrx_word' id='word_1_487' title='bbox 1006 3142 1078 3175; x_wconf 88' lang='lat' dir='ltr'>Rex</span> 
     </span>
     <span class='ocr_line' id='line_1_64' title="bbox 138 3191 1079 3237; baseline -0.002 -10"><span class='ocrx_word' id='word_1_488' title='bbox 138 3193 337 3228; x_wconf 69' lang='lat' dir='ltr'>dilectiffime</span> <span class='ocrx_word' id='word_1_489' title='bbox 361 3217 370 3231; x_wconf 91' lang='lat'><em>‚</em></span> <span class='ocrx_word' id='word_1_490' title='bbox 408 3191 482 3223; x_wconf 90' lang='lat' dir='ltr'>suos</span> <span class='ocrx_word' id='word_1_491' title='bbox 509 3194 611 3226; x_wconf 83' lang='lat' dir='ltr'>voluit</span> <span class='ocrx_word' id='word_1_492' title='bbox 634 3193 724 3226; x_wconf 81' lang='lat' dir='ltr'>Deus</span> <span class='ocrx_word' id='word_1_493' title='bbox 743 3205 813 3237; x_wconf 86' lang='lat' dir='ltr'>quae</span> <span class='ocrx_word' id='word_1_494' title='bbox 850 3194 999 3226; x_wconf 79' lang='lat' dir='ltr'>Ecclesiae</span> <span class='ocrx_word' id='word_1_495' title='bbox 1019 3193 1079 3226; x_wconf 87' lang='lat' dir='ltr'>suae</span> 
     </span>
     <span class='ocr_line' id='line_1_65' title="bbox 137 3241 1077 3286; baseline -0.003 -8"><span class='ocrx_word' id='word_1_496' title='bbox 137 3247 211 3278; x_wconf 87' lang='lat' dir='ltr'>sunt</span> <span class='ocrx_word' id='word_1_497' title='bbox 232 3241 431 3283; x_wconf 77' lang='lat' dir='ltr'>disponenda</span> <span class='ocrx_word' id='word_1_498' title='bbox 450 3241 625 3282; x_wconf 84' lang='lat' dir='ltr'>pertinere,</span> <span class='ocrx_word' id='word_1_499' title='bbox 650 3254 717 3276; x_wconf 91' lang='lat' dir='ltr'>non</span> <span class='ocrx_word' id='word_1_500' title='bbox 731 3244 771 3276; x_wconf 87' lang='lat' dir='ltr'>ad</span> <span class='ocrx_word' id='word_1_501' title='bbox 796 3243 966 3286; x_wconf 84' lang='lat' dir='ltr'>potestates</span> <span class='ocrx_word' id='word_1_502' title='bbox 990 3244 1077 3276; x_wconf 82' lang='lat' dir='ltr'>saecu-</span> 
     </span>
     <span class='ocr_line' id='line_1_66' title="bbox 138 3290 1080 3338; baseline -0.013 -10"><span class='ocrx_word' id='word_1_503' title='bbox 138 3295 221 3328; x_wconf 88' lang='lat' dir='ltr'>culi.</span> <span class='ocrx_word' id='word_1_504' title='bbox 251 3292 344 3338; x_wconf 88' lang='lat' dir='ltr'>Qas</span> <span class='ocrx_word' id='word_1_505' title='bbox 359 3314 370 3330; x_wconf 89' lang='lat'>,</span> <span class='ocrx_word' id='word_1_506' title='bbox 394 3291 416 3323; x_wconf 87' lang='lat' dir='ltr'>fi</span> <span class='ocrx_word' id='word_1_507' title='bbox 439 3290 549 3323; x_wconf 87' lang='lat' dir='ltr'>fideles</span> <span class='ocrx_word' id='word_1_508' title='bbox 572 3290 652 3330; x_wconf 86' lang='lat' dir='ltr'>fint,</span> <span class='ocrx_word' id='word_1_509' title='bbox 681 3292 826 3326; x_wconf 82' lang='lat' dir='ltr'>Ecclefiae</span> <span class='ocrx_word' id='word_1_510' title='bbox 851 3294 911 3327; x_wconf 84' lang='lat' dir='ltr'>suae</span> <span class='ocrx_word' id='word_1_511' title='bbox 933 3293 1080 3327; x_wconf 83' lang='lat' dir='ltr'>Sacerdo.</span> 
     </span>
     <span class='ocr_line' id='line_1_67' title="bbox 137 3339 1077 3388; baseline -0.002 -11"><span class='ocrx_word' id='word_1_512' title='bbox 137 3345 225 3379; x_wconf 76' lang='lat' dir='ltr'>tibus</span> <span class='ocrx_word' id='word_1_513' title='bbox 249 3342 355 3375; x_wconf 77' lang='lat' dir='ltr'>voluit</span> <span class='ocrx_word' id='word_1_514' title='bbox 375 3341 437 3373; x_wconf 80' lang='lat' dir='ltr'>effe</span> <span class='ocrx_word' id='word_1_515' title='bbox 449 3339 597 3381; x_wconf 61' lang='lat' dir='ltr'>subjectas</span> <span class='ocrx_word' id='word_1_516' title='bbox 610 3365 617 3371; x_wconf 88' lang='lat'><strong>.</strong></span> <span class='ocrx_word' id='word_1_517' title='bbox 646 3341 722 3374; x_wconf 89' lang='lat' dir='ltr'>Non</span> <span class='ocrx_word' id='word_1_518' title='bbox 736 3343 829 3377; x_wconf 90' lang='lat' dir='ltr'>vobis</span> <span class='ocrx_word' id='word_1_519' title='bbox 848 3345 949 3388; x_wconf 89' lang='lat' dir='ltr'>igitur</span> <span class='ocrx_word' id='word_1_520' title='bbox 974 3342 1077 3376; x_wconf 87' lang='lat' dir='ltr'>vendi-</span> 
     </span>
     <span class='ocr_line' id='line_1_68' title="bbox 139 3389 1082 3437; baseline -0.014 -8"><span class='ocrx_word' id='word_1_521' title='bbox 139 3394 217 3429; x_wconf 80' lang='lat' dir='ltr'>cetis</span> <span class='ocrx_word' id='word_1_522' title='bbox 241 3392 290 3434; x_wconf 78' lang='lat' dir='ltr'>jus</span> <span class='ocrx_word' id='word_1_523' title='bbox 311 3391 454 3424; x_wconf 84' lang='lat' dir='ltr'>alienum</span> <span class='ocrx_word' id='word_1_524' title='bbox 477 3391 510 3423; x_wconf 76' lang='grc' dir='ltr'>δε</span> <span class='ocrx_word' id='word_1_525' title='bbox 525 3389 733 3425; x_wconf 83' lang='lat' dir='ltr'>ministerium</span> <span class='ocrx_word' id='word_1_526' title='bbox 746 3417 756 3433; x_wconf 85' lang='lat'>‚</span> <span class='ocrx_word' id='word_1_527' title='bbox 782 3394 871 3436; x_wconf 79' lang='lat' dir='ltr'>quod</span> <span class='ocrx_word' id='word_1_528' title='bbox 884 3394 973 3427; x_wconf 57' lang='lat' dir='ltr'>uteri</span> <span class='ocrx_word' id='word_1_529' title='bbox 986 3393 1082 3437; x_wconf 54' lang='lat' dir='ltr'>defu.</span> 
     </span>
     <span class='ocr_line' id='line_1_69' title="bbox 244 3440 694 3482; baseline -0.002 -9"><span class='ocrx_word' id='word_1_530' title='bbox 244 3440 350 3481; x_wconf 61' lang='lat' dir='ltr'>christ.</span> <span class='ocrx_word' id='word_1_531' title='bbox 364 3443 440 3482; x_wconf 73' lang='lat' dir='ltr'>Lupi</span> <span class='ocrx_word' id='word_1_532' title='bbox 451 3444 547 3482; x_wconf 85' lang='lat' dir='ltr'>Opera</span> <span class='ocrx_word' id='word_1_533' title='bbox 559 3442 635 3472; x_wconf 82' lang='lat' dir='ltr'>Tom.</span> <span class='ocrx_word' id='word_1_534' title='bbox 655 3442 694 3472; x_wconf 84' lang='lat' dir='ltr'>X.</span> 
     </span>
    </p>
   </div>
   <div class='ocr_carea' id='block_1_5' title="bbox 1065 676 1107 3365">
    <p class='ocr_par' dir='ltr' id='par_1_5' title="bbox 1065 676 1107 3365">
     <span class='ocr_line' id='line_1_70' title="bbox 1065 676 1107 3365; baseline 0 -1248"><span class='ocrx_word' id='word_1_535' title='bbox 1065 676 1107 3365; x_wconf 95' lang='lat' dir='ltr'>     </span> 
     </span>
    </p>
   </div>
   <div class='ocr_carea' id='block_1_6' title="bbox 1106 204 2087 3444">
    <p class='ocr_par' dir='ltr' id='par_1_6' title="bbox 1106 204 2076 2178">
     <span class='ocr_line' id='line_1_71' title="bbox 1106 204 2052 247; baseline 0.005 -6"><span class='ocrx_word' id='word_1_536' title='bbox 1106 207 1216 241; x_wconf 84' lang='lat' dir='ltr'>omnia</span> <span class='ocrx_word' id='word_1_537' title='bbox 1241 206 1317 238; x_wconf 87' lang='lat' dir='ltr'>sunt</span> <span class='ocrx_word' id='word_1_538' title='bbox 1336 204 1538 245; x_wconf 76' lang='lat' dir='ltr'>constituta,</span> <span class='ocrx_word' id='word_1_539' title='bbox 1565 216 1624 238; x_wconf 82' lang='lat' dir='ltr'>nec</span> <span class='ocrx_word' id='word_1_540' title='bbox 1645 216 1755 241; x_wconf 86' lang='lat' dir='ltr'>contra</span> <span class='ocrx_word' id='word_1_541' title='bbox 1776 213 1863 246; x_wconf 89' lang='lat' dir='ltr'>illius</span> <span class='ocrx_word' id='word_1_542' title='bbox 1891 213 2052 247; x_wconf 83' lang='lat' dir='ltr'>beneficia</span> 
     </span>
     <span class='ocr_line' id='line_1_72' title="bbox 1108 254 2052 301; baseline 0.008 -13"><span class='ocrx_word' id='word_1_543' title='bbox 1108 266 1250 301; x_wconf 86' lang='lat' dir='ltr'>pugnare</span> <span class='ocrx_word' id='word_1_544' title='bbox 1271 254 1472 294; x_wconf 87' lang='lat' dir='ltr'>videamini,</span> <span class='ocrx_word' id='word_1_545' title='bbox 1498 256 1515 287; x_wconf 71' lang='lat' dir='ltr'>a</span> <span class='ocrx_word' id='word_1_546' title='bbox 1536 266 1603 298; x_wconf 90' lang='lat' dir='ltr'>quo</span> <span class='ocrx_word' id='word_1_547' title='bbox 1617 256 1752 289; x_wconf 77' lang='lat' dir='ltr'>vestram</span> <span class='ocrx_word' id='word_1_548' title='bbox 1778 264 1967 296; x_wconf 78' lang='lat' dir='ltr'>consecutus</span> <span class='ocrx_word' id='word_1_549' title='bbox 1977 262 2052 296; x_wconf 76' lang='lat' dir='ltr'>estis</span> 
     </span>
     <span class='ocr_line' id='line_1_73' title="bbox 1109 303 2053 351; baseline 0.01 -13"><span class='ocrx_word' id='word_1_550' title='bbox 1109 305 1320 351; x_wconf 84' lang='lat' dir='ltr'>potestatem.</span> <span class='ocrx_word' id='word_1_551' title='bbox 1348 304 1429 338; x_wconf 92' lang='lat' dir='ltr'>Non</span> <span class='ocrx_word' id='word_1_552' title='bbox 1454 305 1471 338; x_wconf 71' lang='grc' dir='ltr'>ὲ</span> <span class='ocrx_word' id='word_1_553' title='bbox 1494 303 1620 349; x_wconf 85' lang='lat' dir='ltr'>legibus</span> <span class='ocrx_word' id='word_1_554' title='bbox 1642 304 1800 348; x_wconf 86' lang='lat' dir='ltr'>publicis,</span> <span class='ocrx_word' id='word_1_555' title='bbox 1837 318 1903 343; x_wconf 84' lang='lat' dir='ltr'>non</span> <span class='ocrx_word' id='word_1_556' title='bbox 1921 313 1938 344; x_wconf 73' lang='grc' dir='ltr'>ὲ</span> <span class='ocrx_word' id='word_1_557' title='bbox 1957 314 2053 346; x_wconf 62' lang='lat' dir='ltr'>saect‘r·</span> 
     </span>
     <span class='ocr_line' id='line_1_74' title="bbox 1110 353 2053 403; baseline 0.006 -13"><span class='ocrx_word' id='word_1_558' title='bbox 1110 358 1131 390; x_wconf 87' lang='lat' dir='ltr'>li</span> <span class='ocrx_word' id='word_1_559' title='bbox 1158 354 1389 400; x_wconf 79' lang='lat' dir='ltr'>potestatibus,</span> <span class='ocrx_word' id='word_1_560' title='bbox 1417 355 1468 388; x_wconf 83' lang='lat' dir='ltr'>sed</span> <span class='ocrx_word' id='word_1_561' title='bbox 1491 356 1508 387; x_wconf 73' lang='grc' dir='ltr'>ὲ</span> <span class='ocrx_word' id='word_1_562' title='bbox 1532 353 1751 389; x_wconf 85' lang='lat' dir='ltr'>Pontificibus</span> <span class='ocrx_word' id='word_1_563' title='bbox 1771 355 1806 389; x_wconf 77' lang='grc' dir='ltr'>δε</span> <span class='ocrx_word' id='word_1_564' title='bbox 1828 358 2053 403; x_wconf 74' lang='lat' dir='ltr'>Sacerdotibus</span> 
     </span>
     <span class='ocr_line' id='line_1_75' title="bbox 1108 404 2052 450; baseline 0.005 -13"><span class='ocrx_word' id='word_1_565' title='bbox 1108 406 1320 448; x_wconf 86' lang='lat' dir='ltr'>omnipotens</span> <span class='ocrx_word' id='word_1_566' title='bbox 1353 405 1444 439; x_wconf 87' lang='lat' dir='ltr'>Deus</span> <span class='ocrx_word' id='word_1_567' title='bbox 1481 404 1676 438; x_wconf 61' lang='lat' dir='ltr'>Christiane</span> <span class='ocrx_word' id='word_1_568' title='bbox 1693 405 1882 450; x_wconf 87' lang='lat' dir='ltr'>Religionis</span> <span class='ocrx_word' id='word_1_569' title='bbox 1910 409 2052 445; x_wconf 64' lang='lat' dir='ltr'>Cle-ticos</span> 
     </span>
     <span class='ocr_line' id='line_1_76' title="bbox 1110 454 2055 501; baseline 0.004 -13"><span class='ocrx_word' id='word_1_570' title='bbox 1110 455 1214 488; x_wconf 84' lang='lat' dir='ltr'>voluit</span> <span class='ocrx_word' id='word_1_571' title='bbox 1234 455 1376 488; x_wconf 85' lang='lat' dir='ltr'>ordinari</span> <span class='ocrx_word' id='word_1_572' title='bbox 1407 455 1440 487; x_wconf 73' lang='grc' dir='ltr'>ὅ(</span> <span class='ocrx_word' id='word_1_573' title='bbox 1463 454 1579 487; x_wconf 87' lang='lat' dir='ltr'>discuti</span> <span class='ocrx_word' id='word_1_574' title='bbox 1602 480 1609 487; x_wconf 91' lang='lat'><strong>.</strong></span> <span class='ocrx_word' id='word_1_575' title='bbox 1644 455 1822 489; x_wconf 84' lang='lat' dir='ltr'>Christiani</span> <span class='ocrx_word' id='word_1_576' title='bbox 1839 455 1948 501; x_wconf 86' lang='lat' dir='ltr'>Reges</span> <span class='ocrx_word' id='word_1_577' title='bbox 1978 460 2055 492; x_wconf 87' lang='lat' dir='ltr'>sub·</span> 
     </span>
     <span class='ocr_line' id='line_1_77' title="bbox 1109 504 2057 550; baseline 0.003 -12"><span class='ocrx_word' id='word_1_578' title='bbox 1109 504 1182 538; x_wconf 88' lang='lat' dir='ltr'>dere</span> <span class='ocrx_word' id='word_1_579' title='bbox 1205 504 1325 538; x_wconf 85' lang='lat' dir='ltr'>debent</span> <span class='ocrx_word' id='word_1_580' title='bbox 1358 506 1570 539; x_wconf 80' lang='lat' dir='ltr'>executiones</span> <span class='ocrx_word' id='word_1_581' title='bbox 1591 505 1662 538; x_wconf 89' lang='lat' dir='ltr'>suas</span> <span class='ocrx_word' id='word_1_582' title='bbox 1694 505 1925 540; x_wconf 83' lang='lat' dir='ltr'>Ecclefiassicis</span> <span class='ocrx_word' id='word_1_583' title='bbox 1946 509 2057 550; x_wconf 86' lang='lat' dir='ltr'>praesu·</span> 
     </span>
     <span class='ocr_line' id='line_1_78' title="bbox 1111 555 2057 602; baseline 0.001 -13"><span class='ocrx_word' id='word_1_584' title='bbox 1111 556 1218 594; x_wconf 85' lang='lat' dir='ltr'>libus,</span> <span class='ocrx_word' id='word_1_585' title='bbox 1245 566 1312 588; x_wconf 89' lang='lat' dir='ltr'>non</span> <span class='ocrx_word' id='word_1_586' title='bbox 1336 556 1495 597; x_wconf 80' lang='lat' dir='ltr'>praeferre.</span> <span class='ocrx_word' id='word_1_587' title='bbox 1516 555 1676 598; x_wconf 87' lang='lat' dir='ltr'>Scriptum</span> <span class='ocrx_word' id='word_1_588' title='bbox 1689 555 1810 599; x_wconf 76' lang='lat' dir='ltr'>quippe</span> <span class='ocrx_word' id='word_1_589' title='bbox 1830 556 1874 590; x_wconf 86' lang='lat' dir='ltr'>est</span> <span class='ocrx_word' id='word_1_590' title='bbox 1889 557 2057 602; x_wconf 69' lang='lat' dir='ltr'>nunquam</span> 
     </span>
     <span class='ocr_line' id='line_1_79' title="bbox 1108 604 2057 647; baseline 0.001 -8"><span class='ocrx_word' id='word_1_591' title='bbox 1108 605 1151 639; x_wconf 84' lang='lat' dir='ltr'>de</span> <span class='ocrx_word' id='word_1_592' title='bbox 1172 605 1399 638; x_wconf 85' lang='lat' dir='ltr'>Sacerdotibus</span> <span class='ocrx_word' id='word_1_593' title='bbox 1415 605 1469 637; x_wconf 81' lang='lat' dir='ltr'>nisi</span> <span class='ocrx_word' id='word_1_594' title='bbox 1484 604 1658 638; x_wconf 75' lang='lat' dir='ltr'>Ecclesiam</span> <span class='ocrx_word' id='word_1_595' title='bbox 1678 605 1818 647; x_wconf 80' lang='lat' dir='ltr'>judicare</span> <span class='ocrx_word' id='word_1_596' title='bbox 1829 605 1967 640; x_wconf 86' lang='lat' dir='ltr'>debere:</span> <span class='ocrx_word' id='word_1_597' title='bbox 1997 614 2057 640; x_wconf 82' lang='lat' dir='ltr'>nec</span> 
     </span>
     <span class='ocr_line' id='line_1_80' title="bbox 1111 654 2056 699; baseline -0.001 -10"><span class='ocrx_word' id='word_1_598' title='bbox 1111 656 1173 689; x_wconf 80' lang='lat' dir='ltr'>effe</span> <span class='ocrx_word' id='word_1_599' title='bbox 1185 654 1399 687; x_wconf 81' lang='lat' dir='ltr'>humanarum</span> <span class='ocrx_word' id='word_1_600' title='bbox 1412 654 1521 699; x_wconf 88' lang='lat' dir='ltr'>legum</span> <span class='ocrx_word' id='word_1_601' title='bbox 1545 655 1586 688; x_wconf 88' lang='lat' dir='ltr'>de</span> <span class='ocrx_word' id='word_1_602' title='bbox 1607 654 1726 689; x_wconf 84' lang='lat' dir='ltr'>talibus</span> <span class='ocrx_word' id='word_1_603' title='bbox 1746 656 1824 689; x_wconf 87' lang='lat' dir='ltr'>ferre</span> <span class='ocrx_word' id='word_1_604' title='bbox 1843 656 2035 691; x_wconf 85' lang='lat' dir='ltr'>sententiam</span> <span class='ocrx_word' id='word_1_605' title='bbox 2049 681 2056 688; x_wconf 84' lang='lat'>.</span> 
     </span>
     <span class='ocr_line' id='line_1_81' title="bbox 1112 703 2059 748; baseline 0.003 -10"><span class='ocrx_word' id='word_1_606' title='bbox 1112 704 1259 747; x_wconf 84' lang='lat' dir='ltr'>obsequi</span> <span class='ocrx_word' id='word_1_607' title='bbox 1282 705 1382 737; x_wconf 88' lang='lat' dir='ltr'>solere</span> <span class='ocrx_word' id='word_1_608' title='bbox 1399 703 1568 748; x_wconf 84' lang='lat' dir='ltr'>Principes</span> <span class='ocrx_word' id='word_1_609' title='bbox 1600 704 1804 739; x_wconf 86' lang='lat' dir='ltr'>Christianos</span> <span class='ocrx_word' id='word_1_610' title='bbox 1827 705 1965 741; x_wconf 75' lang='lat' dir='ltr'>Statutis</span> <span class='ocrx_word' id='word_1_611' title='bbox 1996 707 2059 740; x_wconf 85' lang='lat' dir='ltr'>Ec·</span> 
     </span>
     <span class='ocr_line' id='line_1_82' title="bbox 1113 755 2058 800; baseline 0.001 -12"><span class='ocrx_word' id='word_1_612' title='bbox 1113 755 1227 794; x_wconf 82' lang='lat' dir='ltr'>clefiae,</span> <span class='ocrx_word' id='word_1_613' title='bbox 1254 765 1320 786; x_wconf 90' lang='lat' dir='ltr'>non</span> <span class='ocrx_word' id='word_1_614' title='bbox 1345 755 1432 787; x_wconf 81' lang='lat' dir='ltr'>suam</span> <span class='ocrx_word' id='word_1_615' title='bbox 1467 755 1656 797; x_wconf 83' lang='lat' dir='ltr'>potestatem</span> <span class='ocrx_word' id='word_1_616' title='bbox 1680 766 1861 799; x_wconf 74' lang='lat' dir='ltr'>praeponere</span> <span class='ocrx_word' id='word_1_617' title='bbox 1882 769 1894 789; x_wconf 78' lang='lat'>.-</span> <span class='ocrx_word' id='word_1_618' title='bbox 1923 757 2058 800; x_wconf 57' lang='lat' dir='ltr'>Episcof</span> 
     </span>
     <span class='ocr_line' id='line_1_83' title="bbox 1114 803 2059 850; baseline 0.001 -12"><span class='ocrx_word' id='word_1_619' title='bbox 1114 803 1162 848; x_wconf 86' lang='lat' dir='ltr'>pis</span> <span class='ocrx_word' id='word_1_620' title='bbox 1182 814 1279 847; x_wconf 89' lang='lat' dir='ltr'>caput</span> <span class='ocrx_word' id='word_1_621' title='bbox 1291 804 1455 847; x_wconf 83' lang='lat' dir='ltr'>Principes</span> <span class='ocrx_word' id='word_1_622' title='bbox 1466 803 1596 839; x_wconf 83' lang='lat' dir='ltr'>subdere</span> <span class='ocrx_word' id='word_1_623' title='bbox 1618 829 1629 845; x_wconf 93' lang='lat'>,</span> <span class='ocrx_word' id='word_1_624' title='bbox 1662 805 1784 840; x_wconf 78' lang='lat' dir='ltr'>nonde</span> <span class='ocrx_word' id='word_1_625' title='bbox 1799 806 1967 850; x_wconf 87' lang='lat' dir='ltr'>Episcopis</span> <span class='ocrx_word' id='word_1_626' title='bbox 1977 806 2059 849; x_wconf 58' lang='lat' dir='ltr'>judii</span> 
     </span>
     <span class='ocr_line' id='line_1_84' title="bbox 1113 854 2061 901; baseline 0.001 -13"><span class='ocrx_word' id='word_1_627' title='bbox 1113 865 1202 888; x_wconf 84' lang='lat' dir='ltr'>care.</span> <span class='ocrx_word' id='word_1_628' title='bbox 1233 854 1313 887; x_wconf 87' lang='lat' dir='ltr'>Duo</span> <span class='ocrx_word' id='word_1_629' title='bbox 1336 855 1456 898; x_wconf 75' lang='lat' dir='ltr'>quippe</span> <span class='ocrx_word' id='word_1_630' title='bbox 1479 854 1552 888; x_wconf 87' lang='lat' dir='ltr'>sunt</span> <span class='ocrx_word' id='word_1_631' title='bbox 1585 855 1703 899; x_wconf 82' lang='lat' dir='ltr'>quibus</span> <span class='ocrx_word' id='word_1_632' title='bbox 1727 856 1948 899; x_wconf 85' lang='lat' dir='ltr'>principaliter</span> <span class='ocrx_word' id='word_1_633' title='bbox 1979 855 2061 901; x_wconf 88' lang='lat' dir='ltr'>regi-</span> 
     </span>
     <span class='ocr_line' id='line_1_85' title="bbox 1114 902 2059 950; baseline 0.001 -11"><span class='ocrx_word' id='word_1_634' title='bbox 1114 916 1166 939; x_wconf 88' lang='lat' dir='ltr'>tur</span> <span class='ocrx_word' id='word_1_635' title='bbox 1186 903 1355 938; x_wconf 87' lang='lat' dir='ltr'>Mundus:</span> <span class='ocrx_word' id='word_1_636' title='bbox 1386 902 1581 940; x_wconf 76' lang='lat' dir='ltr'>Authoritas</span> <span class='ocrx_word' id='word_1_637' title='bbox 1608 906 1691 940; x_wconf 81' lang='lat' dir='ltr'>sacra</span> <span class='ocrx_word' id='word_1_638' title='bbox 1720 905 1893 940; x_wconf 85' lang='lat' dir='ltr'>Pontificis</span> <span class='ocrx_word' id='word_1_639' title='bbox 1913 907 1947 941; x_wconf 75' lang='grc' dir='ltr'>ὅ(</span> <span class='ocrx_word' id='word_1_640' title='bbox 1968 917 2059 950; x_wconf 62' lang='lat' dir='ltr'>rega·v</span> 
     </span>
     <span class='ocr_line' id='line_1_86' title="bbox 1115 953 2063 1002; baseline 0.002 -15"><span class='ocrx_word' id='word_1_641' title='bbox 1115 954 1153 988; x_wconf 85' lang='lat' dir='ltr'>lis</span> <span class='ocrx_word' id='word_1_642' title='bbox 1175 954 1315 997; x_wconf 77' lang='lat' dir='ltr'>potestas</span> <span class='ocrx_word' id='word_1_643' title='bbox 1332 978 1339 985; x_wconf 92' lang='lat'>.</span> <span class='ocrx_word' id='word_1_644' title='bbox 1369 953 1409 987; x_wconf 88' lang='lat' dir='ltr'>ln</span> <span class='ocrx_word' id='word_1_645' title='bbox 1428 953 1560 998; x_wconf 78' lang='lat' dir='ltr'>&#39;quibus</span> <span class='ocrx_word' id='word_1_646' title='bbox 1583 954 1676 988; x_wconf 71' lang='lat' dir='ltr'>tanto</span> <span class='ocrx_word' id='word_1_647' title='bbox 1698 957 1827 1001; x_wconf 85' lang='lat' dir='ltr'>gravius</span> <span class='ocrx_word' id='word_1_648' title='bbox 1852 956 1899 1002; x_wconf 84' lang='lat' dir='ltr'>est</span> <span class='ocrx_word' id='word_1_649' title='bbox 1931 958 2063 1000; x_wconf 83' lang='lat' dir='ltr'>pondus</span> 
     </span>
     <span class='ocr_line' id='line_1_87' title="bbox 1115 1002 2063 1051; baseline 0.001 -13"><span class='ocrx_word' id='word_1_650' title='bbox 1115 1002 1346 1044; x_wconf 79' lang='lat' dir='ltr'>sacerdotum,</span> <span class='ocrx_word' id='word_1_651' title='bbox 1373 1003 1499 1048; x_wconf 69' lang='lat' dir='ltr'>quanto</span> <span class='ocrx_word' id='word_1_652' title='bbox 1520 1004 1554 1037; x_wconf 76' lang='lat' dir='ltr'>dc</span> <span class='ocrx_word' id='word_1_653' title='bbox 1576 1005 1617 1039; x_wconf 88' lang='lat' dir='ltr'>de</span> <span class='ocrx_word' id='word_1_654' title='bbox 1639 1006 1710 1048; x_wconf 84' lang='lat' dir='ltr'>ipsis</span> <span class='ocrx_word' id='word_1_655' title='bbox 1741 1005 1886 1051; x_wconf 84' lang='lat' dir='ltr'>Regibus</span> <span class='ocrx_word' id='word_1_656' title='bbox 1910 1007 1944 1040; x_wconf 90' lang='lat' dir='ltr'>in</span> <span class='ocrx_word' id='word_1_657' title='bbox 1963 1006 2063 1040; x_wconf 85' lang='lat' dir='ltr'>Divi-</span> 
     </span>
     <span class='ocr_line' id='line_1_88' title="bbox 1117 1053 2063 1091; baseline 0.003 -5"><span class='ocrx_word' id='word_1_658' title='bbox 1117 1065 1160 1088; x_wconf 90' lang='lat' dir='ltr'>no</span> <span class='ocrx_word' id='word_1_659' title='bbox 1183 1054 1256 1087; x_wconf 87' lang='lat' dir='ltr'>sunt</span> <span class='ocrx_word' id='word_1_660' title='bbox 1278 1053 1435 1088; x_wconf 85' lang='lat' dir='ltr'>reddituri</span> <span class='ocrx_word' id='word_1_661' title='bbox 1461 1055 1615 1089; x_wconf 80' lang='lat' dir='ltr'>examine</span> <span class='ocrx_word' id='word_1_662' title='bbox 1635 1056 1812 1091; x_wconf 82' lang='lat' dir='ltr'>rationem.</span> <span class='ocrx_word' id='word_1_663' title='bbox 1841 1056 1945 1091; x_wconf 78' lang='lat' dir='ltr'>Nosse</span> <span class='ocrx_word' id='word_1_664' title='bbox 1976 1053 2063 1090; x_wconf 69' lang='lat' dir='ltr'>certe</span> 
     </span>
     <span class='ocr_line' id='line_1_89' title="bbox 1115 1103 2063 1150; baseline 0.003 -14"><span class='ocrx_word' id='word_1_665' title='bbox 1115 1103 1293 1138; x_wconf 88' lang='lat' dir='ltr'>debueratis</span> <span class='ocrx_word' id='word_1_666' title='bbox 1313 1115 1354 1137; x_wconf 87' lang='lat' dir='ltr'>ex</span> <span class='ocrx_word' id='word_1_667' title='bbox 1377 1105 1508 1137; x_wconf 90' lang='lat' dir='ltr'>illorum</span> <span class='ocrx_word' id='word_1_668' title='bbox 1530 1115 1588 1138; x_wconf 91' lang='lat' dir='ltr'>vos</span> <span class='ocrx_word' id='word_1_669' title='bbox 1612 1105 1730 1140; x_wconf 87' lang='lat' dir='ltr'>debere</span> <span class='ocrx_word' id='word_1_670' title='bbox 1750 1106 1889 1149; x_wconf 88' lang='lat' dir='ltr'>pendere</span> <span class='ocrx_word' id='word_1_671' title='bbox 1917 1106 2063 1150; x_wconf 74' lang='lat' dir='ltr'>judicio,-</span> 
     </span>
     <span class='ocr_line' id='line_1_90' title="bbox 1117 1153 2065 1201; baseline 0.004 -16"><span class='ocrx_word' id='word_1_672' title='bbox 1117 1165 1183 1187; x_wconf 89' lang='lat' dir='ltr'>non</span> <span class='ocrx_word' id='word_1_673' title='bbox 1218 1154 1293 1186; x_wconf 89' lang='lat' dir='ltr'>illos</span> <span class='ocrx_word' id='word_1_674' title='bbox 1320 1153 1360 1186; x_wconf 90' lang='lat' dir='ltr'>ad</span> <span class='ocrx_word' id='word_1_675' title='bbox 1395 1153 1528 1187; x_wconf 83' lang='lat' dir='ltr'>vestram</span> <span class='ocrx_word' id='word_1_676' title='bbox 1567 1157 1654 1197; x_wconf 74' lang='lat' dir='ltr'>posse</span> <span class='ocrx_word' id='word_1_677' title='bbox 1682 1156 1787 1201; x_wconf 89' lang='lat' dir='ltr'>redigi</span> <span class='ocrx_word' id='word_1_678' title='bbox 1819 1156 2021 1189; x_wconf 87' lang='lat' dir='ltr'>voluntatem</span> <span class='ocrx_word' id='word_1_679' title='bbox 2049 1157 2065 1185; x_wconf 61' lang='grc' dir='ltr'>ξ-</span> 
     </span>
     <span class='ocr_line' id='line_1_91' title="bbox 1115 1202 2064 1249; baseline 0.004 -15"><span class='ocrx_word' id='word_1_680' title='bbox 1115 1202 1255 1235; x_wconf 85' lang='lat' dir='ltr'>Plurimi</span> <span class='ocrx_word' id='word_1_681' title='bbox 1279 1204 1418 1244; x_wconf 79' lang='lat' dir='ltr'>namque</span> <span class='ocrx_word' id='word_1_682' title='bbox 1439 1203 1667 1244; x_wconf 85' lang='lat' dir='ltr'>Pontificum,</span> <span class='ocrx_word' id='word_1_683' title='bbox 1694 1206 1750 1238; x_wconf 88' lang='lat' dir='ltr'>alii</span> <span class='ocrx_word' id='word_1_684' title='bbox 1776 1206 1903 1249; x_wconf 72' lang='lat' dir='ltr'>Reges,</span> <span class='ocrx_word' id='word_1_685' title='bbox 1929 1205 1984 1239; x_wconf 88' lang='lat' dir='ltr'>alii</span> <span class='ocrx_word' id='word_1_686' title='bbox 1999 1206 2064 1238; x_wconf 87' lang='lat' dir='ltr'>lm-</span> 
     </span>
     <span class='ocr_line' id='line_1_92' title="bbox 1115 1252 2065 1297; baseline 0.003 -13"><span class='ocrx_word' id='word_1_687' title='bbox 1115 1260 1274 1294; x_wconf 76' lang='lat' dir='ltr'>pei-atores</span> <span class='ocrx_word' id='word_1_688' title='bbox 1282 1252 1653 1286; x_wconf 84' lang='lat' dir='ltr'>excommunicaverunt</span> <span class='ocrx_word' id='word_1_689' title='bbox 1665 1278 1672 1285; x_wconf 93' lang='lat'><strong><em>.</em></strong></span> <span class='ocrx_word' id='word_1_690' title='bbox 1701 1254 1744 1287; x_wconf 85' lang='lat' dir='ltr'>Et</span> <span class='ocrx_word' id='word_1_691' title='bbox 1757 1253 1778 1286; x_wconf 82' lang='lat' dir='ltr'>fi</span> <span class='ocrx_word' id='word_1_692' title='bbox 1792 1255 1927 1297; x_wconf 86' lang='lat' dir='ltr'>speciale</span> <span class='ocrx_word' id='word_1_693' title='bbox 1938 1253 2065 1297; x_wconf 80' lang='lat' dir='ltr'>aliquid</span> 
     </span>
     <span class='ocr_line' id='line_1_93' title="bbox 1115 1300 2066 1346; baseline 0.003 -11"><span class='ocrx_word' id='word_1_694' title='bbox 1115 1302 1156 1335; x_wconf 83' lang='lat' dir='ltr'>de</span> <span class='ocrx_word' id='word_1_695' title='bbox 1179 1302 1324 1344; x_wconf 87' lang='lat' dir='ltr'>personis</span> <span class='ocrx_word' id='word_1_696' title='bbox 1357 1300 1550 1345; x_wconf 82' lang='lat' dir='ltr'>Principum</span> <span class='ocrx_word' id='word_1_697' title='bbox 1573 1302 1745 1346; x_wconf 84' lang='lat' dir='ltr'>inquiratis</span> <span class='ocrx_word' id='word_1_698' title='bbox 1766 1328 1776 1343; x_wconf 93' lang='lat'>‚</span> <span class='ocrx_word' id='word_1_699' title='bbox 1814 1303 1932 1338; x_wconf 83' lang='lat' dir='ltr'>Beatus</span> <span class='ocrx_word' id='word_1_700' title='bbox 1967 1304 2066 1338; x_wconf 88' lang='lat' dir='ltr'>Inno-</span> 
     </span>
     <span class='ocr_line' id='line_1_94' title="bbox 1115 1350 2065 1395; baseline 0.003 -10"><span class='ocrx_word' id='word_1_701' title='bbox 1115 1352 1243 1385; x_wconf 83' lang='lat' dir='ltr'>centius</span> <span class='ocrx_word' id='word_1_702' title='bbox 1266 1350 1443 1385; x_wconf 88' lang='lat' dir='ltr'>Arcadium</span> <span class='ocrx_word' id='word_1_703' title='bbox 1467 1352 1696 1395; x_wconf 89' lang='lat' dir='ltr'>lmperatorem</span> <span class='ocrx_word' id='word_1_704' title='bbox 1727 1355 2027 1388; x_wconf 78' lang='lat' dir='ltr'>excommunicavit</span> <span class='ocrx_word' id='word_1_705' title='bbox 2055 1380 2065 1393; x_wconf 82' lang='lat'><strong><em>‚</em></strong></span> 
     </span>
     <span class='ocr_line' id='line_1_95' title="bbox 1118 1401 2067 1450; baseline 0.001 -15"><span class='ocrx_word' id='word_1_706' title='bbox 1118 1403 1193 1446; x_wconf 87' lang='lat' dir='ltr'>quia</span> <span class='ocrx_word' id='word_1_707' title='bbox 1211 1401 1373 1435; x_wconf 84' lang='lat' dir='ltr'>consensit</span> <span class='ocrx_word' id='word_1_708' title='bbox 1397 1403 1549 1436; x_wconf 59' lang='lat' dir='ltr'>faustum</span> <span class='ocrx_word' id='word_1_709' title='bbox 1572 1403 1731 1445; x_wconf 75' lang='lat' dir='ltr'>joannem</span> <span class='ocrx_word' id='word_1_710' title='bbox 1754 1403 2025 1450; x_wconf 79' lang='lat' dir='ltr'>Cbrysostomurn</span> <span class='ocrx_word' id='word_1_711' title='bbox 2049 1405 2067 1436; x_wconf 66' lang='lat' dir='ltr'>a</span> 
     </span>
     <span class='ocr_line' id='line_1_96' title="bbox 1120 1449 2065 1496; baseline 0.003 -12"><span class='ocrx_word' id='word_1_712' title='bbox 1120 1454 1174 1485; x_wconf 85' lang='lat' dir='ltr'>sua</span> <span class='ocrx_word' id='word_1_713' title='bbox 1195 1449 1279 1485; x_wconf 85' lang='lat' dir='ltr'>Sede</span> <span class='ocrx_word' id='word_1_714' title='bbox 1309 1451 1460 1493; x_wconf 80' lang='lat' dir='ltr'>expelli.</span> <span class='ocrx_word' id='word_1_715' title='bbox 1494 1451 1630 1486; x_wconf 61' lang='lat' dir='ltr'>Sanetus</span> <span class='ocrx_word' id='word_1_716' title='bbox 1658 1453 1757 1486; x_wconf 71' lang='lat' dir='ltr'>etiam</span> <span class='ocrx_word' id='word_1_717' title='bbox 1780 1453 1972 1496; x_wconf 74' lang='lat' dir='ltr'>Ambrosius</span> <span class='ocrx_word' id='word_1_718' title='bbox 2008 1465 2065 1496; x_wconf 87' lang='lat' dir='ltr'>pro</span> 
     </span>
     <span class='ocr_line' id='line_1_97' title="bbox 1118 1500 2069 1543; baseline 0.003 -9"><span class='ocrx_word' id='word_1_719' title='bbox 1118 1501 1244 1543; x_wconf 64' lang='lat' dir='ltr'>culpa,</span> <span class='ocrx_word' id='word_1_720' title='bbox 1279 1511 1350 1543; x_wconf 76' lang='lat' dir='ltr'>qua</span> <span class='ocrx_word' id='word_1_721' title='bbox 1378 1500 1453 1534; x_wconf 86' lang='lat' dir='ltr'>aliis</span> <span class='ocrx_word' id='word_1_722' title='bbox 1474 1500 1701 1536; x_wconf 87' lang='lat' dir='ltr'>Sacerdotibus</span> <span class='ocrx_word' id='word_1_723' title='bbox 1719 1513 1787 1535; x_wconf 82' lang='lat' dir='ltr'>non</span> <span class='ocrx_word' id='word_1_724' title='bbox 1818 1502 1901 1537; x_wconf 73' lang='lat' dir='ltr'>adeo</span> <span class='ocrx_word' id='word_1_725' title='bbox 1940 1501 2069 1537; x_wconf 54' lang='lat' dir='ltr'>videbass</span> 
     </span>
     <span class='ocr_line' id='line_1_98' title="bbox 1118 1546 2067 1597; baseline 0.005 -15"><span class='ocrx_word' id='word_1_726' title='bbox 1118 1561 1173 1583; x_wconf 85' lang='lat' dir='ltr'>rur</span> <span class='ocrx_word' id='word_1_727' title='bbox 1191 1550 1300 1593; x_wconf 83' lang='lat' dir='ltr'>gravis</span> <span class='ocrx_word' id='word_1_728' title='bbox 1320 1572 1331 1588; x_wconf 89' lang='lat'>,</span> <span class='ocrx_word' id='word_1_729' title='bbox 1374 1546 1603 1584; x_wconf 81' lang='lat' dir='ltr'>Theodosium</span> <span class='ocrx_word' id='word_1_730' title='bbox 1639 1552 1810 1597; x_wconf 16' lang='lat' dir='ltr'>Magnum*</span> <span class='ocrx_word' id='word_1_731' title='bbox 1834 1553 2067 1596; x_wconf 79' lang='lat' dir='ltr'>Imperatorem</span> 
     </span>
     <span class='ocr_line' id='line_1_99' title="bbox 1120 1599 2072 1649; baseline 0.003 -16"><span class='ocrx_word' id='word_1_732' title='bbox 1120 1599 1441 1639; x_wconf 77' lang='lat' dir='ltr'>excommunicavit,</span> <span class='ocrx_word' id='word_1_733' title='bbox 1470 1600 1504 1633; x_wconf 77' lang='grc' dir='ltr'>ἀ</span> <span class='ocrx_word' id='word_1_734' title='bbox 1529 1600 1571 1632; x_wconf 78' lang='lat' dir='ltr'>ab</span> <span class='ocrx_word' id='word_1_735' title='bbox 1595 1600 1734 1634; x_wconf 80' lang='lat' dir='ltr'>Ecclesia</span> <span class='ocrx_word' id='word_1_736' title='bbox 1756 1601 1852 1643; x_wconf 84' lang='lat' dir='ltr'>ejecit</span> <span class='ocrx_word' id='word_1_737' title='bbox 1872 1627 1878 1634; x_wconf 93' lang='lat'><strong>.</strong></span> <span class='ocrx_word' id='word_1_738' title='bbox 1905 1603 1974 1649; x_wconf 83' lang='lat' dir='ltr'>Qi</span> <span class='ocrx_word' id='word_1_739' title='bbox 1999 1606 2072 1636; x_wconf 50' lang='lat' dir='ltr'>tan-⁷</span> 
     </span>
     <span class='ocr_line' id='line_1_100' title="bbox 1121 1648 2071 1691; baseline 0.004 -9"><span class='ocrx_word' id='word_1_740' title='bbox 1121 1650 1196 1682; x_wconf 81' lang='lat' dir='ltr'>dem</span> <span class='ocrx_word' id='word_1_741' title='bbox 1221 1648 1439 1683; x_wconf 72' lang='lat' dir='ltr'>satissafflone</span> <span class='ocrx_word' id='word_1_742' title='bbox 1448 1649 1614 1691; x_wconf 81' lang='lat' dir='ltr'>condigna</span> <span class='ocrx_word' id='word_1_743' title='bbox 1628 1650 1747 1682; x_wconf 83' lang='lat' dir='ltr'>meruit</span> <span class='ocrx_word' id='word_1_744' title='bbox 1759 1650 1880 1684; x_wconf 78' lang='lat' dir='ltr'>absolvi</span> <span class='ocrx_word' id='word_1_745' title='bbox 1897 1677 1902 1683; x_wconf 94' lang='lat'>.</span> <span class='ocrx_word' id='word_1_746' title='bbox 1934 1654 1974 1686; x_wconf 84' lang='lat' dir='ltr'>Et</span> <span class='ocrx_word' id='word_1_747' title='bbox 1988 1653 2071 1686; x_wconf 50' lang='lat' dir='ltr'>mul‘</span> 
     </span>
     <span class='ocr_line' id='line_1_101' title="bbox 1121 1694 2074 1740; baseline 0.007 -13"><span class='ocrx_word' id='word_1_748' title='bbox 1121 1707 1154 1729; x_wconf 87' lang='lat' dir='ltr'>ta</span> <span class='ocrx_word' id='word_1_749' title='bbox 1174 1696 1238 1728; x_wconf 81' lang='lat' dir='ltr'>alia</span> <span class='ocrx_word' id='word_1_750' title='bbox 1259 1697 1294 1727; x_wconf 87' lang='lat' dir='ltr'>in</span> <span class='ocrx_word' id='word_1_751' title='bbox 1316 1694 1404 1727; x_wconf 84' lang='lat' dir='ltr'>hune</span> <span class='ocrx_word' id='word_1_752' title='bbox 1417 1695 1575 1728; x_wconf 83' lang='lat' dir='ltr'>modum.</span> <span class='ocrx_word' id='word_1_753' title='bbox 1601 1695 1709 1730; x_wconf 86' lang='lat' dir='ltr'>David</span> <span class='ocrx_word' id='word_1_754' title='bbox 1734 1698 1834 1733; x_wconf 89' lang='lat' dir='ltr'>etiam</span> <span class='ocrx_word' id='word_1_755' title='bbox 1850 1724 1862 1740; x_wconf 92' lang='lat'>‚</span> <span class='ocrx_word' id='word_1_756' title='bbox 1887 1700 1962 1735; x_wconf 73' lang='lat' dir='ltr'>curn</span> <span class='ocrx_word' id='word_1_757' title='bbox 1986 1703 2074 1736; x_wconf 85' lang='lat' dir='ltr'>adul-</span> 
     </span>
     <span class='ocr_line' id='line_1_102' title="bbox 1121 1741 2074 1788; baseline 0.01 -12"><span class='ocrx_word' id='word_1_758' title='bbox 1121 1744 1283 1779; x_wconf 84' lang='lat' dir='ltr'>terium&amp;</span> <span class='ocrx_word' id='word_1_759' title='bbox 1305 1741 1527 1777; x_wconf 83' lang='lat' dir='ltr'>homicidium</span> <span class='ocrx_word' id='word_1_760' title='bbox 1548 1746 1761 1781; x_wconf 56' lang='lat' dir='ltr'>commififfet‘</span> <span class='ocrx_word' id='word_1_761' title='bbox 1779 1772 1790 1788; x_wconf 93' lang='lat'>,</span> <span class='ocrx_word' id='word_1_762' title='bbox 1828 1750 1938 1784; x_wconf 75' lang='lat' dir='ltr'>missus</span> <span class='ocrx_word' id='word_1_763' title='bbox 1962 1752 2007 1785; x_wconf 82' lang='lat' dir='ltr'>est</span> <span class='ocrx_word' id='word_1_764' title='bbox 2032 1751 2074 1785; x_wconf 82' lang='lat' dir='ltr'>ad</span> 
     </span>
     <span class='ocr_line' id='line_1_103' title="bbox 1121 1791 2075 1846; baseline 0.012 -20"><span class='ocrx_word' id='word_1_765' title='bbox 1121 1804 1197 1828; x_wconf 89' lang='lat' dir='ltr'>eum</span> <span class='ocrx_word' id='word_1_766' title='bbox 1222 1792 1387 1836; x_wconf 84' lang='lat' dir='ltr'>Propheta</span> <span class='ocrx_word' id='word_1_767' title='bbox 1409 1791 1685 1836; x_wconf 61' lang='lat' dir='ltr'>NathanaDem</span> <span class='ocrx_word' id='word_1_768' title='bbox 1713 1807 1750 1830; x_wconf 90' lang='lat' dir='ltr'>ut</span> <span class='ocrx_word' id='word_1_769' title='bbox 1763 1808 1838 1833; x_wconf 89' lang='lat' dir='ltr'>eum</span> <span class='ocrx_word' id='word_1_770' title='bbox 1862 1798 2075 1846; x_wconf 70' lang='lat' dir='ltr'>redargueret</span> 
     </span>
     <span class='ocr_line' id='line_1_104' title="bbox 1122 1843 2073 1888; baseline 0.012 -13"><span class='ocrx_word' id='word_1_771' title='bbox 1122 1845 1156 1878; x_wconf 69' lang='grc' dir='ltr'>ὅς</span> <span class='ocrx_word' id='word_1_772' title='bbox 1176 1844 1370 1888; x_wconf 76' lang='lat' dir='ltr'>corrigeret·</span> <span class='ocrx_word' id='word_1_773' title='bbox 1400 1843 1576 1888; x_wconf 86' lang='lat' dir='ltr'>Correptus</span> <span class='ocrx_word' id='word_1_774' title='bbox 1597 1845 1642 1879; x_wconf 84' lang='lat' dir='ltr'>est</span> <span class='ocrx_word' id='word_1_775' title='bbox 1656 1870 1666 1886; x_wconf 90' lang='lat'>,</span> <span class='ocrx_word' id='word_1_776' title='bbox 1689 1847 1723 1880; x_wconf 74' lang='grc' dir='ltr'>ἀ</span> <span class='ocrx_word' id='word_1_777' title='bbox 1740 1848 1891 1883; x_wconf 74' lang='lat' dir='ltr'>ciriffime</span> <span class='ocrx_word' id='word_1_778' title='bbox 1901 1854 2073 1886; x_wconf 50' lang='grc' dir='ltr'>«τοττι-θος</span> 
     </span>
     <span class='ocr_line' id='line_1_105' title="bbox 1126 1893 2075 1944; baseline 0.008 -16"><span class='ocrx_word' id='word_1_779' title='bbox 1126 1895 1210 1928; x_wconf 84' lang='lat' dir='ltr'>Rex.</span> <span class='ocrx_word' id='word_1_780' title='bbox 1225 1896 1315 1927; x_wconf 90' lang='lat' dir='ltr'>enim</span> <span class='ocrx_word' id='word_1_781' title='bbox 1340 1893 1485 1936; x_wconf 81' lang='lat' dir='ltr'>deposito</span> <span class='ocrx_word' id='word_1_782' title='bbox 1505 1894 1689 1930; x_wconf 85' lang='lat' dir='ltr'>diademate</span> <span class='ocrx_word' id='word_1_783' title='bbox 1714 1897 1830 1941; x_wconf 86' lang='lat' dir='ltr'>capitis</span> <span class='ocrx_word' id='word_1_784' title='bbox 1849 1899 1916 1938; x_wconf 90' lang='lat' dir='ltr'>sui,</span> <span class='ocrx_word' id='word_1_785' title='bbox 1942 1902 2075 1944; x_wconf 54' lang='lat' dir='ltr'>abjecta*</span> 
     </span>
     <span class='ocr_line' id='line_1_106' title="bbox 1124 1943 2076 1988; baseline 0.008 -11"><span class='ocrx_word' id='word_1_786' title='bbox 1124 1955 1188 1988; x_wconf 90' lang='lat' dir='ltr'>que</span> <span class='ocrx_word' id='word_1_787' title='bbox 1206 1943 1370 1985; x_wconf 74' lang='lat' dir='ltr'>majestate</span> <span class='ocrx_word' id='word_1_788' title='bbox 1394 1945 1579 1985; x_wconf 74' lang='lat' dir='ltr'>imperiali,</span> <span class='ocrx_word' id='word_1_789' title='bbox 1609 1956 1675 1979; x_wconf 90' lang='lat' dir='ltr'>non</span> <span class='ocrx_word' id='word_1_790' title='bbox 1688 1947 1818 1981; x_wconf 89' lang='lat' dir='ltr'>erubuit</span> <span class='ocrx_word' id='word_1_791' title='bbox 1844 1948 2076 1985; x_wconf 52' lang='lat' dir='ltr'>humiliarianss</span> 
     </span>
     <span class='ocr_line' id='line_1_107' title="bbox 1125 1991 2076 2040; baseline 0.008 -13"><span class='ocrx_word' id='word_1_792' title='bbox 1125 2004 1160 2027; x_wconf 89' lang='lat' dir='ltr'>te</span> <span class='ocrx_word' id='word_1_793' title='bbox 1178 1993 1294 2026; x_wconf 80' lang='lat' dir='ltr'>faciem</span> <span class='ocrx_word' id='word_1_794' title='bbox 1307 1991 1498 2035; x_wconf 85' lang='lat' dir='ltr'>Prophetae‚</span> <span class='ocrx_word' id='word_1_795' title='bbox 1527 2005 1691 2037; x_wconf 86' lang='lat' dir='ltr'>peccatum</span> <span class='ocrx_word' id='word_1_796' title='bbox 1705 1997 1796 2031; x_wconf 88' lang='lat' dir='ltr'>suum</span> <span class='ocrx_word' id='word_1_797' title='bbox 1818 1995 1969 2033; x_wconf 80' lang='lat' dir='ltr'>confiteri</span> <span class='ocrx_word' id='word_1_798' title='bbox 1985 2026 1995 2040; x_wconf 88' lang='lat'>,</span> <span class='ocrx_word' id='word_1_799' title='bbox 2022 2014 2076 2035; x_wconf 69' lang='lat' dir='ltr'>ve·-v</span> 
     </span>
     <span class='ocr_line' id='line_1_108' title="bbox 1129 2042 2074 2093; baseline 0.01 -17"><span class='ocrx_word' id='word_1_800' title='bbox 1129 2044 1216 2076; x_wconf 87' lang='lat' dir='ltr'>niam</span> <span class='ocrx_word' id='word_1_801' title='bbox 1235 2043 1395 2084; x_wconf 80' lang='lat' dir='ltr'>postulare</span> <span class='ocrx_word' id='word_1_802' title='bbox 1417 2044 1457 2076; x_wconf 91' lang='lat' dir='ltr'>de</span> <span class='ocrx_word' id='word_1_803' title='bbox 1475 2042 1668 2079; x_wconf 74' lang='lat' dir='ltr'>commisso.</span> <span class='ocrx_word' id='word_1_804' title='bbox 1697 2046 1788 2093; x_wconf 80' lang='lat' dir='ltr'>Qid</span> <span class='ocrx_word' id='word_1_805' title='bbox 1812 2049 1925 2091; x_wconf 72' lang='lat' dir='ltr'>plura?</span> <span class='ocrx_word' id='word_1_806' title='bbox 1952 2050 2074 2085; x_wconf 58' lang='lat' dir='ltr'>Poeni—³</span> 
     </span>
     <span class='ocr_line' id='line_1_109' title="bbox 1127 2091 2076 2140; baseline 0.008 -13"><span class='ocrx_word' id='word_1_807' title='bbox 1127 2092 1229 2128; x_wconf 84' lang='lat' dir='ltr'>tentia</span> <span class='ocrx_word' id='word_1_808' title='bbox 1249 2091 1363 2126; x_wconf 72' lang='lat' dir='ltr'>ductus</span> <span class='ocrx_word' id='word_1_809' title='bbox 1384 2093 1636 2128; x_wconf 82' lang='lat' dir='ltr'>misericordiam</span> <span class='ocrx_word' id='word_1_810' title='bbox 1675 2098 1814 2140; x_wconf 86' lang='lat' dir='ltr'>petivit,</span> <span class='ocrx_word' id='word_1_811' title='bbox 1848 2099 1883 2133; x_wconf 83' lang='lat'>&amp;</span> <span class='ocrx_word' id='word_1_812' title='bbox 1926 2098 2076 2135; x_wconf 78' lang='lat' dir='ltr'>obtinuie</span> 
     </span>
     <span class='ocr_line' id='line_1_110' title="bbox 1129 2143 1476 2178; baseline -0.003 0"><span class='ocrx_word' id='word_1_813' title='bbox 1129 2143 1275 2178; x_wconf 82' lang='lat' dir='ltr'>veniam.</span> <span class='ocrx_word' id='word_1_814' title='bbox 1474 2147 1476 2150; x_wconf 82' lang='grc'>’</span> 
     </span>
    </p>

    <p class='ocr_par' dir='ltr' id='par_1_7' title="bbox 1129 2193 2087 3444">
     <span class='ocr_line' id='line_1_111' title="bbox 1179 2193 2075 2243; baseline 0.011 -17"><span class='ocrx_word' id='word_1_815' title='bbox 1179 2193 1221 2226; x_wconf 87' lang='lat' dir='ltr'>Et</span> <span class='ocrx_word' id='word_1_816' title='bbox 1243 2204 1304 2226; x_wconf 87' lang='lat' dir='ltr'>vos</span> <span class='ocrx_word' id='word_1_817' title='bbox 1327 2216 1337 2232; x_wconf 88' lang='lat'>,</span> <span class='ocrx_word' id='word_1_818' title='bbox 1383 2194 1430 2228; x_wconf 82' lang='lat' dir='ltr'>fili</span> <span class='ocrx_word' id='word_1_819' title='bbox 1454 2195 1652 2232; x_wconf 65' lang='lat' dir='ltr'>dilectissime</span> <span class='ocrx_word' id='word_1_820' title='bbox 1674 2224 1686 2241; x_wconf 89' lang='lat'>‚</span> <span class='ocrx_word' id='word_1_821' title='bbox 1720 2199 1925 2237; x_wconf 81' lang='lat' dir='ltr'>Sereniffime</span> <span class='ocrx_word' id='word_1_822' title='bbox 1962 2202 2037 2238; x_wconf 80' lang='lat' dir='ltr'>Rex</span> <span class='ocrx_word' id='word_1_823' title='bbox 2064 2220 2075 2243; x_wconf 71' lang='lat'>,—</span> 
     </span>
     <span class='ocr_line' id='line_1_112' title="bbox 1130 2243 2074 2296; baseline 0.013 -19"><span class='ocrx_word' id='word_1_824' title='bbox 1130 2243 1406 2279; x_wconf 73' lang='lat' dir='ltr'>Reverendiffime</span> <span class='ocrx_word' id='word_1_825' title='bbox 1428 2246 1599 2287; x_wconf 87' lang='lat' dir='ltr'>Domine,</span> <span class='ocrx_word' id='word_1_826' title='bbox 1626 2247 1666 2281; x_wconf 90' lang='lat' dir='ltr'>ad</span> <span class='ocrx_word' id='word_1_827' title='bbox 1688 2252 1875 2296; x_wconf 84' lang='lat' dir='ltr'>exemplum</span> <span class='ocrx_word' id='word_1_828' title='bbox 1902 2253 2074 2288; x_wconf 87' lang='lat' dir='ltr'>Excellen-</span> 
     </span>
     <span class='ocr_line' id='line_1_113' title="bbox 1129 2293 2076 2346; baseline 0.013 -19"><span class='ocrx_word' id='word_1_829' title='bbox 1129 2293 1238 2327; x_wconf 81' lang='lat' dir='ltr'>tiffimi</span> <span class='ocrx_word' id='word_1_830' title='bbox 1265 2294 1399 2335; x_wconf 85' lang='lat' dir='ltr'>David,</span> <span class='ocrx_word' id='word_1_831' title='bbox 1427 2295 1530 2340; x_wconf 88' lang='lat' dir='ltr'>Regis</span> <span class='ocrx_word' id='word_1_832' title='bbox 1552 2298 1703 2341; x_wconf 72' lang='lat' dir='ltr'>piissimi,</span> <span class='ocrx_word' id='word_1_833' title='bbox 1741 2299 1876 2346; x_wconf 88' lang='lat' dir='ltr'>de¹quo</span> <span class='ocrx_word' id='word_1_834' title='bbox 1901 2303 1983 2338; x_wconf 90' lang='lat' dir='ltr'>dicit</span> <span class='ocrx_word' id='word_1_835' title='bbox 2004 2304 2076 2337; x_wconf 89' lang='lat' dir='ltr'>Do-</span> 
     </span>
     <span class='ocr_line' id='line_1_114' title="bbox 1130 2345 2076 2392; baseline 0.01 -14"><span class='ocrx_word' id='word_1_836' title='bbox 1130 2345 1240 2378; x_wconf 86' lang='lat' dir='ltr'>minus</span> <span class='ocrx_word' id='word_1_837' title='bbox 1260 2355 1268 2376; x_wconf 89' lang='lat'>:</span> <span class='ocrx_word' id='word_1_838' title='bbox 1305 2347 1414 2378; x_wconf 68' lang='lat' dir='ltr'>Inveni</span> <span class='ocrx_word' id='word_1_839' title='bbox 1437 2351 1540 2379; x_wconf 68' lang='lat' dir='ltr'>virum</span> <span class='ocrx_word' id='word_1_840' title='bbox 1555 2346 1715 2390; x_wconf 60' lang='lat' dir='ltr'>sec-undrim</span> <span class='ocrx_word' id='word_1_841' title='bbox 1739 2362 1786 2383; x_wconf 81' lang='lat' dir='ltr'>cor</span> <span class='ocrx_word' id='word_1_842' title='bbox 1808 2364 1905 2385; x_wconf 79' lang='lat' dir='ltr'>meum</span> <span class='ocrx_word' id='word_1_843' title='bbox 1943 2376 1953 2392; x_wconf 92' lang='lat'>,</span> <span class='ocrx_word' id='word_1_844' title='bbox 1978 2353 2076 2387; x_wconf 87' lang='lat' dir='ltr'>eorde</span> 
     </span>
     <span class='ocr_line' id='line_1_115' title="bbox 1129 2392 2080 2442; baseline 0.008 -14"><span class='ocrx_word' id='word_1_845' title='bbox 1129 2394 1274 2428; x_wconf 89' lang='lat' dir='ltr'>contrito</span> <span class='ocrx_word' id='word_1_846' title='bbox 1297 2394 1332 2428; x_wconf 77' lang='lat' dir='ltr'>dt</span> <span class='ocrx_word' id='word_1_847' title='bbox 1351 2392 1531 2432; x_wconf 88' lang='lat' dir='ltr'>humiliato</span> <span class='ocrx_word' id='word_1_848' title='bbox 1552 2400 1785 2433; x_wconf 77' lang='lat' dir='ltr'>convertimini</span> <span class='ocrx_word' id='word_1_849' title='bbox 1820 2403 1859 2434; x_wconf 86' lang='lat' dir='ltr'>ad</span> <span class='ocrx_word' id='word_1_850' title='bbox 1890 2403 2080 2442; x_wconf 78' lang='lat' dir='ltr'>Dominum</span> 
     </span>
     <span class='ocr_line' id='line_1_116' title="bbox 1132 2444 2077 2491; baseline 0.007 -12"><span class='ocrx_word' id='word_1_851' title='bbox 1132 2446 1241 2479; x_wconf 90' lang='lat' dir='ltr'>Deum</span> <span class='ocrx_word' id='word_1_852' title='bbox 1264 2444 1426 2486; x_wconf 81' lang='lat' dir='ltr'>vestrum,</span> <span class='ocrx_word' id='word_1_853' title='bbox 1451 2449 1660 2491; x_wconf 73' lang='lat' dir='ltr'>exactamque</span> <span class='ocrx_word' id='word_1_854' title='bbox 1691 2449 1732 2482; x_wconf 91' lang='lat' dir='ltr'>de</span> <span class='ocrx_word' id='word_1_855' title='bbox 1768 2450 1945 2485; x_wconf 77' lang='lat' dir='ltr'>excessibus</span> <span class='ocrx_word' id='word_1_856' title='bbox 1967 2453 2077 2486; x_wconf 77' lang='lat' dir='ltr'>vestris</span> 
     </span>
     <span class='ocr_line' id='line_1_117' title="bbox 1130 2494 2076 2540; baseline 0.01 -12"><span class='ocrx_word' id='word_1_857' title='bbox 1130 2495 1218 2540; x_wconf 88' lang='lat' dir='ltr'>agite</span> <span class='ocrx_word' id='word_1_858' title='bbox 1240 2494 1484 2538; x_wconf 65' lang='lat' dir='ltr'>penitentiam.</span> <span class='ocrx_word' id='word_1_859' title='bbox 1513 2498 1688 2531; x_wconf 80' lang='lat' dir='ltr'>Corruissis</span> <span class='ocrx_word' id='word_1_860' title='bbox 1721 2500 1809 2532; x_wconf 85' lang='lat' dir='ltr'>enim</span> <span class='ocrx_word' id='word_1_861' title='bbox 1832 2501 1865 2533; x_wconf 76' lang='grc' dir='ltr'>ὅ(</span> <span class='ocrx_word' id='word_1_862' title='bbox 1887 2503 2013 2536; x_wconf 71' lang='lat' dir='ltr'>errastis</span> <span class='ocrx_word' id='word_1_863' title='bbox 2041 2502 2076 2537; x_wconf 91' lang='lat' dir='ltr'>in</span> 
     </span>
     <span class='ocr_line' id='line_1_118' title="bbox 1131 2543 2079 2595; baseline 0.008 -17"><span class='ocrx_word' id='word_1_864' title='bbox 1131 2545 1266 2585; x_wconf 87' lang='lat' dir='ltr'>multis,</span> <span class='ocrx_word' id='word_1_865' title='bbox 1291 2543 1362 2588; x_wconf 52' lang='lat' dir='ltr'>“Juae</span> <span class='ocrx_word' id='word_1_866' title='bbox 1381 2545 1491 2580; x_wconf 86' lang='lat' dir='ltr'>adhuc</span> <span class='ocrx_word' id='word_1_867' title='bbox 1511 2556 1625 2584; x_wconf 66' lang='lat' dir='ltr'>taceo,</span> <span class='ocrx_word' id='word_1_868' title='bbox 1650 2548 1963 2590; x_wconf 57' lang='lat' dir='ltr'>exspectanssiforte</span> <span class='ocrx_word' id='word_1_869' title='bbox 1978 2554 2079 2595; x_wconf 76' lang='lat' dir='ltr'>inspi-</span> 
     </span>
     <span class='ocr_line' id='line_1_119' title="bbox 1131 2595 2078 2645; baseline 0.007 -16"><span class='ocrx_word' id='word_1_870' title='bbox 1131 2595 1245 2630; x_wconf 83' lang='lat' dir='ltr'>raverit</span> <span class='ocrx_word' id='word_1_871' title='bbox 1268 2596 1362 2628; x_wconf 90' lang='lat' dir='ltr'>vobis</span> <span class='ocrx_word' id='word_1_872' title='bbox 1373 2595 1564 2642; x_wconf 84' lang='lat' dir='ltr'>Dominus,</span> <span class='ocrx_word' id='word_1_873' title='bbox 1587 2607 1626 2643; x_wconf 81' lang='lat' dir='ltr'>ut</span> <span class='ocrx_word' id='word_1_874' title='bbox 1644 2598 1760 2631; x_wconf 85' lang='lat' dir='ltr'>dicatis</span> <span class='ocrx_word' id='word_1_875' title='bbox 1782 2611 1858 2633; x_wconf 91' lang='lat' dir='ltr'>cum</span> <span class='ocrx_word' id='word_1_876' title='bbox 1883 2601 2049 2645; x_wconf 83' lang='lat' dir='ltr'>Propheta</span> <span class='ocrx_word' id='word_1_877' title='bbox 2067 2617 2078 2635; x_wconf 91' lang='lat'><em>:</em></span> 
     </span>
     <span class='ocr_line' id='line_1_120' title="bbox 1133 2643 2078 2694; baseline 0.008 -18"><span class='ocrx_word' id='word_1_878' title='bbox 1133 2644 1269 2688; x_wconf 75' lang='lat' dir='ltr'>Mis‘erere</span> <span class='ocrx_word' id='word_1_879' title='bbox 1294 2651 1352 2677; x_wconf 83' lang='lat' dir='ltr'>mel</span> <span class='ocrx_word' id='word_1_880' title='bbox 1373 2648 1457 2677; x_wconf 78' lang='lat' dir='ltr'>Dens</span> <span class='ocrx_word' id='word_1_881' title='bbox 1472 2643 1638 2688; x_wconf 56' lang='lat' dir='ltr'>secundum</span> <span class='ocrx_word' id='word_1_882' title='bbox 1670 2659 1814 2692; x_wconf 78' lang='lat' dir='ltr'>magnam</span> <span class='ocrx_word' id='word_1_883' title='bbox 1846 2649 2078 2694; x_wconf 71' lang='lat' dir='ltr'>misericordiam</span> 
     </span>
     <span class='ocr_line' id='line_1_121' title="bbox 1130 2695 2079 2740; baseline 0.006 -12"><span class='ocrx_word' id='word_1_884' title='bbox 1130 2705 1232 2728; x_wconf 82' lang='lat' dir='ltr'>ruam.</span> <span class='ocrx_word' id='word_1_885' title='bbox 1260 2696 1567 2736; x_wconf 68' lang='lat' dir='ltr'>Quoniam.muln⁸cm</span> <span class='ocrx_word' id='word_1_886' title='bbox 1588 2695 1644 2730; x_wconf 69' lang='lat' dir='ltr'>tlh!</span> <span class='ocrx_word' id='word_1_887' title='bbox 1665 2703 1790 2739; x_wconf 63' lang='lat' dir='ltr'>peccavi</span> <span class='ocrx_word' id='word_1_888' title='bbox 1813 2725 1823 2740; x_wconf 88' lang='lat'>,</span> <span class='ocrx_word' id='word_1_889' title='bbox 1861 2703 2019 2735; x_wconf 70' lang='lat' dir='ltr'>&amp;malum</span> <span class='ocrx_word' id='word_1_890' title='bbox 2039 2713 2079 2734; x_wconf 83' lang='lat' dir='ltr'>co·</span> 
     </span>
     <span class='ocr_line' id='line_1_122' title="bbox 1132 2743 2078 2796; baseline 0.01 -19"><span class='ocrx_word' id='word_1_891' title='bbox 1132 2757 1199 2778; x_wconf 82' lang='lat' dir='ltr'>ram</span> <span class='ocrx_word' id='word_1_892' title='bbox 1222 2753 1251 2778; x_wconf 78' lang='lat' dir='ltr'>te</span> <span class='ocrx_word' id='word_1_893' title='bbox 1263 2743 1340 2785; x_wconf 80' lang='lat' dir='ltr'>feci.</span> <span class='ocrx_word' id='word_1_894' title='bbox 1367 2745 1462 2787; x_wconf 82' lang='lat' dir='ltr'>Juxta</span> <span class='ocrx_word' id='word_1_895' title='bbox 1484 2746 1530 2778; x_wconf 85' lang='lat' dir='ltr'>est</span> <span class='ocrx_word' id='word_1_896' title='bbox 1543 2748 1631 2780; x_wconf 87' lang='lat' dir='ltr'>enirn</span> <span class='ocrx_word' id='word_1_897' title='bbox 1654 2747 1821 2783; x_wconf 82' lang='lat' dir='ltr'>Dominus</span> <span class='ocrx_word' id='word_1_898' title='bbox 1849 2749 1900 2784; x_wconf 86' lang='lat' dir='ltr'>his</span> <span class='ocrx_word' id='word_1_899' title='bbox 1913 2753 1968 2796; x_wconf 90' lang='lat' dir='ltr'>qui</span> <span class='ocrx_word' id='word_1_900' title='bbox 1994 2754 2078 2786; x_wconf 71' lang='lat' dir='ltr'>recto</span> 
     </span>
     <span class='ocr_line' id='line_1_123' title="bbox 1134 2792 2077 2840; baseline 0.007 -12"><span class='ocrx_word' id='word_1_901' title='bbox 1134 2796 1207 2829; x_wconf 83' lang='lat' dir='ltr'>sunt</span> <span class='ocrx_word' id='word_1_902' title='bbox 1228 2792 1325 2828; x_wconf 83' lang='lat' dir='ltr'>corde</span> <span class='ocrx_word' id='word_1_903' title='bbox 1340 2817 1350 2832; x_wconf 91' lang='lat'>,</span> <span class='ocrx_word' id='word_1_904' title='bbox 1382 2793 1577 2831; x_wconf 69' lang='lat' dir='ltr'>&amp;humiles</span> <span class='ocrx_word' id='word_1_905' title='bbox 1609 2797 1720 2840; x_wconf 78' lang='lat' dir='ltr'>spiriru</span> <span class='ocrx_word' id='word_1_906' title='bbox 1746 2799 1879 2834; x_wconf 86' lang='lat' dir='ltr'>salvabit</span> <span class='ocrx_word' id='word_1_907' title='bbox 1900 2827 1906 2832; x_wconf 91' lang='lat'><em>.</em></span> <span class='ocrx_word' id='word_1_908' title='bbox 1934 2803 2016 2836; x_wconf 85' lang='lat' dir='ltr'>Haec</span> <span class='ocrx_word' id='word_1_909' title='bbox 2037 2803 2077 2836; x_wconf 89' lang='lat' dir='ltr'>ad</span> 
     </span>
     <span class='ocr_line' id='line_1_124' title="bbox 1135 2844 2077 2890; baseline 0.007 -11"><span class='ocrx_word' id='word_1_910' title='bbox 1135 2847 1290 2889; x_wconf 86' lang='lat' dir='ltr'>praesens,</span> <span class='ocrx_word' id='word_1_911' title='bbox 1315 2844 1543 2886; x_wconf 86' lang='lat' dir='ltr'>Dominemi‚</span> <span class='ocrx_word' id='word_1_912' title='bbox 1570 2847 1661 2881; x_wconf 89' lang='lat' dir='ltr'>vobis</span> <span class='ocrx_word' id='word_1_913' title='bbox 1675 2847 1801 2890; x_wconf 87' lang='lat' dir='ltr'>scribo,</span> <span class='ocrx_word' id='word_1_914' title='bbox 1828 2860 1938 2885; x_wconf 65' lang='lat' dir='ltr'>extera</span> <span class='ocrx_word' id='word_1_915' title='bbox 1951 2853 2077 2886; x_wconf 81' lang='lat' dir='ltr'>silentio</span> 
     </span>
     <span class='ocr_line' id='line_1_125' title="bbox 1137 2894 2079 2939; baseline 0.007 -10"><span class='ocrx_word' id='word_1_916' title='bbox 1137 2894 1339 2939; x_wconf 77' lang='lat' dir='ltr'>praeteriens,</span> <span class='ocrx_word' id='word_1_917' title='bbox 1365 2895 1473 2930; x_wconf 83' lang='lat' dir='ltr'>donec</span> <span class='ocrx_word' id='word_1_918' title='bbox 1485 2897 1612 2931; x_wconf 84' lang='lat' dir='ltr'>videam</span> <span class='ocrx_word' id='word_1_919' title='bbox 1627 2922 1637 2937; x_wconf 93' lang='lat'>‚</span> <span class='ocrx_word' id='word_1_920' title='bbox 1664 2899 1771 2932; x_wconf 73' lang='lat' dir='ltr'>utrum</span> <span class='ocrx_word' id='word_1_921' title='bbox 1795 2901 1898 2937; x_wconf 88' lang='lat' dir='ltr'>sermo</span> <span class='ocrx_word' id='word_1_922' title='bbox 1920 2912 2011 2936; x_wconf 76' lang='lat' dir='ltr'>meus</span> <span class='ocrx_word' id='word_1_923' title='bbox 2029 2915 2079 2936; x_wconf 81' lang='lat' dir='ltr'>ca-</span> 
     </span>
     <span class='ocr_line' id='line_1_126' title="bbox 1134 2944 2080 2997; baseline 0.007 -18"><span class='ocrx_word' id='word_1_924' title='bbox 1134 2947 1205 2989; x_wconf 81' lang='lat' dir='ltr'>-piat</span> <span class='ocrx_word' id='word_1_925' title='bbox 1227 2946 1260 2978; x_wconf 87' lang='lat' dir='ltr'>in</span> <span class='ocrx_word' id='word_1_926' title='bbox 1281 2944 1393 2979; x_wconf 65' lang='lat' dir='ltr'>vobis«</span> <span class='ocrx_word' id='word_1_927' title='bbox 1416 2947 1451 2980; x_wconf 87' lang='lat' dir='ltr'>Si</span> <span class='ocrx_word' id='word_1_928' title='bbox 1473 2948 1681 2990; x_wconf 84' lang='lat' dir='ltr'>reportaverit</span> <span class='ocrx_word' id='word_1_929' title='bbox 1701 2945 1783 2983; x_wconf 79' lang='lat' dir='ltr'>mihi</span> <span class='ocrx_word' id='word_1_930' title='bbox 1805 2950 1824 2983; x_wconf 70' lang='grc' dir='ltr'>ὲ</span> <span class='ocrx_word' id='word_1_931' title='bbox 1847 2951 1939 2985; x_wconf 85' lang='lat' dir='ltr'>vobis</span> <span class='ocrx_word' id='word_1_932' title='bbox 1960 2953 2080 2997; x_wconf 84' lang='lat' dir='ltr'>dignos</span> 
     </span>
     <span class='ocr_line' id='line_1_127' title="bbox 1132 2992 2079 3042; baseline 0.008 -13"><span class='ocrx_word' id='word_1_933' title='bbox 1132 2997 1258 3029; x_wconf 42' lang='lat' dir='ltr'>*fructus</span> <span class='ocrx_word' id='word_1_934' title='bbox 1277 2992 1500 3039; x_wconf 84' lang='lat' dir='ltr'>poenitentiae‚</span> <span class='ocrx_word' id='word_1_935' title='bbox 1527 2998 1561 3031; x_wconf 84' lang='lat'>&amp;</span> <span class='ocrx_word' id='word_1_936' title='bbox 1583 2997 1742 3033; x_wconf 72' lang='lat' dir='ltr'>andiama</span> <span class='ocrx_word' id='word_1_937' title='bbox 1765 3003 2023 3042; x_wconf 82' lang='lat' dir='ltr'>nunciantibus,</span> <span class='ocrx_word' id='word_1_938' title='bbox 2048 3004 2079 3036; x_wconf 90' lang='lat'>&amp;</span> 
     </span>
     <span class='ocr_line' id='line_1_128' title="bbox 1137 3046 2081 3093; baseline 0.006 -16"><span class='ocrx_word' id='word_1_939' title='bbox 1137 3046 1364 3090; x_wconf 84' lang='lat' dir='ltr'>congaudeam</span> <span class='ocrx_word' id='word_1_940' title='bbox 1381 3046 1584 3081; x_wconf 84' lang='lat' dir='ltr'>dicentibus:</span> <span class='ocrx_word' id='word_1_941' title='bbox 1607 3050 1702 3081; x_wconf 73' lang='lat' dir='ltr'>Filius</span> <span class='ocrx_word' id='word_1_942' title='bbox 1715 3058 1781 3082; x_wconf 77' lang='lat' dir='ltr'>tuus</span> <span class='ocrx_word' id='word_1_943' title='bbox 1796 3054 1863 3086; x_wconf 76' lang='lat' dir='ltr'>Rex</span> <span class='ocrx_word' id='word_1_944' title='bbox 1874 3051 2081 3093; x_wconf 71' lang='lat' dir='ltr'>mortuus-sue·</span> 
     </span>
     <span class='ocr_line' id='line_1_129' title="bbox 1138 3094 2079 3147; baseline 0.01 -21"><span class='ocrx_word' id='word_1_945' title='bbox 1138 3103 1186 3127; x_wconf 80' lang='lat' dir='ltr'>rar</span> <span class='ocrx_word' id='word_1_946' title='bbox 1199 3120 1209 3135; x_wconf 90' lang='lat'>,</span> <span class='ocrx_word' id='word_1_947' title='bbox 1234 3094 1290 3138; x_wconf 83' lang='lat' dir='ltr'>sed</span> <span class='ocrx_word' id='word_1_948' title='bbox 1299 3101 1432 3130; x_wconf 69' lang='lat' dir='ltr'>revixit.</span> <span class='ocrx_word' id='word_1_949' title='bbox 1463 3100 1599 3130; x_wconf 75' lang='lat' dir='ltr'>Perierat</span> <span class='ocrx_word' id='word_1_950' title='bbox 1616 3122 1627 3138; x_wconf 93' lang='lat'>,</span> <span class='ocrx_word' id='word_1_951' title='bbox 1656 3100 1842 3134; x_wconf 65' lang='lat' dir='ltr'>&amp;inventur</span> <span class='ocrx_word' id='word_1_952' title='bbox 1855 3102 1912 3143; x_wconf 80' lang='lat' dir='ltr'>est.</span> <span class='ocrx_word' id='word_1_953' title='bbox 1944 3101 2045 3147; x_wconf 75' lang='lat' dir='ltr'>Qdd</span> <span class='ocrx_word' id='word_1_954' title='bbox 2058 3101 2079 3141; x_wconf 76' lang='lat' dir='ltr'>si</span> 
     </span>
     <span class='ocr_line' id='line_1_130' title="bbox 1140 3147 2079 3193; baseline 0.006 -15"><span class='ocrx_word' id='word_1_955' title='bbox 1140 3155 1270 3179; x_wconf 90' lang='lat' dir='ltr'>menon</span> <span class='ocrx_word' id='word_1_956' title='bbox 1292 3147 1460 3180; x_wconf 84' lang='lat' dir='ltr'>audieritis</span> <span class='ocrx_word' id='word_1_957' title='bbox 1473 3170 1482 3185; x_wconf 89' lang='lat'>,</span> <span class='ocrx_word' id='word_1_958' title='bbox 1508 3148 1692 3191; x_wconf 85' lang='lat' dir='ltr'>quisolitus</span> <span class='ocrx_word' id='word_1_959' title='bbox 1711 3149 1757 3184; x_wconf 86' lang='lat' dir='ltr'>fui</span> <span class='ocrx_word' id='word_1_960' title='bbox 1777 3161 1853 3185; x_wconf 86' lang='lat' dir='ltr'>ante</span> <span class='ocrx_word' id='word_1_961' title='bbox 1877 3151 2079 3193; x_wconf 71' lang='lat' dir='ltr'>Maiestatem</span> 
     </span>
     <span class='ocr_line' id='line_1_131' title="bbox 1140 3195 2083 3243; baseline 0.004 -13"><span class='ocrx_word' id='word_1_962' title='bbox 1140 3195 1285 3239; x_wconf 85' lang='lat' dir='ltr'>corporis</span> <span class='ocrx_word' id='word_1_963' title='bbox 1306 3195 1687 3233; x_wconf 81' lang='lat' dir='ltr'>Chrissiinabundantia</span> <span class='ocrx_word' id='word_1_964' title='bbox 1710 3199 1946 3243; x_wconf 78' lang='lat' dir='ltr'>lachrymarum</span> <span class='ocrx_word' id='word_1_965' title='bbox 1969 3199 2003 3232; x_wconf 77' lang='grc' dir='ltr'>ἀ</span> <span class='ocrx_word' id='word_1_966' title='bbox 2028 3211 2083 3243; x_wconf 82' lang='lat' dir='ltr'>ge-</span> 
     </span>
     <span class='ocr_line' id='line_1_132' title="bbox 1143 3246 2080 3292; baseline 0.005 -13"><span class='ocrx_word' id='word_1_967' title='bbox 1143 3246 1276 3285; x_wconf 86' lang='lat' dir='ltr'>mitibus</span> <span class='ocrx_word' id='word_1_968' title='bbox 1291 3257 1359 3279; x_wconf 86' lang='lat' dir='ltr'>non</span> <span class='ocrx_word' id='word_1_969' title='bbox 1372 3246 1518 3279; x_wconf 86' lang='lat' dir='ltr'>minimis</span> <span class='ocrx_word' id='word_1_970' title='bbox 1538 3258 1704 3292; x_wconf 74' lang='lat' dir='ltr'>orarepro</span> <span class='ocrx_word' id='word_1_971' title='bbox 1714 3249 1828 3288; x_wconf 84' lang='lat' dir='ltr'>vobis,</span> <span class='ocrx_word' id='word_1_972' title='bbox 1854 3250 1939 3282; x_wconf 71' lang='lat' dir='ltr'>certe</span> <span class='ocrx_word' id='word_1_973' title='bbox 1961 3249 2080 3284; x_wconf 76' lang='lat' dir='ltr'>ibidem</span> 
     </span>
     <span class='ocr_line' id='line_1_133' title="bbox 1143 3296 2084 3343; baseline 0.004 -14"><span class='ocrx_word' id='word_1_974' title='bbox 1143 3296 1291 3330; x_wconf 89' lang='lat' dir='ltr'>clamabo</span> <span class='ocrx_word' id='word_1_975' title='bbox 1301 3305 1416 3329; x_wconf 78' lang='lat' dir='ltr'>contra</span> <span class='ocrx_word' id='word_1_976' title='bbox 1429 3306 1507 3336; x_wconf 86' lang='lat' dir='ltr'>vos,</span> <span class='ocrx_word' id='word_1_977' title='bbox 1533 3298 1710 3331; x_wconf 58' lang='lat' dir='ltr'>ardicam:</span> <span class='ocrx_word' id='word_1_978' title='bbox 1737 3301 1874 3342; x_wconf 84' lang='lat' dir='ltr'>exsurge</span> <span class='ocrx_word' id='word_1_979' title='bbox 1897 3298 2009 3340; x_wconf 89' lang='lat' dir='ltr'>Deus,</span> <span class='ocrx_word' id='word_1_980' title='bbox 2035 3300 2084 3343; x_wconf 76' lang='lat' dir='ltr'>ju·</span> 
     </span>
     <span class='ocr_line' id='line_1_134' title="bbox 1143 3346 2082 3392; baseline 0.005 -13"><span class='ocrx_word' id='word_1_981' title='bbox 1143 3346 1215 3380; x_wconf 83' lang='lat' dir='ltr'>dica</span> <span class='ocrx_word' id='word_1_982' title='bbox 1238 3346 1367 3379; x_wconf 88' lang='lat' dir='ltr'>causam</span> <span class='ocrx_word' id='word_1_983' title='bbox 1387 3355 1477 3379; x_wconf 87' lang='lat' dir='ltr'>tuam</span> <span class='ocrx_word' id='word_1_984' title='bbox 1502 3373 1509 3381; x_wconf 85' lang='lat'><strong>.</strong></span> <span class='ocrx_word' id='word_1_985' title='bbox 1550 3347 1682 3381; x_wconf 87' lang='lat' dir='ltr'>Memor</span> <span class='ocrx_word' id='word_1_986' title='bbox 1709 3346 1778 3380; x_wconf 84' lang='lat' dir='ltr'>esto</span> <span class='ocrx_word' id='word_1_987' title='bbox 1814 3348 2082 3392; x_wconf 83' lang='lat' dir='ltr'>improperiorum</span> 
     </span>
     <span class='ocr_line' id='line_1_135' title="bbox 1151 3395 2087 3444; baseline 0.004 -14"><span class='ocrx_word' id='word_1_988' title='bbox 1151 3406 1304 3436; x_wconf 84' lang='lat' dir='ltr'>tuorum,</span> <span class='ocrx_word' id='word_1_989' title='bbox 1330 3395 1364 3428; x_wconf 83' lang='lat'>&amp;</span> <span class='ocrx_word' id='word_1_990' title='bbox 1386 3395 1601 3438; x_wconf 81' lang='lat' dir='ltr'>injuriarum,</span> <span class='ocrx_word' id='word_1_991' title='bbox 1626 3407 1696 3439; x_wconf 80' lang='lat' dir='ltr'>qua·</span> <span class='ocrx_word' id='word_1_992' title='bbox 1717 3395 1735 3428; x_wconf 69' lang='lat' dir='ltr'>a</span> <span class='ocrx_word' id='word_1_993' title='bbox 1753 3395 1846 3441; x_wconf 90' lang='lat' dir='ltr'>Rege</span> <span class='ocrx_word' id='word_1_994' title='bbox 1857 3399 2087 3444; x_wconf 77' lang='lat' dir='ltr'>Anglorum&amp;</span> 
     </span>
    </p>
   </div>
   <div class='ocr_carea' id='block_1_7' title="bbox 1749 3445 2049 3485">
    <p class='ocr_par' dir='ltr' id='par_1_8' title="bbox 1749 3445 2049 3485">
     <span class='ocr_line' id='line_1_136' title="bbox 1749 3445 2049 3485; baseline -0.007 0"><span class='ocrx_word' id='word_1_995' title='bbox 1749 3445 1767 3479; x_wconf 76' lang='lat'>1</span> <span class='ocrx_word' id='word_1_996' title='bbox 1815 3457 1839 3485; x_wconf 90' lang='lat'>2</span> <span class='ocrx_word' id='word_1_997' title='bbox 1988 3450 2049 3483; x_wconf 84' lang='lat' dir='ltr'>suis</span> 
     </span>
    </p>
   </div>
  </div>
 </body>
</html>
