2358 3776
403 107 499 172 3&
1017 96 1562 149 EPISTthAE

323 194 396 241 eius
415 194 487 231 fieri
505 190 628 237 potest,
650 188 769 227 domos
786 188 820 228 sc
842 189 1049 235 pofleffiones
1060 189 1132 224 suas
1144 186 1254 234 Eccle-
1320 188 1440 228 versio,
1467 185 1663 232 poenitentia
1679 211 1691 229 ‚
1716 198 1790 223 vera
1802 187 1963 225 conscilio
1974 195 2167 234 ,accessam
2179 197 2257 232 sum,

318 243 530 284 tiaeMinistri
542 242 717 287 recipiant,
741 243 799 288 qui
811 242 929 286 poffint
946 239 1096 274 redeunti
1120 239 1252 274 necessa·
1317 237 1500 275 adveniam
1514 238 1784 284 promerendam.

321 296 373 334 tia
385 304 574 340 praeparare.
601 293 644 328 Et
655 303 691 328 ut
707 293 810 337 aliqui
828 291 870 325 de
889 288 1104 333 Magnaribus
1126 299 1215 325 terrae
1239 314 1251 330 ,

325 346 418 392 quod
431 346 612 391 Episcopos
623 344 781 388 quosdam
791 341 927 374 libenter
947 340 1087 374 facturos
1106 342 1171 375 esse
1183 350 1250 373 non

319 396 480 442 ambigo,
505 396 637 429 veniant
646 397 686 426 ad
699 389 1015 433 Archi-Episcopum
1033 399 1075 424 ex
1085 388 1248 425 Mandato

318 445 450 492 Regis,
472 439 1038 490 quieiconductum&securitatem
1060 440 1207 484 praestent
1234 464 1246 481 ,

316 506 356 532 ut
365 497 430 531 fine
440 494 677 538 impedimento
690 490 784 535 poffit
802 491 887 525 inter
907 499 964 524 eos
986 491 1212 525 reconciliatio
1235 514 1247 531 ‚
1317 510 1319 515 ν

310 556 413 591 prout
437 546 537 588 ipsam
560 540 907 581 antea-formaveritis,
934 539 1124 583 adimpleri.
1152 539 1246 575 Alio-

310 597 395 642 quin
417 592 740 636 Archi-Episcopus,
766 591 823 625 nisi
844 591 939 625 causa
961 590 1097 635 cognita
1118 589 1243 625 &secu-

307 647 407 682 xitate
417 653 549 687 accepta
559 665 570 682 ‚
588 642 716 677 nullum
727 640 903 686 ejusinibit
911 640 1120 685 colloquium
1133 665 1141 673 .
1164 640 1244 682 Etsi,

309 694 402 740 quod
422 694 464 729 de
489 693 659 738 prudentia
678 694 713 728 &
736 691 921 727 constantia
944 691 1045 726 vestra
1066 690 1154 726 credi
1173 702 1242 726 non

307 744 406 781 debet
418 770 429 786 ‚
456 745 531 779 Rex
547 755 607 779 vos
616 742 869 778 circumvenerit
878 752 935 776 aut
956 741 1156 786 compulerit
1170 765 1181 782 ‚
1206 750 1243 775 ut

292 794 345 830 -in
378 795 536 830 laefionem
570 794 720 830 Ecclefiae
750 802 808 827 aut
842 793 1095 836 proscriptorum
1119 790 1240 826 Christi

307 844 511 886 Mandatum
523 844 750 889 Apostolicum
761 842 928 877 excedatis
940 867 952 884 ,
970 841 1065 877 vobis
1076 839 1166 876 certo
1178 853 1241 876 cer-

304 894 374 930 tius
385 896 444 937 fit,
469 899 558 939 quod
570 893 673 928 Archi
685 894 898 937 -Episcopus
911 890 1120 927 nihileorum
1132 916 1143 932 ,
1170 903 1241 936 quae

302 944 349 982 fic
358 945 537 991 gesseritis,
562 955 669 980 ratum
681 943 836 982 habebit,
862 953 923 978 nee
933 953 1047 978 contra
1070 942 1244 980 consciunt

302 995 385 1031 tiam
398 997 488 1031 suam
499 996 636 1039 alicujus
654 994 842 1028 mortalium
861 993 1004 1028 consilio
1023 991 1204 1037 adquiescet
1228 991 1243 1025 .’

295 1045 474 1081 >comitem
486 1045 670 1090 Hugonem
682 1044 775 1079 vobis
787 1043 876 1079 nulla
890 1044 1018 1078 ratione
1041 1042 1119 1077 licet
1137 1041 1244 1076 absol-⁴

298 1104 396 1135 vere,
420 1096 496 1140 quia
508 1095 590 1129 nihil
604 1096 635 1130 ei
647 1106 723 1130 cum
733 1093 914 1129 causaista.
942 1092 997 1127 Ad
1018 1093 1086 1127 haec
1097 1103 1211 1128 cavete
1227 1118 1238 1134 ,

297 1154 342 1182 ne
353 1155 411 1180 vos
431 1145 650 1181 dilationibus
671 1144 838 1190 protrahat
849 1143 932 1178 ultra
954 1143 1154 1178 Mandatum
1168 1143 1236 1177 Do-

291 1196 383 1235 mini
396 1196 491 1240 Papoe
503 1221 513 1236 ,
539 1196 617 1241 quia
628 1196 723 1231 nullae
736 1196 811 1230 sunt
822 1193 877 1229 hic
887 1203 990 1238 partes
1005 1194 1112 1229 vestrae
1123 1219 1131 1228 .
1146 1190 1234 1228 Cum

294 1244 390 1280 vobis
406 1246 505 1281 fuerit
525 1246 952 1285 transfretandum,litteras
963 1244 1233 1289 originales,quas

295 1297 551 1340 recepistis,non
572 1296 722 1331 deferatis
734 1295 902 1329 vobiscum
924 1305 933 1336 ;
961 1294 1014 1328 sed
1034 1294 1238 1337 transcripta,

296 1347 374 1389 quia
390 1345 520 1380 infidias
532 1345 688 1378 inlittore
699 1343 851 1388 posuit&
867 1344 1093 1386 exploratores
1115 1343 1233 1388 gravis-

292 1395 395 1430 simos
408 1419 419 1435 ,
445 1395 503 1438 qui
525 1395 649 1429 litteras
668 1392 857 1435 hujusmodi
880 1394 1042 1436 praeripere
1061 1394 1233 1427 consueve-

295 1454 393 1482 tunt.
423 1443 497 1477 Vos
511 1445 603 1477 enim
623 1443 802 1486 originalia
822 1441 1006 1484 recepistis,
1030 1443 1066 1475 ἀ
1079 1443 1133 1484 ipsi
1148 1441 1232 1486 Regi

294 1493 512 1530 denunciavit
535 1490 704 1525 Dominus
722 1490 810 1534 Papa
831 1511 844 1530 ‚
888 1489 979 1533 quod
1002 1500 1062 1524 vos
1084 1490 1232 1523 missurus

294 1552 387 1579 erat.-
415 1553 475 1576 nec
497 1541 657 1575 tenemini
683 1565 694 1582 ,
721 1541 772 1574 sed
788 1550 848 1574 nec
860 1537 993 1583 expedit
1030 1562 1042 1580 ,
1068 1550 1103 1573 ut
1123 1539 1153 1574 ei
1165 1549 1231 1575 tam

293 1592 366 1628 cito
379 1593 584 1631 innotescat,
611 1590 774 1636 quidquid
789 1589 883 1624 vobis
893 1589 1007 1624 datum
1029 1589 1123 1623 estin
1138 1590 1236 1623 Man-

297 1643 403 1678 datis.
433 1643 476 1678 Et
486 1641 562 1685 quia
574 1642 736 1676 incertum
749 1640 794 1675 est
808 1665 819 1682 ,
839 1651 881 1674 an
893 1649 983 1674 metu
997 1639 1163 1673 sententia
1175 1640 1232 1674 im·

293 1693 452 1729 minentis
473 1692 569 1727 vobis
590 1691 725 1733 aliquod
736 1689 805 1724 cito
826 1689 983 1724 redeundi
1016 1690 1232 1733 paraturusfit

292 1742 566 1787 impedimentum
578 1765 589 1781 ,
616 1741 740 1774 necesse
749 1739 795 1774 est
807 1763 819 1780 ,
845 1740 866 1772 si
880 1739 984 1782 placet
995 1763 1006 1779 ,
1032 1739 1067 1772 dc
1079 1740 1101 1772 fi
1117 1740 1243 1780 vultis,-

292 1803 332 1829 ut
352 1801 508 1836 oportet,
531 1791 634 1825 causae
654 1789 836 1834 prospicere
855 1810 866 1827 ,
903 1787 1067 1832 quatenus
1089 1789 1230 1823 scribatis

273 1873 275 1875 .
290 1837 466 1886 Episcopis
476 1839 669 1875 cismarinis
677 1839 768 1883 juxta
778 1838 1034 1882 conceptionem
1047 1838 1228 1872 litteratum

290 1891 436 1929 Domini
446 1889 541 1933 Papae
552 1913 563 1930 ,
589 1888 806 1934 praecipiendo
819 1911 831 1929 ,
851 1891 888 1922 'ut
900 1899 955 1931 per
968 1887 1147 1922 Parochias
1159 1889 1229 1922 suas

288 1943 420 1980 Divina
432 1938 626 1986 prohibeant
638 1937 813 1978 celebrari,
839 1947 881 1972 ex
891 1947 959 1981 quo
969 1938 1127 1972 terminus
1141 1936 1228 1983 Regi

287 1992 442 2031 indultus
454 1991 579 2034 elapsus
605 1990 704 2026 fuerit
717 2013 729 2029 ,
753 1986 948 2031 easdemque
967 1986 1091 2021 litteras
1110 1985 1228 2020 vestras

285 2041 507 2080 committatis
518 2041 674 2076 Domino
683 2038 862 2075 Senonenfi
871 2063 882 2078 ‚
909 2037 966 2079 qui
981 2060 994 2077 ,
1006 2036 1083 2071 cum
1095 2047 1143 2070 res
1153 2047 1227 2070 exe-

287 2092 393 2140 gerit,
421 2090 628 2137 procurabit,
654 2098 691 2124 ut
717 2088 856 2123 vestrum
869 2085 1066 2122 Mandatum
1078 2086 1227 2130 publice—

289 2153 362 2180 tur.
384 2142 464 2176 Hoc
473 2142 574 2177 etiam
587 2138 673 2185 apud
687 2139 817 2185 Regem
829 2136 1007 2182 plurimum
1020 2136 1126 2171 valere
1137 2147 1225 2181 pote·

287 2193 336 2232 rit
346 2216 359 2234 ,
382 2193 404 2228 fi
415 2191 471 2226 sibi
484 2192 670 2237 persuasum
687 2190 787 2224 fuerit
799 2213 812 2230 ‚
836 2186 926 2231 quod
939 2186 1107 2221 necessitas
1119 2187 1226 2221 immi·

287 2251 367 2279 neat
390 2241 585 2277 cismarinis
603 2241 776 2285 Episcopis
792 2263 802 2279 ,
834 2236 1034 2273 Mandatum
1059 2236 1225 2279 Apostoli-

284 2303 388 2331 cum,
413 2289 575 2334 quidquid
596 2291 694 2325 vobis
715 2288 842 2323 accidat
860 2310 871 2326 ‚
894 2284 1080 2327 exequendi
1106 2308 1114 2316 .
1140 2284 1224 2319 Sane

285 2339 664 2389 quotiescumque-vobis
679 2349 756 2372 cum
769 2337 899 2380 praefato
912 2334 1005 2378 Rege
1014 2345 1057 2367 ex
1067 2344 1224 2376 quacum·

284 2404 351 2441 que
364 2392 460 2427 causa
470 2389 569 2424 fuerit
579 2385 863 2425 contrahendum,
891 2384 1024 2419 redeant
1045 2382 1081 2418 in
1101 2394 1224 2418 memo-

283 2445 367 2481 riam
379 2439 515 2476 vestram
527 2439 654 2473 Fratres
662 2435 800 2478 Templi
811 2435 844 2468 ἀ
867 2433 1081 2469 Xenodochii
1102 2433 1222 2469 Hiero-

273 2489 505 2537 ‘solymitanh
532 2486 724 2522 Cardinales
743 2485 776 2518 dt
798 2484 926 2519 Nuncii
937 2483 1079 2520 Domini
1092 2483 1187 2528 Papae
1212 2509 1222 2525 ,

286 2540 530 2578 Carthufienses
549 2538 583 2573 ἅ
606 2534 888 2572 Grandimontani
902 2559 913 2576 ,
949 2534 1221 2569 cistercienses&

287 2586 444 2638 Episcopi
455 2600 545 2625 terrae
565 2588 646 2629 suae,
670 2596 755 2631 quos
776 2585 937 2619 omnesin
949 2584 1042 2618 variis
1053 2586 1220 2623 contraisti-

286 2644 348 2681 bus
358 2666 370 2683 ,
390 2642 474 2676 dum
483 2640 619 2683 propriae
632 2635 812 2671 voluntatis
821 2644 1033 2680 quocumque
1044 2634 1145 2670 modo
1158 2645 1219 2669 ma·

287 2692 394 2728 iitiam
405 2688 597 2732 adimpleret
610 2710 622 2728 ,
646 2686 703 2720 etsi
717 2684 782 2720 hoc
793 2684 984 2728 plerumque
1006 2695 1076 2720 non
1096 2696 1219 2720 merue-

287 2744 376 2780 rint,
403 2737 599 2774 notarifecit
619 2737 774 2770 infamia.
801 2735 835 2769 si
858 2735 1034 2779 quaesierit,
1059 2746 1101 2769 an
1123 2735 1217 2771 dere-

288 2792 349 2830 bus
361 2788 479 2825 ablatis
499 2788 534 2821 &
556 2785 796 2830 illatisinjuriis
812 2796 922 2829 pacem
938 2785 975 2820 fit
1000 2795 1155 2829 perpetuo
1164 2783 1217 2820 ha·
1239 2827 1241 2831 Ἰ

289 2841 437 2882 biturus,
456 2839 481 2873 si
501 2836 821 2880 Archi-Episcopum
833 2859 845 2876 ,
872 2846 908 2870 ut
928 2835 1053 2871 dietum
1076 2835 1122 2870 est
1135 2860 1146 2876 ,
1172 2847 1218 2871 re-

289 2890 453 2927 vocaverit
464 2913 477 2930 ,
502 2886 693 2924 intimateei
707 2909 719 2927 ,
744 2896 778 2920 ut
789 2896 848 2919 nec
859 2885 952 2919 vobis
967 2897 1027 2922 nec
1039 2886 1096 2921 alii
1107 2886 1216 2921 credat

290 2943 323 2977 se
340 2940 421 2975 citra
440 2936 669 2984 poenitentiam
689 2935 730 2972 ab
751 2935 870 2979 aliquo
884 2935 1058 2972 hominum
1070 2937 1157 2980 poffe
1167 2937 1215 2971 ab·

290 2991 399 3031 solvi,
424 2998 480 3025 aut
504 2988 631 3022 veniam
652 2986 840 3031 promereti.
874 2986 963 3020 Nam
986 2987 1020 3021 in
1034 2987 1218 3032 Evangelio

292 3038 470 3077 secundnm
484 3038 610 3073 Lucam
621 3037 666 3071 ait
678 3037 866 3072 Dominus:
893 3037 1043 3070 Attendite
1064 3036 1149 3070 vobis
1162 3060 1174 3078 ,
1196 3035 1223 3078 fi

290 3094 461 3138 peccaverit
470 3093 504 3124 in
513 3095 543 3122 re
552 3090 664 3121 Frater
677 3097 748 3121 tuus
767 3110 779 3127 ‚
803 3091 923 3127 increpa
946 3086 1050 3127 illum,
1078 3089 1113 3121 (9-
1127 3086 1217 3130 fipoe-

294 3146 453 3178 nitentium
465 3142 577 3182 egerit,
603 3139 721 3174 dimitte
733 3137 779 3170 illl
792 3161 800 3170 .
827 3133 896 3176 Etsi
906 3132 1020 3179 septies
1042 3141 1075 3169 in
1094 3138 1143 3172 die
1153 3148 1216 3171 con·

1487 314 1906 376 netsToLA
1987 341 2081 378 xm

1429 420 1577 486 Joaennes
1596 438 1827 483 Saresberienfis
1853 442 1974 475 cuidam
2010 446 2129 478 Amico.

1408 538 1632 577 Evo‘rioN
1639 540 1708 574 EM
1720 565 1733 582 ‚
1756 552 1855 585 quam
1870 539 1997 578 habetis
2010 543 2052 579 ad
2065 554 2139 585 me,
2156 544 2255 580 Nun·

1429 591 1500 625 cius
1518 590 1621 626 vester
1644 591 1829 637 diligenter
1849 595 2025 637 exposuit,
2049 594 2083 628 ἃ.
2106 605 2160 629 me
2181 607 2252 631 non

1309 637 1514 676 mediocriter
1533 639 1574 675 ad
1598 640 1783 676 referendas
1794 642 1913 687 gratias
1927 668 1938 685 ,
1964 643 2127 688 quantum
2148 643 2254 680 verbis

1307 689 1441 732 putuit,
1464 690 1646 737 obligavit.
1677 691 1871 728 Cum-enim
1884 704 1937 728 me
1949 705 2045 729 tanto
2056 694 2149 729 exilii
2170 703 2254 731 tem·

1308 749 1386 782 pore
1396 748 1518 776 veteres
1528 742 1640 776 Amici
1654 742 1785 786 prorsus
1802 744 1975 779 omiserint
2000 745 2034 779 dt
2052 746 2253 789 contempse-

1307 789 1396 831 rint,
1422 790 1474 825 illi
1487 791 1672 836 quisaitem
1686 791 1772 828 bona
1786 793 1883 829 verba
1895 794 1955 830 sub
1978 792 2041 830 hac
2055 795 2251 839 tempestate

1306 839 1491 885 proscriptis
1504 843 1754 878 communicant-
1769 842 1820 877 his
1832 867 1844 886 ,
1869 854 1956 888 quos
1967 845 2024 880 alii
2047 845 2250 890 contempse-

1304 898 1380 923 runt
1392 914 1404 931 ,
1430 892 1604 935 prasertim
1618 892 1696 928 cum
1711 893 1846 929 facultas
1857 903 1928 929 non
1948 896 2096 939 suppetat
2106 919 2118 936 ,
2140 905 2180 930 ut
2191 905 2249 932 eos

1303 949 1401 983 opere
1421 942 1658 983 consolentur,
1687 943 1870 978 amicitiam
1893 954 1994 996 ¹prout
2019 946 2174 988 possunt,
2202 937 2251 981 vi-

1302 989 1420 1025 dentur
1440 992 1572 1033 colerae
1592 992 1631 1026 dt
1655 992 1848 1029 ulteriorem
1862 994 2011 1038 gratiam
2037 995 2216 1039 promereri
2241 1020 2250 1029 .

1302 1039 1472 1084 Siquidem
1480 1042 1568 1076 ratio
1579 1050 1649 1077 nou
1662 1041 1771 1077 minus
1785 1043 1979 1077 animorum
1991 1066 2002 1083 ,
2026 1046 2129 1087 quam
2140 1052 2248 1081 rerum

1303 1091 1413 1134 pensat
1426 1091 1620 1134 impendia,
1643 1093 1820 1137 censetque
1832 1091 2074 1137 preponderare
2094 1094 2249 1138 lancem,

1302 1151 1374 1183 quae
1391 1141 1529 1176 solidata
1540 1140 1704 1177 charit-te
1713 1138 1879 1186 repletur,
1904 1141 1939 1177 δε
1960 1153 2031 1187 quae
2056 1149 2163 1177 rerum
2172 1144 2254 1178 levi·

1302 1200 1400 1226 tatem
1412 1192 1536 1235 praefert
1547 1216 1559 1235 ,
1584 1193 1622 1227 ’δε
1636 1190 1714 1227 fistae
1725 1193 1911 1228 dileaionis
1932 1193 2125 1228 umbratiles
2143 1194 2249 1228 osten*

1301 1241 1545 1287 ratimagines‚
1572 1242 1739 1287 suspendit
1753 1244 1789 1278 in
1802 1255 1914 1291 auras.
1943 1243 2153 1278 Perseverate
2163 1243 2255 1289 ergo„

1301 1292 1334 1324 in
1359 1302 1401 1324 eo
1422 1291 1514 1335 quod
1535 1292 1674 1326 fideliter
1693 1293 1859 1338 incepistis
1878 1318 1891 1334 ‚
1926 1294 1961 1329 dt
1982 1291 2206 1329 devotionem
2227 1318 2242 1337 ,

1299 1341 1399 1384 quam
1419 1340 1508 1375 Patri
1534 1341 1642 1375 vestro
1663 1341 1789 1376 debetis
1807 1340 1842 1377 ἁ
1867 1344 2015 1378 Ecclefiae
2038 1339 2204 1379 laboranti
2229 1355 2244 1387 ·,

1299 1392 1463 1425 continua
1483 1389 1653 1425 eharitatis
1662 1390 1873 1428 exhibitione
1884 1416 1897 1434 ‚
1923 1394 2055 1438 quoties
2072 1394 2245 1440 fueritop·

1300 1450 1479 1482 portunum
1494 1463 1505 1479 ,
1533 1441 1675 1483 proferte
1696 1442 1731 1473 in
1754 1442 1861 1475 lucem
1885 1465 1897 1480 ,
1932 1452 1970 1476 ut
1992 1450 2061 1476 tam
2076 1444 2100 1476 ’λ
2124 1443 2206 1478 Deo
2228 1457 2246 1485 ,

1300 1490 1397 1532 quam
1410 1488 1538 1533 abipso
1548 1486 1832 1533 Archi-Episcopo
1855 1489 1947 1524 vobis
1960 1491 1996 1523 in
2021 1489 2242 1528 retributione

1299 1538 1392 1572 uberi
1405 1538 1636 1582 respondeatur
1649 1547 1708 1583 pro
1729 1540 1875 1574 meritis.
1906 1539 2015 1587 Qiod
2034 1540 2112 1574 Deo
2133 1541 2243 1584 propi-

1299 1588 1402 1623 tiante
1411 1588 1557 1624 futurum
1570 1590 1711 1633 speratur
1722 1590 1756 1623 in
1770 1588 1862 1624 brevi
1874 1610 1887 1628 ,
1911 1591 1995 1633 quia
2010 1582 2240 1626 ndncreditut

1297 1639 1382 1682 apud
1402 1649 1463 1673 nos
1477 1663 1488 1679 ‚
1513 1639 1604 1683 quod
1626 1650 1688 1683 pax
1707 1639 1854 1674 Eccleliae
1875 1640 1933 1674 diu
1956 1639 2080 1674 differri
2103 1639 2205 1684 poffit
2219 1652 2242 1688 ’ς

1297 1686 1351 1723 sed
1365 1689 1399 1724 dc
1411 1687 1497 1724 hanc
1508 1688 1549 1724 ad
1560 1688 1724 1724 honorem
1746 1689 1811 1724 Dei
1833 1691 1867 1725 ἀ
1891 1689 2041 1725 Ecclessz
2054 1689 2241 1736 utilitatem

1297 1740 1440 1773 creditur
1450 1748 1680 1783 proventuram
1697 1764 1708 1781 ,
1735 1751 1805 1774 non
1817 1749 1854 1774 ut
1866 1740 2002 1783 quidam
2015 1740 2246 1786 mentitijsunt

1296 1788 1330 1821 in
1341 1789 1570 1823 confusionem
1583 1789 1625 1821 D.
1636 1789 1881 1825 Cantuarienfis
1894 1814 1904 1830 ‚
1930 1791 1964 1824 &
1973 1799 2089 1824 eorum
2103 1791 2242 1834 quipr'o

1294 1837 1413 1880 justitia
1436 1838 1606 1872 decrevere
1628 1847 1768 1880 ponere,
1795 1840 1817 1872 si
1840 1849 1921 1881 opus
1944 1840 2041 1873 fuerit
2063 1863 2077 1880 ,
2107 1839 2240 1875 animas

1295 1889 1384 1921 snas.
1411 1887 1486 1922 Nec
1510 1887 1689 1933 doleatissi
1711 1885 2029 1933 Archi-Episcopus
2053 1886 2246 1930 Rothoma'·

1295 1947 1318 1981 g
1360 1938 1400 1971 sis
1421 1939 1454 1971 ἀ
1477 1932 1657 1982 Episcopus
1677 1937 1889 1973 Nivernenlis
1914 1938 1949 1973 in
1969 1939 2132 1984 Angliam
2145 1940 2242 1975 vene*-

1293 1988 1343 2019 rin
1360 2011 1381 2028 Ἰ,
1407 1996 1492 2030 quos
1503 1987 1582 2020 sicut
1594 1996 1654 2030 pro
1667 1987 1807 2021 Ecclesia
1819 1987 1999 2030 plurimum
2014 2012 2026 2028 ,
2051 1989 2098 2024 ita
2118 1986 2238 2024 contra

1293 2038 1366 2081 eam*
1378 2037 1427 2070 vel
1441 2037 1484 2070 D.
1498 2035 1767 2071 Cantuariensem
1783 2045 1840 2072 aut
1864 2038 1960 2079 suos,
1987 2038 2073 2072 nihil
2093 2037 2239 2081 omnino

1292 2135 1424 2177 dimus,
1449 2137 1530 2180 quin
1550 2137 1662 2180 potitis
1685 2135 1774 2179 quod
1796 2136 1968 2172 honestam
1985 2146 2097 2181 pacem
2116 2137 2236 2173 &uti-

1291 2186 1355 2219 lem
1369 2188 1448 2221 totis
1461 2186 1584 2221 viribus
1595 2185 1792 2221 laborabunt
1803 2211 1811 2219 .
1833 2187 1921 2221 :Haee
1932 2186 2037 2230 scripsi
2052 2210 2063 2227 ,
2078 2197 2123 2221 ne
2134 2187 2233 2222 Nun·

1291 2236 1332 2268 cii
1355 2237 1449 2271 vestri
1465 2236 1575 2271 videar
1584 2237 1809 2280 contempsisse
1819 2237 2025 2276 sermonem,
2049 2237 2235 2281 quiad‘ob-

1291 2287 1436 2329 sequium
1464 2287 1628 2329 vestrum,
1655 2286 1713 2322 ubi
1737 2286 1874 2323 facultas
1894 2283 2057 2335 adfuerit,
2083 2287 2156 2322 sum
2180 2296 2234 2333 pa·

1290 2341 1375 2370 rarus
1389 2337 1422 2371 in
1437 2335 1591 2372 Domino
1601 2359 1610 2370 .

1463 2432 1880 2470 EPISTULA
1958 2435 2055 2470 xlv.

1385 2538 1454 2570 Rex
1463 2535 1579 2580 Angllae
1590 2533 1818 2581 Rotbomaegmfi
1824 2533 1916 2569 Archi
1928 2552 1940 2562 -
1952 2532 2101 2578 Episcopo
2118 2557 2127 2568 .
2171 2584 2174 2587 Δ

1384 2635 1412 2670 Β
1425 2635 1530 2669 vestro
1540 2658 1552 2675 ‚
1575 2634 1783 2682 aliorumque
1796 2633 1943 2669 fidelium
1957 2633 2122 2668 Baronum
2133 2642 2226 2670 meo.

1407 2696 1480 2720 rum
1491 2684 1648 2725 consilio,
1677 2685 1765 2728 pacis
1777 2682 1989 2720 reformanda
2014 2683 2099 2718 inter
2121 2691 2175 2718 me
2189 2684 2225 2720 dt

1284 2735 1604 2779 Archi-Episcopum
1626 2735 1897 2770 Cantuariensem
1919 2735 2097 2777 susceptam
2120 2753 2132 2771 2
2155 2734 2228 2770 fot-

1284 2796 1373 2821 mam
1398 2786 1550 2821 Domino
1573 2785 1688 2828 Papae,
1716 2784 1859 2819 Nurrc'iis
1870 2785 1913 2821 ²&
1925 2784 2038 2819 litteris
2052 2783 2229 2859 meisinsy

1284 2837 1401 2881 nuayi.
1428 2835 1499 2880 Ipse
1509 2860 1521 2877 ,
1532 2835 1614 2870 ficut
1624 2835 1758 2879 persnas
1772 2833 1854 2869 mihi
1864 2833 2198 2880 litteraslignificavit
2208 2858 2220 2875 ,

1285 2898 1356 2923 eam
1368 2895 1595 2926 cumtenore,
1620 2885 1716 2928 quoa
1729 2883 1966 2927 vestropnodiit
1988 2883 2151 2925 consilio,
2173 2884 2224 2918 ei-

1284 2948 1346 2982 que
1355 2948 1397 2971 ex
1410 2947 1496 2979 parte
1509 2935 1607 2969 vestra
1625 2934 1728 2969 fuerat
1749 2933 1930 2978 significata
1942 2958 1954 2975 ,
1981 2933 2120 2977 suscepit
2139 2943 2219 2969 cum

1283 2986 1459 3033 gratiarum
1473 2986 1622 3025 afflone,
1648 2983 1755 3027 palim
1772 2981 1951 3025 mandans,
1977 2993 2117 3018 monens
2130 3009 2141 3024 ‚
2152 2984 2225 3027 sup0

1284 3038 1432 3082 plicans,
1469 3037 1502 3071 δι
1529 3035 1663 3070 suadens
1682 3032 1843 3067 attentius
1866 3057 1879 3074 ‚
1904 3040 1942 3068 ut
1964 3033 2055 3068 illam
2075 3032 2219 3078 exequar

1284 3087 1486 3123 mediatione
1507 3086 1605 3120 vestu
1626 3084 1660 3118 dt
1682 3083 1896 3118 Nivernenfis
1919 3082 2094 3128 Episcopi.
2123 3082 2221 3125 lilani

1283 3139 1393 3203 itaque
1406 3136 1502 3171 vobis
1512 3132 1731 3172 mediantibus
1742 3132 1837 3177 plene
1849 3134 1883 3169 &
1907 3133 2049 3168 libenter
2072 3133 2219 3176 comple-

295 3189 400 3237 versus
405 3189 501 3235 suerit
510 3188 554 3222 ad
563 3197 611 3228 re,
636 3189 738 3222 dicens
755 3192 884 3230 poenim
904 3196 972 3226 me,
996 3187 1115 3220 dimitte
1135 3189 1184 3221 illl
1207 3212 1215 3220 .
1283 3189 1349 3235 bo,
1373 3186 1560 3222 nullatenus
1579 3183 1801 3219 declinaturus
1822 3183 1964 3219 formam
1992 3183 2098 3217 vestro
2107 3181 2218 3216 conli-

294 3237 568 3285 Poeniteatergo,
592 3238 615 3271 fi
630 3237 734 3272 vestro
745 3237 795 3270 vel
807 3234 1118 3271 alienosruauosam
1141 3236 1221 3271 defi·
1281 3238 1335 3273 lio'
1369 3237 1587 3282 propositam,
1612 3233 1691 3270 teste
1727 3232 1899 3270 Richardo
1933 3231 1974 3270 de
1999 3232 2103 3277 Luci,
2127 3230 2222 3278 apud·

295 3292 385 3326 derat
397 3301 508 3335 pacem
522 3302 535 3324 .-
559 3287 634 3333 quia
648 3311 660 3328 ,
685 3296 721 3321 ut
731 3287 778 3321 ait
796 3285 997 3329 Apostolus,
1022 3287 1095 3320 nulli
1115 3296 1218 3320 contra
1284 3286 1629 3325 Westrnonasserium.

296 3346 455 3378 veritatem
464 3340 581 3383 aliquid
592 3339 673 3372 licet.
701 3337 777 3372 Nec
788 3336 932 3370 omnino
951 3336 1130 3371 dimittitur
1141 3348 1216 3380 pec-

295 3398 427 3430 catum,
450 3391 509 3424 nili
522 3414 533 3430 ,
557 3387 633 3423 cum
651 3387 785 3422 facultas
798 3385 879 3420 adlit
891 3410 902 3426 ,
928 3388 1110 3421 restituatur
1132 3386 1216 3421 abla-

297 3450 389 3478 tum.
417 3438 488 3475 Aut
498 3440 586 3475 enim
600 3437 691 3474 verba
701 3435 828 3474 Christi
839 3436 1036 3482 superfluunt
1047 3461 1057 3480 ,
1075 3446 1129 3473 aut
1140 3447 1215 3472 con·
2054 3480 2085 3518 Β
2099 3477 2151 3516 Ν

1294 2082 1381 2129 posse
1392 2086 1601 2120 certiffimum
1612 2086 1659 2120 est
1673 2112 1679 2119 .
1709 2087 1772 2122 Sed
1791 2096 1857 2122 'nec
1867 2097 1925 2121 eos
1936 2087 2018 2121 velle
2041 2097 2160 2122 nocere
2171 2090 2250 2130 ere?
2296 2121 2299 2125 .
