<?xml version="1.0" encoding="UTF-8"?>
<!DOCTYPE html PUBLIC "-//W3C//DTD XHTML 1.0 Transitional//EN"
    "http://www.w3.org/TR/xhtml1/DTD/xhtml1-transitional.dtd">
<html xmlns="http://www.w3.org/1999/xhtml" xml:lang="en" lang="en">
 <head>
  <title>
</title>
<meta http-equiv="Content-Type" content="text/html;charset=utf-8" />
  <meta name='ocr-system' content='tesseract 3.04.00' />
  <meta name='ocr-capabilities' content='ocr_page ocr_carea ocr_par ocr_line ocrx_word'/>
</head>
<body>
  <div class='ocr_page' id='page_1' title='image "./operaomniastudio10lupuuoft/operaomniastudio10lupuuoft_0294.png"; bbox 0 0 2358 3776; ppageno 0'>
   <div class='ocr_carea' id='block_1_1' title="bbox 267 208 1216 706">
    <p class='ocr_par' dir='ltr' id='par_1_1' title="bbox 267 208 1216 706">
     <span class='ocr_line' id='line_1_1' title="bbox 275 208 1215 255; baseline -0.011 -4"><span class='ocrx_word' id='word_1_1' title='bbox 275 214 471 250; x_wconf 69' lang='lat' dir='ltr'>Clementiae</span> <span class='ocrx_word' id='word_1_2' title='bbox 481 211 610 244; x_wconf 79' lang='lat' dir='ltr'>vestrae.</span> <span class='ocrx_word' id='word_1_3' title='bbox 638 208 727 244; x_wconf 81' lang='lat' dir='ltr'>Nam</span> <span class='ocrx_word' id='word_1_4' title='bbox 750 219 869 255; x_wconf 84' lang='lat' dir='ltr'>magna</span> <span class='ocrx_word' id='word_1_5' title='bbox 881 219 951 253; x_wconf 86' lang='lat' dir='ltr'>pars</span> <span class='ocrx_word' id='word_1_6' title='bbox 962 209 1215 253; x_wconf 86' lang='lat' dir='ltr'>proscriptorum</span> 
     </span>
     <span class='ocr_line' id='line_1_2' title="bbox 274 258 1215 306; baseline -0.009 -6"><span class='ocrx_word' id='word_1_7' title='bbox 274 264 419 304; x_wconf 83' lang='lat' dir='ltr'>Christi,</span> <span class='ocrx_word' id='word_1_8' title='bbox 439 274 496 306; x_wconf 88' lang='lat' dir='ltr'>pro</span> <span class='ocrx_word' id='word_1_9' title='bbox 508 258 572 295; x_wconf 88' lang='lat' dir='ltr'>fide</span> <span class='ocrx_word' id='word_1_10' title='bbox 582 259 773 297; x_wconf 83' lang='lat' dir='ltr'>&amp;libertate</span> <span class='ocrx_word' id='word_1_11' title='bbox 786 260 936 294; x_wconf 73' lang='lat' dir='ltr'>Ecclesia:</span> <span class='ocrx_word' id='word_1_12' title='bbox 949 259 1215 301; x_wconf 82' lang='lat' dir='ltr'>agonizantium,</span> 
     </span>
     <span class='ocr_line' id='line_1_3' title="bbox 272 308 1216 353; baseline -0.006 -4"><span class='ocrx_word' id='word_1_13' title='bbox 272 315 317 349; x_wconf 87' lang='lat' dir='ltr'>de</span> <span class='ocrx_word' id='word_1_14' title='bbox 328 313 461 348; x_wconf 90' lang='lat' dir='ltr'>Mundo</span> <span class='ocrx_word' id='word_1_15' title='bbox 474 311 594 349; x_wconf 72' lang='lat' dir='ltr'>sublata</span> <span class='ocrx_word' id='word_1_16' title='bbox 605 309 650 344; x_wconf 84' lang='lat' dir='ltr'>est</span> <span class='ocrx_word' id='word_1_17' title='bbox 662 334 673 352; x_wconf 85' lang='lat'>,</span> <span class='ocrx_word' id='word_1_18' title='bbox 696 311 729 345; x_wconf 70' lang='grc' dir='ltr'>ἃ</span> <span class='ocrx_word' id='word_1_19' title='bbox 741 310 825 353; x_wconf 84' lang='lat' dir='ltr'>apud</span> <span class='ocrx_word' id='word_1_20' title='bbox 839 308 971 343; x_wconf 86' lang='lat' dir='ltr'>Patrem</span> <span class='ocrx_word' id='word_1_21' title='bbox 984 308 1216 344; x_wconf 82' lang='lat' dir='ltr'>misericordia-</span> 
     </span>
     <span class='ocr_line' id='line_1_4' title="bbox 273 356 1210 409; baseline -0.007 -10"><span class='ocrx_word' id='word_1_22' title='bbox 273 376 347 399; x_wconf 83' lang='lat' dir='ltr'>rum</span> <span class='ocrx_word' id='word_1_23' title='bbox 359 362 526 409; x_wconf 87' lang='lat' dir='ltr'>sanguinis</span> <span class='ocrx_word' id='word_1_24' title='bbox 547 360 617 402; x_wconf 89' lang='lat' dir='ltr'>sui,</span> <span class='ocrx_word' id='word_1_25' title='bbox 642 361 699 404; x_wconf 90' lang='lat' dir='ltr'>qui</span> <span class='ocrx_word' id='word_1_26' title='bbox 721 358 836 402; x_wconf 76' lang='lat' dir='ltr'>injuste</span> <span class='ocrx_word' id='word_1_27' title='bbox 858 358 977 391; x_wconf 85' lang='lat' dir='ltr'>effusus</span> <span class='ocrx_word' id='word_1_28' title='bbox 1000 356 1067 398; x_wconf 88' lang='lat' dir='ltr'>est,</span> <span class='ocrx_word' id='word_1_29' title='bbox 1095 359 1210 403; x_wconf 87' lang='lat' dir='ltr'>implo-</span> 
     </span>
     <span class='ocr_line' id='line_1_5' title="bbox 269 406 1211 452; baseline -0.005 -4"><span class='ocrx_word' id='word_1_30' title='bbox 269 423 324 448; x_wconf 78' lang='lat' dir='ltr'>rat</span> <span class='ocrx_word' id='word_1_31' title='bbox 345 413 524 448; x_wconf 86' lang='lat' dir='ltr'>ultionem.</span> <span class='ocrx_word' id='word_1_32' title='bbox 551 411 633 452; x_wconf 76' lang='lat'>1112,</span> <span class='ocrx_word' id='word_1_33' title='bbox 659 419 695 442; x_wconf 90' lang='lat' dir='ltr'>ut</span> <span class='ocrx_word' id='word_1_34' title='bbox 714 406 912 442; x_wconf 83' lang='lat' dir='ltr'>confidimus</span> <span class='ocrx_word' id='word_1_35' title='bbox 925 431 936 447; x_wconf 94' lang='lat'>‚</span> <span class='ocrx_word' id='word_1_36' title='bbox 963 407 1084 441; x_wconf 87' lang='lat' dir='ltr'>adsistit</span> <span class='ocrx_word' id='word_1_37' title='bbox 1104 409 1211 443; x_wconf 89' lang='lat' dir='ltr'>vultui</span> 
     </span>
     <span class='ocr_line' id='line_1_6' title="bbox 272 457 1210 505; baseline -0.004 -8"><span class='ocrx_word' id='word_1_38' title='bbox 272 462 364 505; x_wconf 86' lang='lat' dir='ltr'>Dei,</span> <span class='ocrx_word' id='word_1_39' title='bbox 388 459 641 504; x_wconf 87' lang='lat' dir='ltr'>nosquirefidui</span> <span class='ocrx_word' id='word_1_40' title='bbox 652 460 784 498; x_wconf 90' lang='lat' dir='ltr'>sumus,</span> <span class='ocrx_word' id='word_1_41' title='bbox 810 457 988 491; x_wconf 87' lang='lat' dir='ltr'>adventum</span> <span class='ocrx_word' id='word_1_42' title='bbox 999 467 1055 492; x_wconf 86' lang='lat' dir='ltr'>aut</span> <span class='ocrx_word' id='word_1_43' title='bbox 1069 461 1210 493; x_wconf 82' lang='lat' dir='ltr'>vocatio·</span> 
     </span>
     <span class='ocr_line' id='line_1_7' title="bbox 271 507 1211 553; baseline -0.006 -7"><span class='ocrx_word' id='word_1_44' title='bbox 271 523 349 548; x_wconf 87' lang='lat' dir='ltr'>nem</span> <span class='ocrx_word' id='word_1_45' title='bbox 369 512 513 548; x_wconf 84' lang='lat' dir='ltr'>Domini</span> <span class='ocrx_word' id='word_1_46' title='bbox 535 508 752 553; x_wconf 75' lang='lat' dir='ltr'>praestolantes</span> <span class='ocrx_word' id='word_1_47' title='bbox 770 531 781 548; x_wconf 94' lang='lat'>‚</span> <span class='ocrx_word' id='word_1_48' title='bbox 807 507 940 542; x_wconf 86' lang='lat' dir='ltr'>interim</span> <span class='ocrx_word' id='word_1_49' title='bbox 962 517 1083 551; x_wconf 88' lang='lat' dir='ltr'>quanta</span> <span class='ocrx_word' id='word_1_50' title='bbox 1108 510 1211 550; x_wconf 79' lang='lat' dir='ltr'>possu-</span> 
     </span>
     <span class='ocr_line' id='line_1_8' title="bbox 269 554 1208 606; baseline -0.006 -9"><span class='ocrx_word' id='word_1_51' title='bbox 269 554 340 597; x_wconf 84' lang='lat' dir='ltr'>mus</span> <span class='ocrx_word' id='word_1_52' title='bbox 353 559 588 606; x_wconf 84' lang='lat' dir='ltr'>supplicatione</span> <span class='ocrx_word' id='word_1_53' title='bbox 599 558 779 593; x_wconf 85' lang='lat' dir='ltr'>clamamus</span> <span class='ocrx_word' id='word_1_54' title='bbox 790 557 830 591; x_wconf 92' lang='lat' dir='ltr'>ad</span> <span class='ocrx_word' id='word_1_55' title='bbox 846 569 904 592; x_wconf 89' lang='lat' dir='ltr'>vos</span> <span class='ocrx_word' id='word_1_56' title='bbox 917 582 927 597; x_wconf 93' lang='lat'>,</span> <span class='ocrx_word' id='word_1_57' title='bbox 953 567 989 590; x_wconf 88' lang='lat' dir='ltr'>ut</span> <span class='ocrx_word' id='word_1_58' title='bbox 1002 556 1102 591; x_wconf 87' lang='lat' dir='ltr'>vestra</span> <span class='ocrx_word' id='word_1_59' title='bbox 1115 559 1208 594; x_wconf 83' lang='lat' dir='ltr'>inter·</span> 
     </span>
     <span class='ocr_line' id='line_1_9' title="bbox 267 607 1206 652; baseline -0.005 -4"><span class='ocrx_word' id='word_1_60' title='bbox 267 613 403 648; x_wconf 83' lang='lat' dir='ltr'>cedente</span> <span class='ocrx_word' id='word_1_61' title='bbox 414 610 572 645; x_wconf 86' lang='lat' dir='ltr'>industria</span> <span class='ocrx_word' id='word_1_62' title='bbox 584 607 742 652; x_wconf 83' lang='lat' dir='ltr'>justitiam</span> <span class='ocrx_word' id='word_1_63' title='bbox 754 609 843 642; x_wconf 88' lang='lat' dir='ltr'>suam</span> <span class='ocrx_word' id='word_1_64' title='bbox 866 607 1007 641; x_wconf 74' lang='lat' dir='ltr'>Ecclesia</span> <span class='ocrx_word' id='word_1_65' title='bbox 1030 609 1206 652; x_wconf 89' lang='lat' dir='ltr'>consequa·</span> 
     </span>
     <span class='ocr_line' id='line_1_10' title="bbox 267 657 1210 706; baseline -0.005 -9"><span class='ocrx_word' id='word_1_66' title='bbox 267 673 321 697; x_wconf 90' lang='lat' dir='ltr'>tur</span> <span class='ocrx_word' id='word_1_67' title='bbox 341 662 376 697; x_wconf 72' lang='grc' dir='ltr'>ὃ(</span> <span class='ocrx_word' id='word_1_68' title='bbox 402 672 532 706; x_wconf 84' lang='lat' dir='ltr'>pacem.</span> <span class='ocrx_word' id='word_1_69' title='bbox 562 660 717 706; x_wconf 77' lang='lat' dir='ltr'>Quanam</span> <span class='ocrx_word' id='word_1_70' title='bbox 741 657 816 700; x_wconf 87' lang='lat' dir='ltr'>juris</span> <span class='ocrx_word' id='word_1_71' title='bbox 839 658 1074 702; x_wconf 84' lang='lat' dir='ltr'>consequentia</span> <span class='ocrx_word' id='word_1_72' title='bbox 1100 658 1210 693; x_wconf 80' lang='lat' dir='ltr'>relide-</span> 
     </span>
    </p>
   </div>
   <div class='ocr_carea' id='block_1_2' title="bbox 267 707 1235 757">
    <p class='ocr_par' dir='ltr' id='par_1_2' title="bbox 267 707 1235 757">
     <span class='ocr_line' id='line_1_11' title="bbox 267 707 1235 757; baseline -0.005 -10"><span class='ocrx_word' id='word_1_73' title='bbox 267 712 351 748; x_wconf 89' lang='lat' dir='ltr'>bunt</span> <span class='ocrx_word' id='word_1_74' title='bbox 373 713 458 757; x_wconf 83' lang='lat' dir='ltr'>apud</span> <span class='ocrx_word' id='word_1_75' title='bbox 482 711 609 755; x_wconf 87' lang='lat' dir='ltr'>Regem</span> <span class='ocrx_word' id='word_1_76' title='bbox 633 710 697 744; x_wconf 82' lang='lat' dir='ltr'>fine</span> <span class='ocrx_word' id='word_1_77' title='bbox 719 707 936 743; x_wconf 68' lang='lat' dir='ltr'>satisfactione</span> <span class='ocrx_word' id='word_1_78' title='bbox 964 707 1097 751; x_wconf 78' lang='lat' dir='ltr'>impune</span> <span class='ocrx_word' id='word_1_79' title='bbox 1119 708 1206 743; x_wconf 88' lang='lat' dir='ltr'>bona</span> <span class='ocrx_word' id='word_1_80' title='bbox 1232 732 1235 736; x_wconf 68' lang='lat'><em>,</em></span> 
     </span>
    </p>
   </div>
   <div class='ocr_carea' id='block_1_3' title="bbox 256 757 1208 1357">
    <p class='ocr_par' dir='ltr' id='par_1_3' title="bbox 256 757 1208 1357">
     <span class='ocr_line' id='line_1_12' title="bbox 268 757 1208 807; baseline -0.005 -10"><span class='ocrx_word' id='word_1_81' title='bbox 268 763 441 802; x_wconf 84' lang='lat' dir='ltr'>Ecclesiae,</span> <span class='ocrx_word' id='word_1_82' title='bbox 471 772 540 807; x_wconf 80' lang='lat' dir='ltr'>quae</span> <span class='ocrx_word' id='word_1_83' title='bbox 562 760 697 803; x_wconf 84' lang='lat' dir='ltr'>diripuit</span> <span class='ocrx_word' id='word_1_84' title='bbox 714 783 724 798; x_wconf 94' lang='lat'>,</span> <span class='ocrx_word' id='word_1_85' title='bbox 762 758 837 792; x_wconf 78' lang='lat' dir='ltr'>cum</span> <span class='ocrx_word' id='word_1_86' title='bbox 861 757 940 798; x_wconf 91' lang='lat' dir='ltr'>ille,</span> <span class='ocrx_word' id='word_1_87' title='bbox 965 758 1042 792; x_wconf 85' lang='lat' dir='ltr'>sicut</span> <span class='ocrx_word' id='word_1_88' title='bbox 1067 758 1208 792; x_wconf 86' lang='lat' dir='ltr'>Nunciis</span> 
     </span>
     <span class='ocr_line' id='line_1_13' title="bbox 266 808 1204 856; baseline -0.007 -8"><span class='ocrx_word' id='word_1_89' title='bbox 266 811 410 848; x_wconf 84' lang='lat' dir='ltr'>Domini</span> <span class='ocrx_word' id='word_1_90' title='bbox 423 810 561 856; x_wconf 71' lang='lat' dir='ltr'>Papae&amp;</span> <span class='ocrx_word' id='word_1_91' title='bbox 574 810 718 855; x_wconf 87' lang='lat' dir='ltr'>pluribus</span> <span class='ocrx_word' id='word_1_92' title='bbox 729 808 801 842; x_wconf 87' lang='lat' dir='ltr'>aliis</span> <span class='ocrx_word' id='word_1_93' title='bbox 812 808 919 852; x_wconf 89' lang='lat' dir='ltr'>palam</span> <span class='ocrx_word' id='word_1_94' title='bbox 942 809 1102 843; x_wconf 71' lang='lat' dir='ltr'>confessus</span> <span class='ocrx_word' id='word_1_95' title='bbox 1122 809 1167 842; x_wconf 90' lang='lat' dir='ltr'>est</span> <span class='ocrx_word' id='word_1_96' title='bbox 1194 834 1204 849; x_wconf 87' lang='lat'>,</span> 
     </span>
     <span class='ocr_line' id='line_1_14' title="bbox 263 858 1206 908; baseline -0.004 -11"><span class='ocrx_word' id='word_1_97' title='bbox 263 862 306 897; x_wconf 90' lang='lat' dir='ltr'>de</span> <span class='ocrx_word' id='word_1_98' title='bbox 315 872 389 899; x_wconf 91' lang='lat' dir='ltr'>toto</span> <span class='ocrx_word' id='word_1_99' title='bbox 401 873 548 908; x_wconf 88' lang='lat' dir='ltr'>tempore</span> <span class='ocrx_word' id='word_1_100' title='bbox 559 860 770 896; x_wconf 78' lang='lat' dir='ltr'>cancellariae</span> <span class='ocrx_word' id='word_1_101' title='bbox 782 883 793 899; x_wconf 91' lang='lat'>,</span> <span class='ocrx_word' id='word_1_102' title='bbox 814 858 907 901; x_wconf 87' lang='lat' dir='ltr'>cujus</span> <span class='ocrx_word' id='word_1_103' title='bbox 919 858 1099 904; x_wconf 82' lang='lat' dir='ltr'>aliquando</span> <span class='ocrx_word' id='word_1_104' title='bbox 1112 859 1206 893; x_wconf 82' lang='lat' dir='ltr'>fimu-</span> 
     </span>
     <span class='ocr_line' id='line_1_15' title="bbox 263 907 1203 954; baseline -0.004 -8"><span class='ocrx_word' id='word_1_105' title='bbox 263 911 352 948; x_wconf 79' lang='lat' dir='ltr'>labat</span> <span class='ocrx_word' id='word_1_106' title='bbox 373 913 483 948; x_wconf 88' lang='lat' dir='ltr'>deberi</span> <span class='ocrx_word' id='word_1_107' title='bbox 507 913 666 948; x_wconf 86' lang='lat' dir='ltr'>tationes,</span> <span class='ocrx_word' id='word_1_108' title='bbox 695 920 781 943; x_wconf 90' lang='lat' dir='ltr'>nunc</span> <span class='ocrx_word' id='word_1_109' title='bbox 802 907 887 942; x_wconf 87' lang='lat' dir='ltr'>nihil</span> <span class='ocrx_word' id='word_1_110' title='bbox 914 909 1049 954; x_wconf 83' lang='lat' dir='ltr'>exigat,</span> <span class='ocrx_word' id='word_1_111' title='bbox 1074 908 1126 943; x_wconf 90' lang='lat' dir='ltr'>sed</span> <span class='ocrx_word' id='word_1_112' title='bbox 1137 907 1203 944; x_wconf 90' lang='lat' dir='ltr'>hoc</span> 
     </span>
     <span class='ocr_line' id='line_1_16' title="bbox 261 958 1203 1008; baseline -0.004 -12"><span class='ocrx_word' id='word_1_113' title='bbox 261 964 462 1008; x_wconf 72' lang='lat' dir='ltr'>praetendat,</span> <span class='ocrx_word' id='word_1_114' title='bbox 488 962 578 1005; x_wconf 86' lang='lat' dir='ltr'>quod</span> <span class='ocrx_word' id='word_1_115' title='bbox 592 962 638 995; x_wconf 90' lang='lat' dir='ltr'>sui</span> <span class='ocrx_word' id='word_1_116' title='bbox 651 962 730 995; x_wconf 88' lang='lat' dir='ltr'>meis</span> <span class='ocrx_word' id='word_1_117' title='bbox 754 958 1024 998; x_wconf 78' lang='lat' dir='ltr'>antecessoribus,</span> <span class='ocrx_word' id='word_1_118' title='bbox 1052 970 1134 1004; x_wconf 90' lang='lat' dir='ltr'>quos</span> <span class='ocrx_word' id='word_1_119' title='bbox 1149 960 1203 994; x_wconf 85' lang='lat' dir='ltr'>sae-</span> 
     </span>
     <span class='ocr_line' id='line_1_17' title="bbox 260 1008 1199 1058; baseline -0.005 -9"><span class='ocrx_word' id='word_1_120' title='bbox 260 1014 528 1058; x_wconf 81' lang='lat' dir='ltr'>pefugaverunt,</span> <span class='ocrx_word' id='word_1_121' title='bbox 553 1008 856 1045; x_wconf 86' lang='lat' dir='ltr'>nihilredeuntibus</span> <span class='ocrx_word' id='word_1_122' title='bbox 869 1009 1091 1044; x_wconf 89' lang='lat' dir='ltr'>reddiderunt.</span> <span class='ocrx_word' id='word_1_123' title='bbox 1119 1009 1199 1044; x_wconf 86' lang='lat' dir='ltr'>Hoc</span> 
     </span>
     <span class='ocr_line' id='line_1_18' title="bbox 261 1059 1203 1105; baseline -0.002 -9"><span class='ocrx_word' id='word_1_124' title='bbox 261 1072 371 1097; x_wconf 89' lang='lat' dir='ltr'>tamen</span> <span class='ocrx_word' id='word_1_125' title='bbox 411 1088 423 1104; x_wconf 85' lang='lat'>,</span> <span class='ocrx_word' id='word_1_126' title='bbox 473 1072 508 1096; x_wconf 89' lang='lat' dir='ltr'>ut</span> <span class='ocrx_word' id='word_1_127' title='bbox 531 1073 609 1105; x_wconf 90' lang='lat' dir='ltr'>pace</span> <span class='ocrx_word' id='word_1_128' title='bbox 639 1062 707 1105; x_wconf 84' lang='lat' dir='ltr'>ejus</span> <span class='ocrx_word' id='word_1_129' title='bbox 741 1059 863 1094; x_wconf 74' lang='lat' dir='ltr'>dietum</span> <span class='ocrx_word' id='word_1_130' title='bbox 886 1061 924 1094; x_wconf 88' lang='lat' dir='ltr'>sit</span> <span class='ocrx_word' id='word_1_131' title='bbox 961 1084 973 1100; x_wconf 89' lang='lat'>,</span> <span class='ocrx_word' id='word_1_132' title='bbox 1024 1072 1066 1094; x_wconf 84' lang='lat' dir='ltr'>ex</span> <span class='ocrx_word' id='word_1_133' title='bbox 1091 1059 1203 1094; x_wconf 85' lang='lat' dir='ltr'>multis</span> 
     </span>
     <span class='ocr_line' id='line_1_19' title="bbox 261 1108 1203 1154; baseline -0.002 -8"><span class='ocrx_word' id='word_1_134' title='bbox 261 1111 446 1146; x_wconf 88' lang='lat' dir='ltr'>rationibus</span> <span class='ocrx_word' id='word_1_135' title='bbox 459 1113 588 1146; x_wconf 83' lang='lat' dir='ltr'>constat</span> <span class='ocrx_word' id='word_1_136' title='bbox 601 1123 668 1145; x_wconf 89' lang='lat' dir='ltr'>non</span> <span class='ocrx_word' id='word_1_137' title='bbox 682 1112 745 1148; x_wconf 71' lang='lat' dir='ltr'>elie</span> <span class='ocrx_word' id='word_1_138' title='bbox 759 1121 870 1144; x_wconf 89' lang='lat' dir='ltr'>verum</span> <span class='ocrx_word' id='word_1_139' title='bbox 880 1135 887 1142; x_wconf 92' lang='lat'>.</span> <span class='ocrx_word' id='word_1_140' title='bbox 916 1108 978 1145; x_wconf 90' lang='lat' dir='ltr'>Sed</span> <span class='ocrx_word' id='word_1_141' title='bbox 991 1121 1033 1143; x_wconf 89' lang='lat' dir='ltr'>ne</span> <span class='ocrx_word' id='word_1_142' title='bbox 1044 1110 1203 1154; x_wconf 81' lang='lat' dir='ltr'>pernicies</span> 
     </span>
     <span class='ocr_line' id='line_1_20' title="bbox 257 1160 1202 1208; baseline -0.002 -12"><span class='ocrx_word' id='word_1_143' title='bbox 257 1163 401 1206; x_wconf 84' lang='lat' dir='ltr'>exempli</span> <span class='ocrx_word' id='word_1_144' title='bbox 416 1162 599 1196; x_wconf 85' lang='lat' dir='ltr'>vertatutin</span> <span class='ocrx_word' id='word_1_145' title='bbox 623 1162 750 1207; x_wconf 85' lang='lat' dir='ltr'>legem,</span> <span class='ocrx_word' id='word_1_146' title='bbox 779 1160 936 1208; x_wconf 23' lang='lat' dir='ltr'>omn-ibus</span> <span class='ocrx_word' id='word_1_147' title='bbox 959 1160 1066 1195; x_wconf 89' lang='lat' dir='ltr'>modis</span> <span class='ocrx_word' id='word_1_148' title='bbox 1089 1170 1202 1194; x_wconf 90' lang='lat' dir='ltr'>occur-</span> 
     </span>
     <span class='ocr_line' id='line_1_21' title="bbox 258 1208 1202 1256; baseline -0.002 -10"><span class='ocrx_word' id='word_1_149' title='bbox 258 1212 395 1247; x_wconf 84' lang='lat' dir='ltr'>rendum</span> <span class='ocrx_word' id='word_1_150' title='bbox 420 1213 485 1246; x_wconf 87' lang='lat' dir='ltr'>est.</span> <span class='ocrx_word' id='word_1_151' title='bbox 514 1212 665 1247; x_wconf 85' lang='lat' dir='ltr'>Nomine</span> <span class='ocrx_word' id='word_1_152' title='bbox 687 1213 870 1256; x_wconf 73' lang='lat' dir='ltr'>dignitatum</span> <span class='ocrx_word' id='word_1_153' title='bbox 889 1208 1059 1246; x_wconf 90' lang='lat' dir='ltr'>damnatas</span> <span class='ocrx_word' id='word_1_154' title='bbox 1085 1210 1202 1245; x_wconf 87' lang='lat' dir='ltr'>nititur</span> 
     </span>
     <span class='ocr_line' id='line_1_22' title="bbox 256 1261 1200 1303; baseline -0.003 -7"><span class='ocrx_word' id='word_1_155' title='bbox 256 1263 513 1298; x_wconf 88' lang='lat' dir='ltr'>consuetudines</span> <span class='ocrx_word' id='word_1_156' title='bbox 525 1262 721 1296; x_wconf 81' lang='lat' dir='ltr'>instaurare.</span> <span class='ocrx_word' id='word_1_157' title='bbox 748 1261 809 1295; x_wconf 88' lang='lat' dir='ltr'>Sed</span> <span class='ocrx_word' id='word_1_158' title='bbox 823 1272 858 1294; x_wconf 91' lang='lat' dir='ltr'>ut</span> <span class='ocrx_word' id='word_1_159' title='bbox 871 1271 1004 1295; x_wconf 89' lang='lat' dir='ltr'>omnem</span> <span class='ocrx_word' id='word_1_160' title='bbox 1020 1271 1123 1303; x_wconf 84' lang='lat' dir='ltr'>pravae</span> <span class='ocrx_word' id='word_1_161' title='bbox 1135 1261 1200 1293; x_wconf 90' lang='lat' dir='ltr'>sus·</span> 
     </span>
     <span class='ocr_line' id='line_1_23' title="bbox 256 1310 1200 1357; baseline -0.004 -11"><span class='ocrx_word' id='word_1_162' title='bbox 256 1313 399 1357; x_wconf 81' lang='lat' dir='ltr'>picionis</span> <span class='ocrx_word' id='word_1_163' title='bbox 410 1313 617 1346; x_wconf 77' lang='lat' dir='ltr'>occasionem</span> <span class='ocrx_word' id='word_1_164' title='bbox 629 1311 646 1344; x_wconf 72' lang='lat' dir='ltr'>a</span> <span class='ocrx_word' id='word_1_165' title='bbox 659 1321 711 1344; x_wconf 89' lang='lat' dir='ltr'>me</span> <span class='ocrx_word' id='word_1_166' title='bbox 730 1320 903 1344; x_wconf 85' lang='lat' dir='ltr'>amoveam</span> <span class='ocrx_word' id='word_1_167' title='bbox 917 1335 928 1350; x_wconf 89' lang='lat'>,</span> <span class='ocrx_word' id='word_1_168' title='bbox 953 1310 1113 1354; x_wconf 73' lang='lat' dir='ltr'>quatenus</span> <span class='ocrx_word' id='word_1_169' title='bbox 1146 1321 1200 1354; x_wconf 89' lang='lat' dir='ltr'>po·</span> 
     </span>
    </p>
   </div>
   <div class='ocr_carea' id='block_1_4' title="bbox 256 1359 1229 1406">
    <p class='ocr_par' dir='ltr' id='par_1_4' title="bbox 256 1359 1229 1406">
     <span class='ocr_line' id='line_1_24' title="bbox 256 1359 1229 1406; baseline -0.003 -9"><span class='ocrx_word' id='word_1_170' title='bbox 256 1373 328 1398; x_wconf 84' lang='lat' dir='ltr'>tero</span> <span class='ocrx_word' id='word_1_171' title='bbox 338 1388 348 1404; x_wconf 95' lang='lat'>,</span> <span class='ocrx_word' id='word_1_172' title='bbox 376 1363 463 1397; x_wconf 86' lang='lat' dir='ltr'>salvo</span> <span class='ocrx_word' id='word_1_173' title='bbox 476 1361 592 1396; x_wconf 84' lang='lat' dir='ltr'>ordine</span> <span class='ocrx_word' id='word_1_174' title='bbox 604 1371 678 1394; x_wconf 89' lang='lat' dir='ltr'>meo</span> <span class='ocrx_word' id='word_1_175' title='bbox 690 1360 722 1393; x_wconf 75' lang='grc' dir='ltr'>ἀ</span> <span class='ocrx_word' id='word_1_176' title='bbox 734 1360 893 1394; x_wconf 84' lang='lat' dir='ltr'>fidelitate</span> <span class='ocrx_word' id='word_1_177' title='bbox 917 1359 1064 1395; x_wconf 84' lang='lat' dir='ltr'>Ecclesiae</span> <span class='ocrx_word' id='word_1_178' title='bbox 1077 1359 1199 1394; x_wconf 82' lang='lat' dir='ltr'>Roma·</span> <span class='ocrx_word' id='word_1_179' title='bbox 1227 1404 1229 1406; x_wconf 25' lang='grc' dir='ltr'>Ι</span> 
     </span>
    </p>
   </div>
   <div class='ocr_carea' id='block_1_5' title="bbox 251 1408 1219 2056">
    <p class='ocr_par' dir='ltr' id='par_1_5' title="bbox 251 1408 1219 2056">
     <span class='ocr_line' id='line_1_25' title="bbox 257 1408 1199 1458; baseline -0.003 -11"><span class='ocrx_word' id='word_1_180' title='bbox 257 1424 305 1447; x_wconf 70' lang='grc' dir='ltr'>ωε</span> <span class='ocrx_word' id='word_1_181' title='bbox 317 1412 494 1458; x_wconf 83' lang='lat' dir='ltr'>dignitates</span> <span class='ocrx_word' id='word_1_182' title='bbox 505 1411 573 1453; x_wconf 84' lang='lat' dir='ltr'>ejus</span> <span class='ocrx_word' id='word_1_183' title='bbox 586 1410 723 1453; x_wconf 84' lang='lat' dir='ltr'>libenter</span> <span class='ocrx_word' id='word_1_184' title='bbox 732 1408 914 1453; x_wconf 82' lang='lat' dir='ltr'>observabo</span> <span class='ocrx_word' id='word_1_185' title='bbox 925 1434 937 1449; x_wconf 87' lang='lat'>,</span> <span class='ocrx_word' id='word_1_186' title='bbox 964 1411 998 1444; x_wconf 72' lang='grc' dir='ltr'>ὅ(</span> <span class='ocrx_word' id='word_1_187' title='bbox 1017 1410 1114 1454; x_wconf 79' lang='lat' dir='ltr'>casin</span> <span class='ocrx_word' id='word_1_188' title='bbox 1129 1408 1199 1444; x_wconf 90' lang='lat' dir='ltr'>Do-</span> 
     </span>
     <span class='ocr_line' id='line_1_26' title="bbox 253 1457 1208 1504; baseline -0.005 -7"><span class='ocrx_word' id='word_1_189' title='bbox 253 1464 350 1497; x_wconf 87' lang='lat' dir='ltr'>mino</span> <span class='ocrx_word' id='word_1_190' title='bbox 368 1461 589 1503; x_wconf 88' lang='lat' dir='ltr'>multiplicare</span> <span class='ocrx_word' id='word_1_191' title='bbox 598 1458 721 1492; x_wconf 88' lang='lat' dir='ltr'>curabo</span> <span class='ocrx_word' id='word_1_192' title='bbox 742 1459 924 1502; x_wconf 81' lang='lat' dir='ltr'>&amp;augere.</span> <span class='ocrx_word' id='word_1_193' title='bbox 953 1457 1015 1492; x_wconf 89' lang='lat' dir='ltr'>Sed</span> <span class='ocrx_word' id='word_1_194' title='bbox 1036 1458 1135 1498; x_wconf 88' lang='lat' dir='ltr'>absit,</span> <span class='ocrx_word' id='word_1_195' title='bbox 1162 1469 1208 1504; x_wconf 64' lang='lat' dir='ltr'>ut:</span> 
     </span>
     <span class='ocr_line' id='line_1_27' title="bbox 253 1504 1200 1555; baseline -0.007 -8"><span class='ocrx_word' id='word_1_196' title='bbox 253 1511 408 1555; x_wconf 81' lang='lat' dir='ltr'>exemplo</span> <span class='ocrx_word' id='word_1_197' title='bbox 421 1510 485 1544; x_wconf 89' lang='lat' dir='ltr'>mei</span> <span class='ocrx_word' id='word_1_198' title='bbox 499 1519 584 1543; x_wconf 90' lang='lat' dir='ltr'>nova</span> <span class='ocrx_word' id='word_1_199' title='bbox 595 1508 754 1542; x_wconf 84' lang='lat' dir='ltr'>faciendae</span> <span class='ocrx_word' id='word_1_200' title='bbox 771 1506 937 1541; x_wconf 90' lang='lat' dir='ltr'>fidelitatis</span> <span class='ocrx_word' id='word_1_201' title='bbox 955 1507 1060 1541; x_wconf 82' lang='lat' dir='ltr'>forma</span> <span class='ocrx_word' id='word_1_202' title='bbox 1080 1508 1115 1540; x_wconf 90' lang='lat' dir='ltr'>in</span> <span class='ocrx_word' id='word_1_203' title='bbox 1141 1504 1200 1551; x_wconf 65' lang='lat' dir='ltr'>134:-v</span> 
     </span>
     <span class='ocr_line' id='line_1_28' title="bbox 255 1555 1200 1602; baseline -0.005 -6"><span class='ocrx_word' id='word_1_204' title='bbox 255 1563 381 1597; x_wconf 85' lang='lat' dir='ltr'>cleliam</span> <span class='ocrx_word' id='word_1_205' title='bbox 404 1560 601 1599; x_wconf 86' lang='lat' dir='ltr'>inducatur,</span> <span class='ocrx_word' id='word_1_206' title='bbox 628 1558 799 1602; x_wconf 85' lang='lat' dir='ltr'>praesertim</span> <span class='ocrx_word' id='word_1_207' title='bbox 823 1555 1025 1600; x_wconf 90' lang='lat' dir='ltr'>perniciosa.</span> <span class='ocrx_word' id='word_1_208' title='bbox 1054 1556 1128 1591; x_wconf 89' lang='lat' dir='ltr'>Nec</span> <span class='ocrx_word' id='word_1_209' title='bbox 1141 1568 1200 1591; x_wconf 90' lang='lat' dir='ltr'>vos</span> 
     </span>
     <span class='ocr_line' id='line_1_29' title="bbox 254 1607 1201 1653; baseline -0.006 -5"><span class='ocrx_word' id='word_1_210' title='bbox 254 1613 354 1649; x_wconf 84' lang='lat' dir='ltr'>latere</span> <span class='ocrx_word' id='word_1_211' title='bbox 375 1611 541 1651; x_wconf 82' lang='lat' dir='ltr'>creditur,</span> <span class='ocrx_word' id='word_1_212' title='bbox 567 1618 690 1653; x_wconf 88' lang='lat' dir='ltr'>quanta</span> <span class='ocrx_word' id='word_1_213' title='bbox 712 1618 765 1653; x_wconf 83' lang='lat' dir='ltr'>me</span> <span class='ocrx_word' id='word_1_214' title='bbox 786 1607 995 1641; x_wconf 86' lang='lat' dir='ltr'>immanitate</span> <span class='ocrx_word' id='word_1_215' title='bbox 1018 1609 1201 1650; x_wconf 79' lang='lat' dir='ltr'>persecutus</span> 
     </span>
     <span class='ocr_line' id='line_1_30' title="bbox 253 1655 1200 1701; baseline -0.007 -3"><span class='ocrx_word' id='word_1_216' title='bbox 253 1664 293 1697; x_wconf 83' lang='lat' dir='ltr'>fit</span> <span class='ocrx_word' id='word_1_217' title='bbox 303 1661 549 1698; x_wconf 85' lang='lat' dir='ltr'>Londonienfis</span> <span class='ocrx_word' id='word_1_218' title='bbox 563 1659 765 1701; x_wconf 84' lang='lat' dir='ltr'>Episcopus,</span> <span class='ocrx_word' id='word_1_219' title='bbox 792 1658 895 1692; x_wconf 89' lang='lat' dir='ltr'>totius</span> <span class='ocrx_word' id='word_1_220' title='bbox 920 1655 1015 1699; x_wconf 86' lang='lat' dir='ltr'>hujus</span> <span class='ocrx_word' id='word_1_221' title='bbox 1029 1656 1200 1692; x_wconf 68' lang='lat' dir='ltr'>discordiae</span> 
     </span>
     <span class='ocr_line' id='line_1_31' title="bbox 257 1705 1219 1752; baseline -0.006 -5"><span class='ocrx_word' id='word_1_222' title='bbox 257 1714 431 1752; x_wconf 86' lang='lat' dir='ltr'>incentor,</span> <span class='ocrx_word' id='word_1_223' title='bbox 459 1710 532 1749; x_wconf 88' lang='lat' dir='ltr'>cui,</span> <span class='ocrx_word' id='word_1_224' title='bbox 558 1709 581 1741; x_wconf 82' lang='lat' dir='ltr'><strong>fi</strong></span> <span class='ocrx_word' id='word_1_225' title='bbox 603 1708 732 1750; x_wconf 87' lang='lat' dir='ltr'>placet,</span> <span class='ocrx_word' id='word_1_226' title='bbox 759 1707 927 1747; x_wconf 67' lang='lat' dir='ltr'>tamquam</span> <span class='ocrx_word' id='word_1_227' title='bbox 940 1705 1150 1741; x_wconf 87' lang='lat' dir='ltr'>inobedienti</span> <span class='ocrx_word' id='word_1_228' title='bbox 1165 1709 1219 1744; x_wconf 63' lang='grc' dir='ltr'>ἔω</span> 
     </span>
     <span class='ocr_line' id='line_1_32' title="bbox 252 1755 1199 1801; baseline -0.008 -3"><span class='ocrx_word' id='word_1_229' title='bbox 252 1760 543 1798; x_wconf 82' lang='lat' dir='ltr'>excommunicato</span> <span class='ocrx_word' id='word_1_230' title='bbox 564 1769 623 1792; x_wconf 92' lang='lat' dir='ltr'>vos</span> <span class='ocrx_word' id='word_1_231' title='bbox 635 1768 694 1801; x_wconf 88' lang='lat' dir='ltr'>pro</span> <span class='ocrx_word' id='word_1_232' title='bbox 707 1756 825 1790; x_wconf 86' lang='lat' dir='ltr'>Domo</span> <span class='ocrx_word' id='word_1_233' title='bbox 847 1755 989 1789; x_wconf 86' lang='lat' dir='ltr'>Domini</span> <span class='ocrx_word' id='word_1_234' title='bbox 1002 1757 1199 1799; x_wconf 87' lang='lat' dir='ltr'>opponatis:</span> 
     </span>
     <span class='ocr_line' id='line_1_33' title="bbox 255 1805 1219 1858; baseline -0.01 -10"><span class='ocrx_word' id='word_1_235' title='bbox 255 1813 415 1858; x_wconf 89' lang='lat' dir='ltr'>quoniam</span> <span class='ocrx_word' id='word_1_236' title='bbox 436 1811 470 1844; x_wconf 90' lang='lat' dir='ltr'>in</span> <span class='ocrx_word' id='word_1_237' title='bbox 481 1805 998 1852; x_wconf 80' lang='lat' dir='ltr'>depreffioneillius&amp;Gaufredi</span> <span class='ocrx_word' id='word_1_238' title='bbox 1013 1805 1115 1840; x_wconf 91' lang='lat' dir='ltr'>Ridel</span> <span class='ocrx_word' id='word_1_239' title='bbox 1130 1830 1141 1846; x_wconf 95' lang='lat'>‚</span> <span class='ocrx_word' id='word_1_240' title='bbox 1163 1815 1219 1839; x_wconf 87' lang='lat' dir='ltr'>ut·</span> 
     </span>
     <span class='ocr_line' id='line_1_34' title="bbox 254 1854 1200 1908; baseline -0.008 -10"><span class='ocrx_word' id='word_1_241' title='bbox 254 1864 323 1908; x_wconf 82' lang='lat' dir='ltr'>spes</span> <span class='ocrx_word' id='word_1_242' title='bbox 340 1862 488 1896; x_wconf 90' lang='lat' dir='ltr'>fidelium</span> <span class='ocrx_word' id='word_1_243' title='bbox 502 1859 568 1899; x_wconf 25' lang='lat' dir='ltr'>ests,</span> <span class='ocrx_word' id='word_1_244' title='bbox 594 1856 727 1892; x_wconf 78' lang='lat' dir='ltr'>cessabit</span> <span class='ocrx_word' id='word_1_245' title='bbox 738 1856 910 1900; x_wconf 86' lang='lat' dir='ltr'>tempestas</span> <span class='ocrx_word' id='word_1_246' title='bbox 922 1880 930 1887; x_wconf 89' lang='lat'>.</span> <span class='ocrx_word' id='word_1_247' title='bbox 957 1854 1082 1890; x_wconf 85' lang='lat' dir='ltr'>Caetera</span> <span class='ocrx_word' id='word_1_248' title='bbox 1102 1856 1200 1900; x_wconf 85' lang='lat' dir='ltr'>posita</span> 
     </span>
     <span class='ocr_line' id='line_1_35' title="bbox 255 1905 1199 1951; baseline -0.011 -2"><span class='ocrx_word' id='word_1_249' title='bbox 255 1913 376 1949; x_wconf 88' lang='lat' dir='ltr'>suntin</span> <span class='ocrx_word' id='word_1_250' title='bbox 387 1922 444 1946; x_wconf 91' lang='lat' dir='ltr'>ore</span> <span class='ocrx_word' id='word_1_251' title='bbox 457 1908 690 1948; x_wconf 88' lang='lat' dir='ltr'>Nunciorurn,</span> <span class='ocrx_word' id='word_1_252' title='bbox 720 1917 823 1948; x_wconf 87' lang='lat' dir='ltr'>quos,</span> <span class='ocrx_word' id='word_1_253' title='bbox 844 1905 989 1950; x_wconf 84' lang='lat' dir='ltr'>siplacet</span> <span class='ocrx_word' id='word_1_254' title='bbox 1012 1930 1023 1945; x_wconf 94' lang='lat'>,</span> <span class='ocrx_word' id='word_1_255' title='bbox 1057 1905 1199 1951; x_wconf 75' lang='lat' dir='ltr'>benigne</span> 
     </span>
     <span class='ocr_line' id='line_1_36' title="bbox 254 1956 1201 2006; baseline -0.008 -8"><span class='ocrx_word' id='word_1_256' title='bbox 254 1962 411 2006; x_wconf 80' lang='lat' dir='ltr'>recipite,</span> <span class='ocrx_word' id='word_1_257' title='bbox 447 1960 481 1994; x_wconf 76' lang='grc' dir='ltr'>δε</span> <span class='ocrx_word' id='word_1_258' title='bbox 504 1957 633 1993; x_wconf 84' lang='lat' dir='ltr'>causam</span> <span class='ocrx_word' id='word_1_259' title='bbox 657 1956 780 1991; x_wconf 85' lang='lat' dir='ltr'>Christi</span> <span class='ocrx_word' id='word_1_260' title='bbox 806 1980 816 1996; x_wconf 90' lang='lat'><em>‚</em></span> <span class='ocrx_word' id='word_1_261' title='bbox 854 1964 954 1998; x_wconf 88' lang='lat' dir='ltr'>quam</span> <span class='ocrx_word' id='word_1_262' title='bbox 987 1964 1118 1998; x_wconf 84' lang='lat' dir='ltr'>portant</span> <span class='ocrx_word' id='word_1_263' title='bbox 1142 1966 1201 1999; x_wconf 89' lang='lat' dir='ltr'>pro</span> 
     </span>
     <span class='ocr_line' id='line_1_37' title="bbox 251 2005 1108 2056; baseline -0.013 -7"><span class='ocrx_word' id='word_1_264' title='bbox 251 2013 410 2055; x_wconf 87' lang='lat' dir='ltr'>Christo,</span> <span class='ocrx_word' id='word_1_265' title='bbox 436 2019 630 2056; x_wconf 88' lang='lat' dir='ltr'>promovete</span> <span class='ocrx_word' id='word_1_266' title='bbox 643 2031 651 2041; x_wconf 94' lang='lat'><strong><em>.</em></strong></span> <span class='ocrx_word' id='word_1_267' title='bbox 681 2006 798 2042; x_wconf 84' lang='lat' dir='ltr'>Valeat</span> <span class='ocrx_word' id='word_1_268' title='bbox 810 2005 960 2041; x_wconf 61' lang='lat' dir='ltr'>sanititas</span> <span class='ocrx_word' id='word_1_269' title='bbox 981 2005 1085 2039; x_wconf 85' lang='lat' dir='ltr'>vestra</span> <span class='ocrx_word' id='word_1_270' title='bbox 1099 2031 1108 2038; x_wconf 91' lang='lat'>.</span> 
     </span>
    </p>
   </div>
   <div class='ocr_carea' id='block_1_6' title="bbox 1215 1828 1219 1956">
    <p class='ocr_par' dir='ltr' id='par_1_6' title="bbox 1215 1828 1219 1956">
     <span class='ocr_line' id='line_1_38' title="bbox 1215 1828 1219 1956; baseline 0 1820"><span class='ocrx_word' id='word_1_271' title='bbox 1215 1828 1219 1956; x_wconf 95' lang='lat' dir='ltr'> </span> 
     </span>
    </p>
   </div>
   <div class='ocr_carea' id='block_1_7' title="bbox 255 2158 1193 2352">
    <p class='ocr_par' dir='ltr' id='par_1_7' title="bbox 255 2158 1193 2352">
     <span class='ocr_line' id='line_1_39' title="bbox 417 2158 1037 2197; baseline -0.008 0"><span class='ocrx_word' id='word_1_272' title='bbox 417 2158 831 2197; x_wconf 74' lang='lat' dir='ltr'><strong>EPISTOLA</strong></span> <span class='ocrx_word' id='word_1_273' title='bbox 914 2158 1037 2194; x_wconf 83' lang='lat' dir='ltr'>LVIII.</span> 
     </span>
     <span class='ocr_line' id='line_1_40' title="bbox 255 2258 1193 2302; baseline -0.011 -5"><span class='ocrx_word' id='word_1_274' title='bbox 255 2264 383 2301; x_wconf 71' lang='lat' dir='ltr'>Thomas</span> <span class='ocrx_word' id='word_1_275' title='bbox 412 2260 631 2302; x_wconf 75' lang='lat' dir='ltr'>Cantuaerienfis</span> <span class='ocrx_word' id='word_1_276' title='bbox 659 2260 747 2293; x_wconf 72' lang='lat' dir='ltr'>Archi</span> <span class='ocrx_word' id='word_1_277' title='bbox 760 2258 949 2301; x_wconf 73' lang='lat' dir='ltr'>-Episcopur</span> <span class='ocrx_word' id='word_1_278' title='bbox 967 2261 1095 2301; x_wconf 82' lang='lat' dir='ltr'>Joanni</span> <span class='ocrx_word' id='word_1_279' title='bbox 1120 2260 1193 2288; x_wconf 80' lang='lat' dir='ltr'>Car·</span> 
     </span>
     <span class='ocr_line' id='line_1_41' title="bbox 492 2308 968 2352; baseline -0.013 -8"><span class='ocrx_word' id='word_1_280' title='bbox 492 2312 589 2344; x_wconf 73' lang='lat' dir='ltr'>dinali</span> <span class='ocrx_word' id='word_1_281' title='bbox 609 2312 749 2352; x_wconf 79' lang='lat' dir='ltr'>Joanms</span> <span class='ocrx_word' id='word_1_282' title='bbox 777 2310 811 2341; x_wconf 60' lang='lat' dir='ltr'>&lt;at</span> <span class='ocrx_word' id='word_1_283' title='bbox 838 2308 931 2340; x_wconf 71' lang='lat' dir='ltr'>Pauli</span> <span class='ocrx_word' id='word_1_284' title='bbox 960 2331 968 2339; x_wconf 89' lang='lat'><strong>.</strong></span> 
     </span>
    </p>
   </div>
   <div class='ocr_carea' id='block_1_8' title="bbox 256 2404 1207 3448">
    <p class='ocr_par' dir='ltr' id='par_1_8' title="bbox 256 2404 1207 3448">
     <span class='ocr_line' id='line_1_42' title="bbox 322 2404 1197 2450; baseline -0.01 -2"><span class='ocrx_word' id='word_1_285' title='bbox 322 2409 496 2448; x_wconf 83' lang='lat' dir='ltr'>ANCTA</span> <span class='ocrx_word' id='word_1_286' title='bbox 523 2407 767 2444; x_wconf 78' lang='lat' dir='ltr'>cantuariensis</span> <span class='ocrx_word' id='word_1_287' title='bbox 786 2405 929 2441; x_wconf 74' lang='lat' dir='ltr'>Ecclesia</span> <span class='ocrx_word' id='word_1_288' title='bbox 943 2404 999 2441; x_wconf 89' lang='lat' dir='ltr'>diu</span> <span class='ocrx_word' id='word_1_289' title='bbox 1012 2405 1045 2440; x_wconf 89' lang='lat'>&amp;</span> <span class='ocrx_word' id='word_1_290' title='bbox 1058 2406 1197 2450; x_wconf 78' lang='lat' dir='ltr'>familia-</span> 
     </span>
     <span class='ocr_line' id='line_1_43' title="bbox 347 2456 1201 2503; baseline -0.008 -6"><span class='ocrx_word' id='word_1_291' title='bbox 347 2461 485 2498; x_wconf 87' lang='lat' dir='ltr'>ritate&amp;</span> <span class='ocrx_word' id='word_1_292' title='bbox 505 2458 693 2503; x_wconf 89' lang='lat' dir='ltr'>patrocinio</span> <span class='ocrx_word' id='word_1_293' title='bbox 709 2457 812 2491; x_wconf 88' lang='lat' dir='ltr'>vestro</span> <span class='ocrx_word' id='word_1_294' title='bbox 833 2457 943 2501; x_wconf 85' lang='lat' dir='ltr'>gavisa</span> <span class='ocrx_word' id='word_1_295' title='bbox 969 2457 1016 2491; x_wconf 90' lang='lat' dir='ltr'>est</span> <span class='ocrx_word' id='word_1_296' title='bbox 1046 2481 1053 2488; x_wconf 91' lang='lat'><strong>.</strong></span> <span class='ocrx_word' id='word_1_297' title='bbox 1082 2457 1126 2491; x_wconf 88' lang='lat' dir='ltr'>Et</span> <span class='ocrx_word' id='word_1_298' title='bbox 1149 2456 1201 2491; x_wconf 90' lang='lat' dir='ltr'>ad-</span> 
     </span>
     <span class='ocr_line' id='line_1_44' title="bbox 256 2505 1199 2557; baseline -0.01 -9"><span class='ocrx_word' id='word_1_299' title='bbox 256 2513 367 2549; x_wconf 84' lang='lat' dir='ltr'>hucin</span> <span class='ocrx_word' id='word_1_300' title='bbox 382 2514 436 2557; x_wconf 90' lang='lat' dir='ltr'>spe</span> <span class='ocrx_word' id='word_1_301' title='bbox 446 2510 555 2546; x_wconf 82' lang='lat' dir='ltr'>vestrae</span> <span class='ocrx_word' id='word_1_302' title='bbox 565 2507 779 2543; x_wconf 85' lang='lat' dir='ltr'>miserationis</span> <span class='ocrx_word' id='word_1_303' title='bbox 793 2505 827 2539; x_wconf 87' lang='lat'>&amp;</span> <span class='ocrx_word' id='word_1_304' title='bbox 853 2506 1091 2542; x_wconf 85' lang='lat' dir='ltr'>consolationis</span> <span class='ocrx_word' id='word_1_305' title='bbox 1112 2507 1199 2540; x_wconf 85' lang='lat' dir='ltr'>exul·</span> 
     </span>
     <span class='ocr_line' id='line_1_45' title="bbox 256 2556 1200 2600; baseline -0.011 -1"><span class='ocrx_word' id='word_1_306' title='bbox 256 2573 306 2600; x_wconf 86' lang='lat' dir='ltr'>tat</span> <span class='ocrx_word' id='word_1_307' title='bbox 321 2588 328 2597; x_wconf 93' lang='lat'><em>.</em></span> <span class='ocrx_word' id='word_1_308' title='bbox 353 2562 458 2598; x_wconf 75' lang='lat' dir='ltr'>Unde</span> <span class='ocrx_word' id='word_1_309' title='bbox 477 2560 519 2595; x_wconf 90' lang='lat' dir='ltr'>ad</span> <span class='ocrx_word' id='word_1_310' title='bbox 538 2560 645 2594; x_wconf 84' lang='lat' dir='ltr'>sinum</span> <span class='ocrx_word' id='word_1_311' title='bbox 667 2556 853 2592; x_wconf 73' lang='lat' dir='ltr'>dilectionis</span> <span class='ocrx_word' id='word_1_312' title='bbox 879 2556 985 2591; x_wconf 80' lang='lat' dir='ltr'>vestrae</span> <span class='ocrx_word' id='word_1_313' title='bbox 1014 2556 1200 2591; x_wconf 76' lang='lat' dir='ltr'>fiducialius</span> 
     </span>
     <span class='ocr_line' id='line_1_46' title="bbox 259 2607 1202 2651; baseline -0.01 -2"><span class='ocrx_word' id='word_1_314' title='bbox 259 2614 451 2649; x_wconf 82' lang='lat' dir='ltr'>transmittit</span> <span class='ocrx_word' id='word_1_315' title='bbox 465 2608 600 2645; x_wconf 83' lang='lat' dir='ltr'>miseros</span> <span class='ocrx_word' id='word_1_316' title='bbox 612 2611 686 2643; x_wconf 88' lang='lat' dir='ltr'>suos</span> <span class='ocrx_word' id='word_1_317' title='bbox 696 2634 707 2649; x_wconf 92' lang='lat'>‚</span> <span class='ocrx_word' id='word_1_318' title='bbox 734 2608 789 2651; x_wconf 89' lang='lat' dir='ltr'>qui</span> <span class='ocrx_word' id='word_1_319' title='bbox 802 2607 938 2645; x_wconf 85' lang='lat' dir='ltr'>fratrum</span> <span class='ocrx_word' id='word_1_320' title='bbox 951 2608 1082 2642; x_wconf 91' lang='lat' dir='ltr'>suorum</span> <span class='ocrx_word' id='word_1_321' title='bbox 1094 2618 1153 2651; x_wconf 90' lang='lat' dir='ltr'>pro</span> <span class='ocrx_word' id='word_1_322' title='bbox 1165 2607 1202 2640; x_wconf 90' lang='lat' dir='ltr'>fi-</span> 
     </span>
     <span class='ocr_line' id='line_1_47' title="bbox 262 2658 1202 2701; baseline -0.009 -4"><span class='ocrx_word' id='word_1_323' title='bbox 262 2663 347 2697; x_wconf 87' lang='lat' dir='ltr'>de&amp;</span> <span class='ocrx_word' id='word_1_324' title='bbox 362 2662 512 2696; x_wconf 90' lang='lat' dir='ltr'>libertate</span> <span class='ocrx_word' id='word_1_325' title='bbox 539 2658 688 2693; x_wconf 75' lang='lat' dir='ltr'>Ecclesiae</span> <span class='ocrx_word' id='word_1_326' title='bbox 710 2658 981 2700; x_wconf 84' lang='lat' dir='ltr'>interemptorum</span> <span class='ocrx_word' id='word_1_327' title='bbox 1005 2658 1077 2691; x_wconf 84' lang='lat' dir='ltr'>neci</span> <span class='ocrx_word' id='word_1_328' title='bbox 1098 2658 1202 2701; x_wconf 89' lang='lat' dir='ltr'>super-</span> 
     </span>
     <span class='ocr_line' id='line_1_48' title="bbox 262 2707 1199 2752; baseline -0.007 -5"><span class='ocrx_word' id='word_1_329' title='bbox 262 2714 352 2747; x_wconf 80' lang='lat' dir='ltr'>stites</span> <span class='ocrx_word' id='word_1_330' title='bbox 374 2711 476 2746; x_wconf 71' lang='lat' dir='ltr'>relisti</span> <span class='ocrx_word' id='word_1_331' title='bbox 499 2711 592 2744; x_wconf 88' lang='lat' dir='ltr'>sunt.</span> <span class='ocrx_word' id='word_1_332' title='bbox 621 2707 760 2752; x_wconf 85' lang='lat' dir='ltr'>Sanguis</span> <span class='ocrx_word' id='word_1_333' title='bbox 782 2708 1055 2752; x_wconf 89' lang='lat' dir='ltr'>interemptorum</span> <span class='ocrx_word' id='word_1_334' title='bbox 1077 2707 1199 2741; x_wconf 87' lang='lat' dir='ltr'>clamat</span> 
     </span>
     <span class='ocr_line' id='line_1_49' title="bbox 263 2758 1202 2801; baseline -0.007 -3"><span class='ocrx_word' id='word_1_335' title='bbox 263 2764 304 2798; x_wconf 92' lang='lat' dir='ltr'>ad</span> <span class='ocrx_word' id='word_1_336' title='bbox 318 2762 504 2797; x_wconf 88' lang='lat' dir='ltr'>Dominum</span> <span class='ocrx_word' id='word_1_337' title='bbox 517 2784 528 2800; x_wconf 90' lang='lat'>,</span> <span class='ocrx_word' id='word_1_338' title='bbox 554 2758 704 2793; x_wconf 78' lang='lat' dir='ltr'>adversus</span> <span class='ocrx_word' id='word_1_339' title='bbox 716 2758 931 2801; x_wconf 82' lang='lat' dir='ltr'>persecutores</span> <span class='ocrx_word' id='word_1_340' title='bbox 950 2758 984 2792; x_wconf 69' lang='grc' dir='ltr'>ὃς</span> <span class='ocrx_word' id='word_1_341' title='bbox 1006 2759 1202 2801; x_wconf 71' lang='lat' dir='ltr'>oppressores</span> 
     </span>
     <span class='ocr_line' id='line_1_50' title="bbox 265 2807 1202 2851; baseline -0.007 -3"><span class='ocrx_word' id='word_1_342' title='bbox 265 2813 433 2851; x_wconf 84' lang='lat' dir='ltr'>Ecclesiae,</span> <span class='ocrx_word' id='word_1_343' title='bbox 458 2809 631 2845; x_wconf 89' lang='lat' dir='ltr'>&amp;utinam</span> <span class='ocrx_word' id='word_1_344' title='bbox 643 2819 711 2842; x_wconf 86' lang='lat' dir='ltr'>non</span> <span class='ocrx_word' id='word_1_345' title='bbox 723 2815 837 2842; x_wconf 91' lang='lat' dir='ltr'>contra</span> <span class='ocrx_word' id='word_1_346' title='bbox 847 2817 921 2848; x_wconf 90' lang='lat' dir='ltr'>me,</span> <span class='ocrx_word' id='word_1_347' title='bbox 947 2809 1106 2842; x_wconf 86' lang='lat' dir='ltr'>&amp;contra</span> <span class='ocrx_word' id='word_1_348' title='bbox 1127 2807 1202 2841; x_wconf 88' lang='lat' dir='ltr'>illos</span> 
     </span>
     <span class='ocr_line' id='line_1_51' title="bbox 267 2856 1202 2907; baseline -0.006 -10"><span class='ocrx_word' id='word_1_349' title='bbox 267 2864 370 2907; x_wconf 86' lang='lat' dir='ltr'>qui-se</span> <span class='ocrx_word' id='word_1_350' title='bbox 381 2862 552 2896; x_wconf 88' lang='lat' dir='ltr'>nobiscum</span> <span class='ocrx_word' id='word_1_351' title='bbox 563 2858 746 2904; x_wconf 71' lang='lat' dir='ltr'>opposuisse</span> <span class='ocrx_word' id='word_1_352' title='bbox 757 2856 937 2892; x_wconf 85' lang='lat' dir='ltr'>debuerant</span> <span class='ocrx_word' id='word_1_353' title='bbox 959 2869 1018 2901; x_wconf 91' lang='lat' dir='ltr'>pro</span> <span class='ocrx_word' id='word_1_354' title='bbox 1032 2856 1157 2904; x_wconf 86' lang='lat' dir='ltr'>legibus</span> <span class='ocrx_word' id='word_1_355' title='bbox 1168 2858 1202 2891; x_wconf 76' lang='grc' dir='ltr'>ἀ</span> 
     </span>
     <span class='ocr_line' id='line_1_52' title="bbox 266 2906 1202 2953; baseline -0.01 -4"><span class='ocrx_word' id='word_1_356' title='bbox 266 2915 384 2949; x_wconf 91' lang='lat' dir='ltr'>Domo</span> <span class='ocrx_word' id='word_1_357' title='bbox 395 2911 556 2946; x_wconf 88' lang='lat' dir='ltr'>Domini.</span> <span class='ocrx_word' id='word_1_358' title='bbox 583 2908 730 2948; x_wconf 85' lang='lat' dir='ltr'>Audite,</span> <span class='ocrx_word' id='word_1_359' title='bbox 756 2906 912 2950; x_wconf 75' lang='lat' dir='ltr'>fiplacet,</span> <span class='ocrx_word' id='word_1_360' title='bbox 939 2908 974 2942; x_wconf 71' lang='grc' dir='ltr'>ὃ(</span> <span class='ocrx_word' id='word_1_361' title='bbox 999 2906 1202 2953; x_wconf 73' lang='lat' dir='ltr'>intelligitea</span> 
     </span>
     <span class='ocr_line' id='line_1_53' title="bbox 269 2957 1203 3005; baseline -0.009 -7"><span class='ocrx_word' id='word_1_362' title='bbox 269 2963 435 3004; x_wconf 88' lang='lat' dir='ltr'>Nunciis,</span> <span class='ocrx_word' id='word_1_363' title='bbox 462 2961 519 3005; x_wconf 89' lang='lat' dir='ltr'>qui</span> <span class='ocrx_word' id='word_1_364' title='bbox 541 2971 644 3004; x_wconf 85' lang='lat' dir='ltr'>nuper</span> <span class='ocrx_word' id='word_1_365' title='bbox 662 2957 745 2993; x_wconf 84' lang='lat' dir='ltr'>miffi</span> <span class='ocrx_word' id='word_1_366' title='bbox 773 2958 867 2998; x_wconf 90' lang='lat' dir='ltr'>sunt,</span> <span class='ocrx_word' id='word_1_367' title='bbox 895 2969 1015 3001; x_wconf 85' lang='lat' dir='ltr'>quanta</span> <span class='ocrx_word' id='word_1_368' title='bbox 1041 2958 1203 2992; x_wconf 88' lang='lat' dir='ltr'>evidentia</span> 
     </span>
     <span class='ocr_line' id='line_1_54' title="bbox 269 3007 1205 3057; baseline -0.007 -10"><span class='ocrx_word' id='word_1_369' title='bbox 269 3013 470 3057; x_wconf 86' lang='lat' dir='ltr'>duplicitatis</span> <span class='ocrx_word' id='word_1_370' title='bbox 485 3012 519 3044; x_wconf 87' lang='lat'>&amp;</span> <span class='ocrx_word' id='word_1_371' title='bbox 541 3009 705 3054; x_wconf 87' lang='lat' dir='ltr'>pravitatis</span> <span class='ocrx_word' id='word_1_372' title='bbox 726 3007 872 3042; x_wconf 68' lang='lat' dir='ltr'>convicta</span> <span class='ocrx_word' id='word_1_373' title='bbox 898 3009 936 3040; x_wconf 86' lang='lat' dir='ltr'>fit</span> <span class='ocrx_word' id='word_1_374' title='bbox 957 3008 1075 3042; x_wconf 89' lang='lat' dir='ltr'>duritia</span> <span class='ocrx_word' id='word_1_375' title='bbox 1101 3009 1205 3053; x_wconf 88' lang='lat' dir='ltr'>Regis</span> 
     </span>
     <span class='ocr_line' id='line_1_55' title="bbox 272 3056 1204 3107; baseline -0.005 -10"><span class='ocrx_word' id='word_1_376' title='bbox 272 3062 460 3107; x_wconf 86' lang='lat' dir='ltr'>Anglorum</span> <span class='ocrx_word' id='word_1_377' title='bbox 474 3086 484 3102; x_wconf 90' lang='lat'>‚</span> <span class='ocrx_word' id='word_1_378' title='bbox 506 3061 586 3095; x_wconf 90' lang='lat' dir='ltr'>&amp;in</span> <span class='ocrx_word' id='word_1_379' title='bbox 605 3059 723 3103; x_wconf 86' lang='lat' dir='ltr'>quibus</span> <span class='ocrx_word' id='word_1_380' title='bbox 743 3056 862 3092; x_wconf 86' lang='lat' dir='ltr'>finibus</span> <span class='ocrx_word' id='word_1_381' title='bbox 877 3057 1024 3091; x_wconf 74' lang='lat' dir='ltr'>Ecclesiae</span> <span class='ocrx_word' id='word_1_382' title='bbox 1047 3059 1141 3092; x_wconf 87' lang='lat' dir='ltr'>causa</span> <span class='ocrx_word' id='word_1_383' title='bbox 1161 3069 1204 3092; x_wconf 90' lang='lat' dir='ltr'>re-</span> 
     </span>
     <span class='ocr_line' id='line_1_56' title="bbox 271 3107 1200 3150; baseline -0.005 -3"><span class='ocrx_word' id='word_1_384' title='bbox 271 3114 407 3148; x_wconf 74' lang='lat' dir='ltr'>sederit·</span> <span class='ocrx_word' id='word_1_385' title='bbox 444 3111 546 3144; x_wconf 90' lang='lat' dir='ltr'>Nunc</span> <span class='ocrx_word' id='word_1_386' title='bbox 566 3110 654 3144; x_wconf 88' lang='lat' dir='ltr'>enim</span> <span class='ocrx_word' id='word_1_387' title='bbox 673 3133 685 3149; x_wconf 89' lang='lat'><em>‚</em></span> <span class='ocrx_word' id='word_1_388' title='bbox 721 3117 759 3142; x_wconf 90' lang='lat' dir='ltr'>ut</span> <span class='ocrx_word' id='word_1_389' title='bbox 781 3109 925 3150; x_wconf 85' lang='lat' dir='ltr'>semper,</span> <span class='ocrx_word' id='word_1_390' title='bbox 950 3107 1037 3141; x_wconf 84' lang='lat' dir='ltr'>stetit</span> <span class='ocrx_word' id='word_1_391' title='bbox 1060 3119 1116 3150; x_wconf 89' lang='lat' dir='ltr'>per</span> <span class='ocrx_word' id='word_1_392' title='bbox 1140 3108 1200 3142; x_wconf 91' lang='lat' dir='ltr'>Re·</span> 
     </span>
     <span class='ocr_line' id='line_1_57' title="bbox 273 3156 1204 3209; baseline -0.008 -12"><span class='ocrx_word' id='word_1_393' title='bbox 273 3174 347 3209; x_wconf 84' lang='lat' dir='ltr'>gem</span> <span class='ocrx_word' id='word_1_394' title='bbox 357 3186 367 3202; x_wconf 93' lang='lat'>,</span> <span class='ocrx_word' id='word_1_395' title='bbox 391 3159 569 3206; x_wconf 72' lang='lat' dir='ltr'>quominus</span> <span class='ocrx_word' id='word_1_396' title='bbox 581 3172 644 3203; x_wconf 86' lang='lat' dir='ltr'>pax</span> <span class='ocrx_word' id='word_1_397' title='bbox 657 3160 898 3193; x_wconf 87' lang='lat' dir='ltr'>reformaretur.</span> <span class='ocrx_word' id='word_1_398' title='bbox 927 3156 1004 3202; x_wconf 87' lang='lat' dir='ltr'>Ego</span> <span class='ocrx_word' id='word_1_399' title='bbox 1022 3158 1111 3191; x_wconf 86' lang='lat' dir='ltr'>enirn</span> <span class='ocrx_word' id='word_1_400' title='bbox 1123 3170 1204 3202; x_wconf 88' lang='lat' dir='ltr'>qua-</span> 
     </span>
     <span class='ocr_line' id='line_1_58' title="bbox 275 3206 1204 3257; baseline -0.008 -9"><span class='ocrx_word' id='word_1_401' title='bbox 275 3213 370 3248; x_wconf 75' lang='lat' dir='ltr'>tenus</span> <span class='ocrx_word' id='word_1_402' title='bbox 381 3222 517 3257; x_wconf 88' lang='lat' dir='ltr'>potero,</span> <span class='ocrx_word' id='word_1_403' title='bbox 543 3211 631 3244; x_wconf 88' lang='lat' dir='ltr'>salvo</span> <span class='ocrx_word' id='word_1_404' title='bbox 651 3209 767 3243; x_wconf 87' lang='lat' dir='ltr'>ordine</span> <span class='ocrx_word' id='word_1_405' title='bbox 787 3219 863 3242; x_wconf 91' lang='lat' dir='ltr'>meo</span> <span class='ocrx_word' id='word_1_406' title='bbox 877 3231 888 3248; x_wconf 92' lang='lat'>,</span> <span class='ocrx_word' id='word_1_407' title='bbox 913 3208 948 3242; x_wconf 75' lang='grc' dir='ltr'>ἀ</span> <span class='ocrx_word' id='word_1_408' title='bbox 971 3206 1128 3241; x_wconf 88' lang='lat' dir='ltr'>fidelitate</span> <span class='ocrx_word' id='word_1_409' title='bbox 1146 3208 1204 3241; x_wconf 87' lang='lat' dir='ltr'>Ec·</span> 
     </span>
     <span class='ocr_line' id='line_1_59' title="bbox 277 3256 1207 3305; baseline -0.008 -7"><span class='ocrx_word' id='word_1_410' title='bbox 277 3263 377 3298; x_wconf 83' lang='lat' dir='ltr'>clesiae</span> <span class='ocrx_word' id='word_1_411' title='bbox 388 3265 548 3298; x_wconf 82' lang='lat' dir='ltr'>Romanae</span> <span class='ocrx_word' id='word_1_412' title='bbox 559 3260 736 3305; x_wconf 85' lang='lat' dir='ltr'>dignitates</span> <span class='ocrx_word' id='word_1_413' title='bbox 746 3258 813 3301; x_wconf 81' lang='lat' dir='ltr'>ejus</span> <span class='ocrx_word' id='word_1_414' title='bbox 823 3257 979 3292; x_wconf 80' lang='lat' dir='ltr'>fovendas</span> <span class='ocrx_word' id='word_1_415' title='bbox 989 3258 1023 3291; x_wconf 76' lang='grc' dir='ltr'>δι</span> <span class='ocrx_word' id='word_1_416' title='bbox 1044 3256 1207 3301; x_wconf 84' lang='lat' dir='ltr'>augendas</span> 
     </span>
     <span class='ocr_line' id='line_1_60' title="bbox 279 3308 1205 3352; baseline -0.005 -7"><span class='ocrx_word' id='word_1_417' title='bbox 279 3313 382 3346; x_wconf 89' lang='lat' dir='ltr'>libens</span> <span class='ocrx_word' id='word_1_418' title='bbox 393 3312 532 3348; x_wconf 82' lang='lat' dir='ltr'>admitto</span> <span class='ocrx_word' id='word_1_419' title='bbox 545 3335 556 3352; x_wconf 90' lang='lat'>,</span> <span class='ocrx_word' id='word_1_420' title='bbox 581 3310 635 3345; x_wconf 88' lang='lat' dir='ltr'>sed</span> <span class='ocrx_word' id='word_1_421' title='bbox 646 3320 715 3346; x_wconf 87' lang='lat' dir='ltr'>non</span> <span class='ocrx_word' id='word_1_422' title='bbox 727 3308 900 3351; x_wconf 89' lang='lat' dir='ltr'>adquiesco</span> <span class='ocrx_word' id='word_1_423' title='bbox 912 3333 922 3348; x_wconf 94' lang='lat'>,</span> <span class='ocrx_word' id='word_1_424' title='bbox 948 3318 983 3341; x_wconf 88' lang='lat' dir='ltr'>ut</span> <span class='ocrx_word' id='word_1_425' title='bbox 997 3317 1081 3340; x_wconf 88' lang='lat' dir='ltr'>nova</span> <span class='ocrx_word' id='word_1_426' title='bbox 1091 3308 1124 3340; x_wconf 77' lang='grc' dir='ltr'>δε</span> <span class='ocrx_word' id='word_1_427' title='bbox 1141 3318 1205 3350; x_wconf 85' lang='lat' dir='ltr'>per-</span> 
     </span>
     <span class='ocr_line' id='line_1_61' title="bbox 280 3357 1207 3401; baseline -0.008 -5"><span class='ocrx_word' id='word_1_428' title='bbox 280 3362 403 3396; x_wconf 84' lang='lat' dir='ltr'>niciosa</span> <span class='ocrx_word' id='word_1_429' title='bbox 425 3361 590 3397; x_wconf 87' lang='lat' dir='ltr'>fidelitatis</span> <span class='ocrx_word' id='word_1_430' title='bbox 611 3361 715 3395; x_wconf 89' lang='lat' dir='ltr'>forma</span> <span class='ocrx_word' id='word_1_431' title='bbox 735 3358 889 3401; x_wconf 84' lang='lat' dir='ltr'>exemplo</span> <span class='ocrx_word' id='word_1_432' title='bbox 901 3358 964 3391; x_wconf 87' lang='lat' dir='ltr'>mei</span> <span class='ocrx_word' id='word_1_433' title='bbox 977 3358 1011 3391; x_wconf 91' lang='lat' dir='ltr'>in</span> <span class='ocrx_word' id='word_1_434' title='bbox 1033 3357 1207 3390; x_wconf 85' lang='lat' dir='ltr'>Ecclesiam</span> 
     </span>
     <span class='ocr_line' id='line_1_62' title="bbox 281 3407 1207 3448; baseline -0.008 -2"><span class='ocrx_word' id='word_1_435' title='bbox 281 3411 472 3446; x_wconf 82' lang='lat' dir='ltr'>inducatur.</span> <span class='ocrx_word' id='word_1_436' title='bbox 502 3413 622 3446; x_wconf 83' lang='lat' dir='ltr'>Ablata</span> <span class='ocrx_word' id='word_1_437' title='bbox 642 3409 725 3444; x_wconf 86' lang='lat' dir='ltr'>mihi</span> <span class='ocrx_word' id='word_1_438' title='bbox 748 3410 781 3442; x_wconf 79' lang='grc' dir='ltr'>δι</span> <span class='ocrx_word' id='word_1_439' title='bbox 803 3408 882 3440; x_wconf 87' lang='lat' dir='ltr'>meis</span> <span class='ocrx_word' id='word_1_440' title='bbox 905 3432 916 3448; x_wconf 90' lang='lat'>,</span> <span class='ocrx_word' id='word_1_441' title='bbox 942 3418 997 3442; x_wconf 88' lang='lat' dir='ltr'>aut</span> <span class='ocrx_word' id='word_1_442' title='bbox 1017 3407 1207 3441; x_wconf 68' lang='lat' dir='ltr'>satisfactio—</span> 
     </span>
    </p>
   </div>
   <div class='ocr_carea' id='block_1_9' title="bbox 947 122 1539 181">
    <p class='ocr_par' dir='ltr' id='par_1_9' title="bbox 947 122 1539 181">
     <span class='ocr_line' id='line_1_63' title="bbox 947 122 1539 181; baseline 0.005 -9"><span class='ocrx_word' id='word_1_443' title='bbox 947 122 1539 181; x_wconf 50' lang='lat' dir='ltr'>*EP&#39;ISTOL‘AE</span> 
     </span>
    </p>
   </div>
   <div class='ocr_carea' id='block_1_10' title="bbox 1272 211 2217 361">
    <p class='ocr_par' dir='ltr' id='par_1_10' title="bbox 1272 211 2217 361">
     <span class='ocr_line' id='line_1_64' title="bbox 1272 211 2217 260; baseline 0.01 -14"><span class='ocrx_word' id='word_1_444' title='bbox 1272 211 1441 247; x_wconf 74' lang='lat' dir='ltr'>manifesta</span> <span class='ocrx_word' id='word_1_445' title='bbox 1465 213 1577 257; x_wconf 86' lang='lat' dir='ltr'>rapina</span> <span class='ocrx_word' id='word_1_446' title='bbox 1600 211 1777 257; x_wconf 76' lang='lat' dir='ltr'>irrequisita</span> <span class='ocrx_word' id='word_1_447' title='bbox 1798 221 1959 250; x_wconf 64' lang='lat' dir='ltr'>remanat</span> <span class='ocrx_word' id='word_1_448' title='bbox 1973 237 1990 256; x_wconf 80' lang='lat'>‚·</span> <span class='ocrx_word' id='word_1_449' title='bbox 2018 227 2158 256; x_wconf 78' lang='lat' dir='ltr'>vertatur</span> <span class='ocrx_word' id='word_1_450' title='bbox 2171 220 2217 260; x_wconf 65' lang='lat' dir='ltr'>la-</span> 
     </span>
     <span class='ocr_line' id='line_1_65' title="bbox 1275 261 2210 315; baseline 0.01 -20"><span class='ocrx_word' id='word_1_451' title='bbox 1275 261 1376 306; x_wconf 86' lang='lat' dir='ltr'>legem</span> <span class='ocrx_word' id='word_1_452' title='bbox 1390 285 1400 303; x_wconf 81' lang='lat'>,</span> <span class='ocrx_word' id='word_1_453' title='bbox 1424 264 1456 297; x_wconf 69' lang='grc' dir='ltr'>ὅ(</span> <span class='ocrx_word' id='word_1_454' title='bbox 1470 274 1535 297; x_wconf 90' lang='lat' dir='ltr'>tam</span> <span class='ocrx_word' id='word_1_455' title='bbox 1549 263 1682 306; x_wconf 88' lang='lat' dir='ltr'>posteris</span> <span class='ocrx_word' id='word_1_456' title='bbox 1694 264 1791 307; x_wconf 61' lang='lat' dir='ltr'>quim</span> <span class='ocrx_word' id='word_1_457' title='bbox 1805 265 1977 300; x_wconf 81' lang='lat' dir='ltr'>coaetaneis</span> <span class='ocrx_word' id='word_1_458' title='bbox 1997 263 2109 305; x_wconf 69' lang='lat' dir='ltr'>nostris</span> <span class='ocrx_word' id='word_1_459' title='bbox 2131 283 2210 315; x_wconf 74' lang='lat' dir='ltr'>prar-</span> 
     </span>
     <span class='ocr_line' id='line_1_66' title="bbox 1273 310 2206 361; baseline 0.01 -18"><span class='ocrx_word' id='word_1_460' title='bbox 1273 310 1332 345; x_wconf 90' lang='lat' dir='ltr'>stet</span> <span class='ocrx_word' id='word_1_461' title='bbox 1343 313 1511 348; x_wconf 87' lang='lat' dir='ltr'>audaciam</span> <span class='ocrx_word' id='word_1_462' title='bbox 1524 313 1668 347; x_wconf 80' lang='lat' dir='ltr'>similiter</span> <span class='ocrx_word' id='word_1_463' title='bbox 1678 314 1915 356; x_wconf 80' lang='lat' dir='ltr'>delinquendi.</span> <span class='ocrx_word' id='word_1_464' title='bbox 1947 313 2017 350; x_wconf 88' lang='lat' dir='ltr'>Vos</span> <span class='ocrx_word' id='word_1_465' title='bbox 2026 315 2133 361; x_wconf 66' lang='lat' dir='ltr'>itaque</span> <span class='ocrx_word' id='word_1_466' title='bbox 2147 344 2160 361; x_wconf 84' lang='lat'>,</span> <span class='ocrx_word' id='word_1_467' title='bbox 2182 321 2206 355; x_wconf 82' lang='lat' dir='ltr'>fi</span> 
     </span>
    </p>
   </div>
   <div class='ocr_carea' id='block_1_11' title="bbox 1255 361 2206 408">
    <p class='ocr_par' dir='ltr' id='par_1_11' title="bbox 1255 361 2206 408">
     <span class='ocr_line' id='line_1_67' title="bbox 1255 361 2206 408; baseline 0.008 -14"><span class='ocrx_word' id='word_1_468' title='bbox 1255 382 1257 387; x_wconf 39' lang='grc' dir='ltr'><em>ν</em></span> <span class='ocrx_word' id='word_1_469' title='bbox 1273 361 1376 404; x_wconf 82' lang='lat' dir='ltr'>placet</span> <span class='ocrx_word' id='word_1_470' title='bbox 1389 388 1408 403; x_wconf 92' lang='lat'>,-</span> <span class='ocrx_word' id='word_1_471' title='bbox 1426 365 1588 408; x_wconf 73' lang='lat' dir='ltr'>exsurgite</span> <span class='ocrx_word' id='word_1_472' title='bbox 1602 366 1635 396; x_wconf 90' lang='lat' dir='ltr'>in</span> <span class='ocrx_word' id='word_1_473' title='bbox 1657 364 1852 407; x_wconf 86' lang='lat' dir='ltr'>adjutorium</span> <span class='ocrx_word' id='word_1_474' title='bbox 1864 365 1929 408; x_wconf 84' lang='lat' dir='ltr'>jam</span> <span class='ocrx_word' id='word_1_475' title='bbox 1940 364 2006 399; x_wconf 76' lang='lat' dir='ltr'>fere</span> <span class='ocrx_word' id='word_1_476' title='bbox 2029 364 2206 407; x_wconf 73' lang='lat' dir='ltr'>deficientis</span> 
     </span>
    </p>
   </div>
   <div class='ocr_carea' id='block_1_12' title="bbox 1264 410 2223 1050">
    <p class='ocr_par' dir='ltr' id='par_1_12' title="bbox 1264 410 2223 1050">
     <span class='ocr_line' id='line_1_68' title="bbox 1275 410 2211 458; baseline 0.006 -13"><span class='ocrx_word' id='word_1_477' title='bbox 1275 410 1439 455; x_wconf 78' lang='lat' dir='ltr'>Ecclefiae,</span> <span class='ocrx_word' id='word_1_478' title='bbox 1465 415 1497 448; x_wconf 71' lang='grc' dir='ltr'>ὃς</span> <span class='ocrx_word' id='word_1_479' title='bbox 1517 414 1704 457; x_wconf 88' lang='lat' dir='ltr'>persuadete</span> <span class='ocrx_word' id='word_1_480' title='bbox 1727 414 1879 449; x_wconf 90' lang='lat' dir='ltr'>Domino</span> <span class='ocrx_word' id='word_1_481' title='bbox 1901 414 2012 458; x_wconf 78' lang='lat' dir='ltr'>Papae,</span> <span class='ocrx_word' id='word_1_482' title='bbox 2038 416 2072 450; x_wconf 88' lang='lat'>&amp;</span> <span class='ocrx_word' id='word_1_483' title='bbox 2094 416 2211 452; x_wconf 70' lang='lat' dir='ltr'>Fratri-</span> 
     </span>
     <span class='ocr_line' id='line_1_69' title="bbox 1275 461 2223 508; baseline 0.009 -15"><span class='ocrx_word' id='word_1_484' title='bbox 1275 461 1333 494; x_wconf 91' lang='lat' dir='ltr'>bus</span> <span class='ocrx_word' id='word_1_485' title='bbox 1355 463 1484 503; x_wconf 88' lang='lat' dir='ltr'>vestris,</span> <span class='ocrx_word' id='word_1_486' title='bbox 1524 477 1565 499; x_wconf 87' lang='lat' dir='ltr'>ne</span> <span class='ocrx_word' id='word_1_487' title='bbox 1587 464 1711 498; x_wconf 82' lang='lat' dir='ltr'>diutius</span> <span class='ocrx_word' id='word_1_488' title='bbox 1735 476 1800 498; x_wconf 90' lang='lat' dir='ltr'>tam</span> <span class='ocrx_word' id='word_1_489' title='bbox 1824 465 2031 500; x_wconf 86' lang='lat' dir='ltr'>manifestam</span> <span class='ocrx_word' id='word_1_490' title='bbox 2054 465 2223 508; x_wconf 30' lang='lat' dir='ltr'>injuriam&lt;</span> 
     </span>
     <span class='ocr_line' id='line_1_70' title="bbox 1273 509 2210 559; baseline 0.007 -16"><span class='ocrx_word' id='word_1_491' title='bbox 1273 509 1392 545; x_wconf 86' lang='lat' dir='ltr'>Christi</span> <span class='ocrx_word' id='word_1_492' title='bbox 1405 513 1624 554; x_wconf 73' lang='lat' dir='ltr'>diffimulenr,</span> <span class='ocrx_word' id='word_1_493' title='bbox 1650 517 1702 549; x_wconf 89' lang='lat' dir='ltr'>cui</span> <span class='ocrx_word' id='word_1_494' title='bbox 1717 515 1888 550; x_wconf 91' lang='lat' dir='ltr'>nobiscum</span> <span class='ocrx_word' id='word_1_495' title='bbox 1911 516 1976 550; x_wconf 85' lang='lat' dir='ltr'>siue</span> <span class='ocrx_word' id='word_1_496' title='bbox 1997 516 2210 559; x_wconf 86' lang='lat' dir='ltr'>personarum</span> 
     </span>
     <span class='ocr_line' id='line_1_71' title="bbox 1271 563 2210 609; baseline 0.006 -15"><span class='ocrx_word' id='word_1_497' title='bbox 1271 563 1461 605; x_wconf 87' lang='lat' dir='ltr'>acceptione</span> <span class='ocrx_word' id='word_1_498' title='bbox 1472 565 1611 599; x_wconf 82' lang='lat' dir='ltr'>reddetis</span> <span class='ocrx_word' id='word_1_499' title='bbox 1636 565 1667 598; x_wconf 92' lang='lat' dir='ltr'>in</span> <span class='ocrx_word' id='word_1_500' title='bbox 1683 565 1770 599; x_wconf 91' lang='lat' dir='ltr'>brevi</span> <span class='ocrx_word' id='word_1_501' title='bbox 1782 567 1975 600; x_wconf 70' lang='lat' dir='ltr'>cunstorum</span> <span class='ocrx_word' id='word_1_502' title='bbox 1999 575 2135 609; x_wconf 87' lang='lat' dir='ltr'>operum</span> <span class='ocrx_word' id='word_1_503' title='bbox 2154 577 2210 600; x_wconf 85' lang='lat' dir='ltr'>ra-</span> 
     </span>
     <span class='ocr_line' id='line_1_72' title="bbox 1270 613 2214 660; baseline 0.006 -17"><span class='ocrx_word' id='word_1_504' title='bbox 1270 613 1415 646; x_wconf 84' lang='lat' dir='ltr'>tionem.</span> <span class='ocrx_word' id='word_1_505' title='bbox 1443 613 1531 648; x_wconf 89' lang='lat' dir='ltr'>Nam</span> <span class='ocrx_word' id='word_1_506' title='bbox 1552 618 1782 658; x_wconf 87' lang='lat' dir='ltr'>opportunitas</span> <span class='ocrx_word' id='word_1_507' title='bbox 1806 615 1906 660; x_wconf 77' lang='lat' dir='ltr'>saepe,</span> <span class='ocrx_word' id='word_1_508' title='bbox 1945 617 2026 651; x_wconf 88' lang='lat' dir='ltr'>dum</span> <span class='ocrx_word' id='word_1_509' title='bbox 2048 616 2214 659; x_wconf 72' lang='lat' dir='ltr'>exspecta-</span> 
     </span>
     <span class='ocr_line' id='line_1_73' title="bbox 1270 662 2211 711; baseline 0.006 -17"><span class='ocrx_word' id='word_1_510' title='bbox 1270 671 1342 702; x_wconf 90' lang='lat' dir='ltr'>tur,</span> <span class='ocrx_word' id='word_1_511' title='bbox 1366 662 1524 698; x_wconf 88' lang='lat' dir='ltr'>elabitur.</span> <span class='ocrx_word' id='word_1_512' title='bbox 1553 665 1595 698; x_wconf 91' lang='lat' dir='ltr'>Et</span> <span class='ocrx_word' id='word_1_513' title='bbox 1618 666 1718 708; x_wconf 87' lang='lat' dir='ltr'>culpae</span> <span class='ocrx_word' id='word_1_514' title='bbox 1742 666 1899 709; x_wconf 83' lang='lat' dir='ltr'>particeps</span> <span class='ocrx_word' id='word_1_515' title='bbox 1919 667 1964 701; x_wconf 87' lang='lat' dir='ltr'>est</span> <span class='ocrx_word' id='word_1_516' title='bbox 1988 690 2000 707; x_wconf 92' lang='lat'>,</span> <span class='ocrx_word' id='word_1_517' title='bbox 2036 665 2093 711; x_wconf 84' lang='lat' dir='ltr'>qui</span> <span class='ocrx_word' id='word_1_518' title='bbox 2117 664 2211 710; x_wconf 81' lang='lat' dir='ltr'>quod</span> 
     </span>
     <span class='ocr_line' id='line_1_74' title="bbox 1270 712 2213 760; baseline 0.005 -16"><span class='ocrx_word' id='word_1_519' title='bbox 1270 712 1371 754; x_wconf 86' lang='lat' dir='ltr'>potest</span> <span class='ocrx_word' id='word_1_520' title='bbox 1397 714 1575 759; x_wconf 84' lang='lat' dir='ltr'>corrigere,</span> <span class='ocrx_word' id='word_1_521' title='bbox 1602 716 1744 760; x_wconf 86' lang='lat' dir='ltr'>negligit</span> <span class='ocrx_word' id='word_1_522' title='bbox 1762 716 1952 751; x_wconf 88' lang='lat' dir='ltr'>emendare.</span> <span class='ocrx_word' id='word_1_523' title='bbox 1982 715 2111 750; x_wconf 84' lang='lat' dir='ltr'>Nuncii</span> <span class='ocrx_word' id='word_1_524' title='bbox 2137 715 2213 759; x_wconf 86' lang='lat' dir='ltr'>sup·</span> 
     </span>
     <span class='ocr_line' id='line_1_75' title="bbox 1270 761 2214 810; baseline 0.004 -15"><span class='ocrx_word' id='word_1_525' title='bbox 1270 761 1406 804; x_wconf 87' lang='lat' dir='ltr'>plebunt</span> <span class='ocrx_word' id='word_1_526' title='bbox 1416 774 1548 807; x_wconf 71' lang='lat' dir='ltr'>caetera,</span> <span class='ocrx_word' id='word_1_527' title='bbox 1573 766 1684 810; x_wconf 75' lang='lat' dir='ltr'>quossi</span> <span class='ocrx_word' id='word_1_528' title='bbox 1699 767 1803 810; x_wconf 83' lang='lat' dir='ltr'>placet</span> <span class='ocrx_word' id='word_1_529' title='bbox 1817 792 1827 807; x_wconf 93' lang='lat'><em>‚</em></span> <span class='ocrx_word' id='word_1_530' title='bbox 1850 778 1908 810; x_wconf 88' lang='lat' dir='ltr'>pro</span> <span class='ocrx_word' id='word_1_531' title='bbox 1921 765 2055 802; x_wconf 86' lang='lat' dir='ltr'>Christo</span> <span class='ocrx_word' id='word_1_532' title='bbox 2067 764 2214 808; x_wconf 75' lang='lat' dir='ltr'>audiatis</span> 
     </span>
     <span class='ocr_line' id='line_1_76' title="bbox 1269 811 2214 859; baseline 0.007 -16"><span class='ocrx_word' id='word_1_533' title='bbox 1269 811 1302 844; x_wconf 90' lang='lat' dir='ltr'>in</span> <span class='ocrx_word' id='word_1_534' title='bbox 1316 814 1409 846; x_wconf 82' lang='lat' dir='ltr'>causa</span> <span class='ocrx_word' id='word_1_535' title='bbox 1419 812 1543 848; x_wconf 87' lang='lat' dir='ltr'>Christi</span> <span class='ocrx_word' id='word_1_536' title='bbox 1560 840 1567 847; x_wconf 95' lang='lat'>.</span> <span class='ocrx_word' id='word_1_537' title='bbox 1595 815 1638 849; x_wconf 86' lang='lat' dir='ltr'>Et</span> <span class='ocrx_word' id='word_1_538' title='bbox 1663 816 1684 849; x_wconf 87' lang='lat' dir='ltr'>fi</span> <span class='ocrx_word' id='word_1_539' title='bbox 1708 814 1792 850; x_wconf 77' lang='lat' dir='ltr'>forte</span> <span class='ocrx_word' id='word_1_540' title='bbox 1818 817 2060 851; x_wconf 89' lang='lat' dir='ltr'>Londoniensis</span> <span class='ocrx_word' id='word_1_541' title='bbox 2078 815 2214 859; x_wconf 82' lang='lat' dir='ltr'>Episco-</span> 
     </span>
     <span class='ocr_line' id='line_1_77' title="bbox 1269 863 2213 904; baseline 0.005 -7"><span class='ocrx_word' id='word_1_542' title='bbox 1269 863 1367 904; x_wconf 87' lang='lat' dir='ltr'>pus&amp;</span> <span class='ocrx_word' id='word_1_543' title='bbox 1377 863 1560 899; x_wconf 84' lang='lat' dir='ltr'>Gaufredus</span> <span class='ocrx_word' id='word_1_544' title='bbox 1572 865 1670 901; x_wconf 80' lang='lat' dir='ltr'>Rides</span> <span class='ocrx_word' id='word_1_545' title='bbox 1691 866 1731 900; x_wconf 86' lang='lat' dir='ltr'>ad</span> <span class='ocrx_word' id='word_1_546' title='bbox 1751 866 1926 900; x_wconf 87' lang='lat' dir='ltr'>Ecclesiam</span> <span class='ocrx_word' id='word_1_547' title='bbox 1951 866 2142 901; x_wconf 87' lang='lat' dir='ltr'>Romanam</span> <span class='ocrx_word' id='word_1_548' title='bbox 2160 876 2213 899; x_wconf 87' lang='lat' dir='ltr'>ve-</span> 
     </span>
     <span class='ocr_line' id='line_1_78' title="bbox 1269 912 2212 959; baseline 0.005 -15"><span class='ocrx_word' id='word_1_549' title='bbox 1269 912 1376 945; x_wconf 89' lang='lat' dir='ltr'>nerint</span> <span class='ocrx_word' id='word_1_550' title='bbox 1387 938 1397 954; x_wconf 88' lang='lat'>,</span> <span class='ocrx_word' id='word_1_551' title='bbox 1422 925 1478 948; x_wconf 88' lang='lat' dir='ltr'>eos</span> <span class='ocrx_word' id='word_1_552' title='bbox 1491 914 1576 949; x_wconf 88' lang='lat' dir='ltr'>velut</span> <span class='ocrx_word' id='word_1_553' title='bbox 1593 914 1816 950; x_wconf 64' lang='lat' dir='ltr'>AnrbChristi</span> <span class='ocrx_word' id='word_1_554' title='bbox 1829 916 1975 951; x_wconf 88' lang='lat' dir='ltr'>membra</span> <span class='ocrx_word' id='word_1_555' title='bbox 1993 918 2139 956; x_wconf 63' lang='lat' dir='ltr'>tractate,</span> <span class='ocrx_word' id='word_1_556' title='bbox 2152 915 2212 959; x_wconf 88' lang='lat' dir='ltr'>qui</span> 
     </span>
     <span class='ocr_line' id='line_1_79' title="bbox 1264 961 2215 1009; baseline 0.008 -14"><span class='ocrx_word' id='word_1_557' title='bbox 1264 961 1328 1004; x_wconf 82' lang='lat' dir='ltr'>jam</span> <span class='ocrx_word' id='word_1_558' title='bbox 1340 961 1538 1005; x_wconf 85' lang='lat' dir='ltr'>Mysterium</span> <span class='ocrx_word' id='word_1_559' title='bbox 1552 965 1736 1009; x_wconf 87' lang='lat' dir='ltr'>iniquitatis</span> <span class='ocrx_word' id='word_1_560' title='bbox 1749 966 1808 999; x_wconf 84' lang='lat' dir='ltr'>suae</span> <span class='ocrx_word' id='word_1_561' title='bbox 1821 977 1974 1009; x_wconf 87' lang='lat' dir='ltr'>operatur</span> <span class='ocrx_word' id='word_1_562' title='bbox 1985 967 2019 1001; x_wconf 89' lang='lat' dir='ltr'>in</span> <span class='ocrx_word' id='word_1_563' title='bbox 2035 967 2099 1002; x_wconf 88' lang='lat' dir='ltr'>illis</span> <span class='ocrx_word' id='word_1_564' title='bbox 2114 990 2121 998; x_wconf 84' lang='lat'><strong>·</strong></span> <span class='ocrx_word' id='word_1_565' title='bbox 2146 964 2215 1000; x_wconf 78' lang='lat' dir='ltr'>Va·</span> 
     </span>
     <span class='ocr_line' id='line_1_80' title="bbox 1267 1012 1970 1050; baseline 0.011 -5"><span class='ocrx_word' id='word_1_566' title='bbox 1267 1012 1330 1046; x_wconf 85' lang='lat' dir='ltr'>leat</span> <span class='ocrx_word' id='word_1_567' title='bbox 1343 1012 1490 1049; x_wconf 72' lang='lat' dir='ltr'>sanstitas</span> <span class='ocrx_word' id='word_1_568' title='bbox 1502 1013 1602 1050; x_wconf 81' lang='lat' dir='ltr'>vestra</span> <span class='ocrx_word' id='word_1_569' title='bbox 1611 1039 1618 1048; x_wconf 83' lang='lat'><strong>.</strong></span> <span class='ocrx_word' id='word_1_570' title='bbox 1842 1029 1844 1031; x_wconf 72' lang='grc'>’</span> <span class='ocrx_word' id='word_1_571' title='bbox 1962 1025 1970 1035; x_wconf 89' lang='grc'><em>·</em></span> 
     </span>
    </p>
   </div>
   <div class='ocr_carea' id='block_1_13' title="bbox 1415 1136 2142 1309">
    <p class='ocr_par' dir='ltr' id='par_1_13' title="bbox 1415 1136 2142 1309">
     <span class='ocr_line' id='line_1_81' title="bbox 1415 1136 2142 1204; baseline 0 -5"><span class='ocrx_word' id='word_1_572' title='bbox 1415 1162 1825 1204; x_wconf 66' lang='grc' dir='ltr'>ΕΡιεΤοιΛ</span> <span class='ocrx_word' id='word_1_573' title='bbox 1969 1136 2142 1201; x_wconf 74' lang='lat' dir='ltr'>mx.-v</span> 
     </span>
     <span class='ocr_line' id='line_1_82' title="bbox 1511 1265 1967 1309; baseline 0.002 -11"><span class='ocrx_word' id='word_1_574' title='bbox 1511 1266 1593 1299; x_wconf 81' lang='lat' dir='ltr'>Idem</span> <span class='ocrx_word' id='word_1_575' title='bbox 1620 1265 1777 1306; x_wconf 83' lang='lat' dir='ltr'>Portuenfi</span> <span class='ocrx_word' id='word_1_576' title='bbox 1799 1265 1944 1309; x_wconf 81' lang='lat' dir='ltr'>Episcopo</span> <span class='ocrx_word' id='word_1_577' title='bbox 1960 1292 1967 1299; x_wconf 91' lang='lat'><strong>.</strong></span> 
     </span>
    </p>
   </div>
   <div class='ocr_carea' id='block_1_14' title="bbox 1378 1346 2219 1458">
    <p class='ocr_par' dir='ltr' id='par_1_14' title="bbox 1378 1346 2219 1458">
     <span class='ocr_line' id='line_1_83' title="bbox 1378 1346 2219 1410; baseline 0.005 -14"><span class='ocrx_word' id='word_1_578' title='bbox 1378 1362 1451 1397; x_wconf 76' lang='lat'>1881</span> <span class='ocrx_word' id='word_1_579' title='bbox 1479 1352 1605 1397; x_wconf 88' lang='lat' dir='ltr'>suntad</span> <span class='ocrx_word' id='word_1_580' title='bbox 1619 1363 1744 1408; x_wconf 84' lang='lat' dir='ltr'>Regem</span> <span class='ocrx_word' id='word_1_581' title='bbox 1771 1363 1900 1410; x_wconf 80' lang='lat' dir='ltr'>Angliae</span> <span class='ocrx_word' id='word_1_582' title='bbox 1920 1364 2049 1399; x_wconf 90' lang='lat' dir='ltr'>Nuncii</span> <span class='ocrx_word' id='word_1_583' title='bbox 2075 1364 2174 1401; x_wconf 87' lang='lat' dir='ltr'>multi</span> <span class='ocrx_word' id='word_1_584' title='bbox 2201 1346 2219 1408; x_wconf 27' lang='grc' dir='ltr'>,Δ</span> 
     </span>
     <span class='ocr_line' id='line_1_84' title="bbox 1402 1413 2218 1458; baseline 0.005 -12"><span class='ocrx_word' id='word_1_585' title='bbox 1402 1423 1540 1455; x_wconf 88' lang='lat' dir='ltr'>quorum</span> <span class='ocrx_word' id='word_1_586' title='bbox 1553 1413 1704 1446; x_wconf 80' lang='lat' dir='ltr'>omnium</span> <span class='ocrx_word' id='word_1_587' title='bbox 1717 1414 1779 1447; x_wconf 89' lang='lat' dir='ltr'>fuit</span> <span class='ocrx_word' id='word_1_588' title='bbox 1794 1415 1884 1451; x_wconf 78' lang='lat' dir='ltr'>labor</span> <span class='ocrx_word' id='word_1_589' title='bbox 1905 1414 2136 1450; x_wconf 57' lang='lat' dir='ltr'>infructuosus.</span> <span class='ocrx_word' id='word_1_590' title='bbox 2165 1414 2218 1458; x_wconf 58' lang='lat' dir='ltr'>‚Ec</span> 
     </span>
    </p>
   </div>
   <div class='ocr_carea' id='block_1_15' title="bbox 1255 1450 2213 1507">
    <p class='ocr_par' dir='ltr' id='par_1_15' title="bbox 1255 1450 2213 1507">
     <span class='ocr_line' id='line_1_85' title="bbox 1255 1450 2213 1507; baseline 0.004 -12"><span class='ocrx_word' id='word_1_591' title='bbox 1255 1450 1436 1504; x_wconf 66' lang='lat' dir='ltr'>{quomodo</span> <span class='ocrx_word' id='word_1_592' title='bbox 1447 1461 1624 1495; x_wconf 80' lang='lat' dir='ltr'>novissimis</span> <span class='ocrx_word' id='word_1_593' title='bbox 1637 1462 1703 1497; x_wconf 83' lang='lat' dir='ltr'>istis</span> <span class='ocrx_word' id='word_1_594' title='bbox 1714 1485 1723 1500; x_wconf 94' lang='lat'>,</span> <span class='ocrx_word' id='word_1_595' title='bbox 1750 1464 1794 1496; x_wconf 93' lang='lat' dir='ltr'>D.</span> <span class='ocrx_word' id='word_1_596' title='bbox 1805 1463 1968 1502; x_wconf 85' lang='lat' dir='ltr'>Gratiano</span> <span class='ocrx_word' id='word_1_597' title='bbox 1987 1465 2020 1498; x_wconf 87' lang='lat'>&amp;</span> <span class='ocrx_word' id='word_1_598' title='bbox 2030 1463 2183 1502; x_wconf 71' lang='lat' dir='ltr'>Viviano</span> <span class='ocrx_word' id='word_1_599' title='bbox 2195 1489 2213 1507; x_wconf 40' lang='lat'>‚⁴</span> 
     </span>
    </p>
   </div>
   <div class='ocr_carea' id='block_1_16' title="bbox 1265 1511 2219 2153">
    <p class='ocr_par' dir='ltr' id='par_1_16' title="bbox 1265 1511 2219 2153">
     <span class='ocr_line' id='line_1_86' title="bbox 1265 1511 2209 1556; baseline 0.003 -12"><span class='ocrx_word' id='word_1_600' title='bbox 1265 1522 1359 1553; x_wconf 87' lang='lat' dir='ltr'>opera</span> <span class='ocrx_word' id='word_1_601' title='bbox 1375 1512 1518 1554; x_wconf 88' lang='lat' dir='ltr'>impensa</span> <span class='ocrx_word' id='word_1_602' title='bbox 1543 1511 1692 1554; x_wconf 81' lang='lat' dir='ltr'>perierit,</span> <span class='ocrx_word' id='word_1_603' title='bbox 1720 1512 1740 1544; x_wconf 90' lang='lat' dir='ltr'>si</span> <span class='ocrx_word' id='word_1_604' title='bbox 1755 1512 1882 1555; x_wconf 88' lang='lat' dir='ltr'>placet,</span> <span class='ocrx_word' id='word_1_605' title='bbox 1908 1511 1950 1546; x_wconf 92' lang='lat' dir='ltr'>ab</span> <span class='ocrx_word' id='word_1_606' title='bbox 1974 1512 2047 1556; x_wconf 84' lang='lat' dir='ltr'>ipsis</span> <span class='ocrx_word' id='word_1_607' title='bbox 2072 1514 2209 1554; x_wconf 60' lang='lat' dir='ltr'>referque</span> 
     </span>
     <span class='ocr_line' id='line_1_87' title="bbox 1266 1559 2217 1608; baseline 0.004 -15"><span class='ocrx_word' id='word_1_608' title='bbox 1266 1559 1353 1593; x_wconf 89' lang='lat' dir='ltr'>tibus</span> <span class='ocrx_word' id='word_1_609' title='bbox 1364 1561 1497 1603; x_wconf 79' lang='lat' dir='ltr'>potestis</span> <span class='ocrx_word' id='word_1_610' title='bbox 1509 1560 1641 1608; x_wconf 82' lang='lat' dir='ltr'>audire.</span> <span class='ocrx_word' id='word_1_611' title='bbox 1671 1562 1742 1595; x_wconf 84' lang='lat' dir='ltr'>Rex</span> <span class='ocrx_word' id='word_1_612' title='bbox 1755 1563 1788 1596; x_wconf 89' lang='lat'>&amp;</span> <span class='ocrx_word' id='word_1_613' title='bbox 1803 1564 1850 1597; x_wconf 87' lang='lat' dir='ltr'>sui</span> <span class='ocrx_word' id='word_1_614' title='bbox 1874 1573 1963 1597; x_wconf 87' lang='lat' dir='ltr'>nuuc</span> <span class='ocrx_word' id='word_1_615' title='bbox 1978 1586 1989 1603; x_wconf 90' lang='lat'>,</span> <span class='ocrx_word' id='word_1_616' title='bbox 2014 1571 2049 1597; x_wconf 92' lang='lat' dir='ltr'>ut</span> <span class='ocrx_word' id='word_1_617' title='bbox 2061 1563 2188 1606; x_wconf 80' lang='lat' dir='ltr'>semper</span> <span class='ocrx_word' id='word_1_618' title='bbox 2202 1587 2217 1605; x_wconf 85' lang='lat'>,</span> 
     </span>
     <span class='ocr_line' id='line_1_88' title="bbox 1267 1610 2214 1656; baseline 0.006 -13"><span class='ocrx_word' id='word_1_619' title='bbox 1267 1610 1483 1654; x_wconf 83' lang='lat' dir='ltr'>impedierunt</span> <span class='ocrx_word' id='word_1_620' title='bbox 1498 1621 1607 1653; x_wconf 82' lang='lat' dir='ltr'>pacem</span> <span class='ocrx_word' id='word_1_621' title='bbox 1620 1635 1632 1652; x_wconf 94' lang='lat'>,</span> <span class='ocrx_word' id='word_1_622' title='bbox 1647 1612 1721 1645; x_wconf 76' lang='lat' dir='ltr'>cum</span> <span class='ocrx_word' id='word_1_623' title='bbox 1734 1622 1798 1656; x_wconf 86' lang='lat' dir='ltr'>ego</span> <span class='ocrx_word' id='word_1_624' title='bbox 1824 1613 1857 1646; x_wconf 77' lang='grc' dir='ltr'>δι</span> <span class='ocrx_word' id='word_1_625' title='bbox 1871 1612 2026 1647; x_wconf 86' lang='lat' dir='ltr'>coexules</span> <span class='ocrx_word' id='word_1_626' title='bbox 2039 1613 2106 1647; x_wconf 86' lang='lat' dir='ltr'>mei</span> <span class='ocrx_word' id='word_1_627' title='bbox 2116 1612 2214 1649; x_wconf 82' lang='lat' dir='ltr'>Nun-</span> 
     </span>
     <span class='ocr_line' id='line_1_89' title="bbox 1267 1656 2218 1709; baseline 0.007 -16"><span class='ocrx_word' id='word_1_628' title='bbox 1267 1660 1348 1699; x_wconf 88' lang='lat' dir='ltr'>ciis,</span> <span class='ocrx_word' id='word_1_629' title='bbox 1373 1661 1640 1695; x_wconf 86' lang='lat' dir='ltr'>sicut-Dominus</span> <span class='ocrx_word' id='word_1_630' title='bbox 1661 1662 1855 1701; x_wconf 83' lang='lat' dir='ltr'>Senonensis</span> <span class='ocrx_word' id='word_1_631' title='bbox 1878 1662 1913 1697; x_wconf 87' lang='lat'>&amp;</span> <span class='ocrx_word' id='word_1_632' title='bbox 1939 1662 2096 1709; x_wconf 81' lang='lat' dir='ltr'>Episcopi</span> <span class='ocrx_word' id='word_1_633' title='bbox 2119 1685 2132 1703; x_wconf 86' lang='lat'>‚</span> <span class='ocrx_word' id='word_1_634' title='bbox 2156 1656 2218 1707; x_wconf 60' lang='lat' dir='ltr'>qul</span> 
     </span>
     <span class='ocr_line' id='line_1_90' title="bbox 1271 1711 2219 1757; baseline 0.005 -13"><span class='ocrx_word' id='word_1_635' title='bbox 1271 1712 1431 1753; x_wconf 69' lang='lat' dir='ltr'>presentes</span> <span class='ocrx_word' id='word_1_636' title='bbox 1441 1713 1574 1746; x_wconf 85' lang='lat' dir='ltr'>aderant</span> <span class='ocrx_word' id='word_1_637' title='bbox 1587 1734 1598 1750; x_wconf 85' lang='lat'>,</span> <span class='ocrx_word' id='word_1_638' title='bbox 1623 1712 1796 1746; x_wconf 85' lang='lat' dir='ltr'>audierunt</span> <span class='ocrx_word' id='word_1_639' title='bbox 1809 1738 1820 1753; x_wconf 94' lang='lat'>,</span> <span class='ocrx_word' id='word_1_640' title='bbox 1847 1713 2078 1757; x_wconf 82' lang='lat' dir='ltr'>usquequaque</span> <span class='ocrx_word' id='word_1_641' title='bbox 2087 1711 2219 1749; x_wconf 74' lang='lat' dir='ltr'>obtem-¹.</span> 
     </span>
     <span class='ocr_line' id='line_1_91' title="bbox 1267 1761 2216 1806; baseline 0.004 -12"><span class='ocrx_word' id='word_1_642' title='bbox 1267 1761 1505 1803; x_wconf 85' lang='lat' dir='ltr'>peraverimus.</span> <span class='ocrx_word' id='word_1_643' title='bbox 1549 1762 1591 1794; x_wconf 87' lang='lat' dir='ltr'>Et</span> <span class='ocrx_word' id='word_1_644' title='bbox 1613 1762 1721 1795; x_wconf 88' lang='lat' dir='ltr'>adhuc</span> <span class='ocrx_word' id='word_1_645' title='bbox 1743 1761 1877 1805; x_wconf 87' lang='lat' dir='ltr'>quidem</span> <span class='ocrx_word' id='word_1_646' title='bbox 1893 1787 1903 1803; x_wconf 88' lang='lat'>,</span> <span class='ocrx_word' id='word_1_647' title='bbox 1939 1762 2103 1806; x_wconf 67' lang='lat' dir='ltr'>quantum</span> <span class='ocrx_word' id='word_1_648' title='bbox 2123 1761 2216 1801; x_wconf 65' lang='lat' dir='ltr'>saluo</span> 
     </span>
     <span class='ocr_line' id='line_1_92' title="bbox 1265 1809 2216 1854; baseline 0.003 -11"><span class='ocrx_word' id='word_1_649' title='bbox 1265 1809 1383 1843; x_wconf 85' lang='lat' dir='ltr'>ordine</span> <span class='ocrx_word' id='word_1_650' title='bbox 1399 1821 1494 1848; x_wconf 89' lang='lat' dir='ltr'>meo,</span> <span class='ocrx_word' id='word_1_651' title='bbox 1519 1810 1723 1844; x_wconf 63' lang='lat' dir='ltr'>&amp;fidelitate</span> <span class='ocrx_word' id='word_1_652' title='bbox 1751 1812 1898 1845; x_wconf 71' lang='lat' dir='ltr'>Ecclesiae</span> <span class='ocrx_word' id='word_1_653' title='bbox 1923 1811 2109 1851; x_wconf 67' lang='lat' dir='ltr'>Romanae,</span> <span class='ocrx_word' id='word_1_654' title='bbox 2134 1822 2216 1854; x_wconf 49' lang='lat' dir='ltr'>quat</span> 
     </span>
     <span class='ocr_line' id='line_1_93' title="bbox 1266 1857 2216 1905; baseline 0.002 -12"><span class='ocrx_word' id='word_1_655' title='bbox 1266 1859 1360 1894; x_wconf 73' lang='lat' dir='ltr'>tenus</span> <span class='ocrx_word' id='word_1_656' title='bbox 1373 1869 1487 1902; x_wconf 88' lang='lat' dir='ltr'>potero</span> <span class='ocrx_word' id='word_1_657' title='bbox 1499 1882 1509 1898; x_wconf 91' lang='lat'>‚</span> <span class='ocrx_word' id='word_1_658' title='bbox 1536 1859 1638 1904; x_wconf 84' lang='lat' dir='ltr'>Regis</span> <span class='ocrx_word' id='word_1_659' title='bbox 1653 1860 1684 1893; x_wconf 67' lang='grc' dir='ltr'>ὅ(</span> <span class='ocrx_word' id='word_1_660' title='bbox 1700 1860 1809 1904; x_wconf 87' lang='lat' dir='ltr'>Regni</span> <span class='ocrx_word' id='word_1_661' title='bbox 1834 1857 2012 1905; x_wconf 83' lang='lat' dir='ltr'>dignitates</span> <span class='ocrx_word' id='word_1_662' title='bbox 2038 1861 2216 1902; x_wconf 54' lang='lat' dir='ltr'>conserva,-⁵</span> 
     </span>
     <span class='ocr_line' id='line_1_94' title="bbox 1266 1909 2217 1954; baseline 0.003 -12"><span class='ocrx_word' id='word_1_663' title='bbox 1266 1909 1345 1949; x_wconf 68' lang='lat' dir='ltr'>re&amp;</span> <span class='ocrx_word' id='word_1_664' title='bbox 1358 1920 1480 1954; x_wconf 84' lang='lat' dir='ltr'>augere</span> <span class='ocrx_word' id='word_1_665' title='bbox 1488 1919 1615 1953; x_wconf 90' lang='lat' dir='ltr'>paratus</span> <span class='ocrx_word' id='word_1_666' title='bbox 1628 1911 1694 1942; x_wconf 90' lang='lat' dir='ltr'>sum</span> <span class='ocrx_word' id='word_1_667' title='bbox 1713 1934 1719 1942; x_wconf 86' lang='lat'><strong>.</strong></span> <span class='ocrx_word' id='word_1_668' title='bbox 1747 1910 1810 1944; x_wconf 87' lang='lat' dir='ltr'>Sed</span> <span class='ocrx_word' id='word_1_669' title='bbox 1824 1910 1963 1946; x_wconf 88' lang='lat' dir='ltr'>authore</span> <span class='ocrx_word' id='word_1_670' title='bbox 1977 1911 2055 1946; x_wconf 85' lang='lat' dir='ltr'>Deo</span> <span class='ocrx_word' id='word_1_671' title='bbox 2077 1921 2165 1946; x_wconf 88' lang='lat' dir='ltr'>nova</span> <span class='ocrx_word' id='word_1_672' title='bbox 2177 1911 2217 1951; x_wconf 55' lang='grc' dir='ltr'>ᾤ</span> 
     </span>
     <span class='ocr_line' id='line_1_95' title="bbox 1266 1957 2216 2004; baseline 0.003 -12"><span class='ocrx_word' id='word_1_673' title='bbox 1266 1959 1445 2003; x_wconf 87' lang='lat' dir='ltr'>perniciosa</span> <span class='ocrx_word' id='word_1_674' title='bbox 1465 1957 1631 1994; x_wconf 83' lang='lat' dir='ltr'>fidelitatis</span> <span class='ocrx_word' id='word_1_675' title='bbox 1654 1960 1757 1993; x_wconf 73' lang='lat' dir='ltr'>sormi</span> <span class='ocrx_word' id='word_1_676' title='bbox 1783 1959 1938 2004; x_wconf 80' lang='lat' dir='ltr'>exemplo</span> <span class='ocrx_word' id='word_1_677' title='bbox 1961 1961 2027 1997; x_wconf 89' lang='lat' dir='ltr'>mei</span> <span class='ocrx_word' id='word_1_678' title='bbox 2049 1961 2085 1995; x_wconf 88' lang='lat' dir='ltr'>in</span> <span class='ocrx_word' id='word_1_679' title='bbox 2099 1961 2216 1995; x_wconf 85' lang='lat' dir='ltr'>Eccle-</span> 
     </span>
     <span class='ocr_line' id='line_1_96' title="bbox 1266 2007 2215 2051; baseline 0.002 -9"><span class='ocrx_word' id='word_1_680' title='bbox 1266 2010 1341 2042; x_wconf 88' lang='lat' dir='ltr'>siam</span> <span class='ocrx_word' id='word_1_681' title='bbox 1352 2008 1417 2043; x_wconf 92' lang='lat' dir='ltr'>Dei</span> <span class='ocrx_word' id='word_1_682' title='bbox 1429 2007 1596 2051; x_wconf 70' lang='lat' dir='ltr'>nunquam</span> <span class='ocrx_word' id='word_1_683' title='bbox 1610 2009 1782 2043; x_wconf 83' lang='lat' dir='ltr'>inducetur</span> <span class='ocrx_word' id='word_1_684' title='bbox 1795 2034 1802 2043; x_wconf 90' lang='lat'><strong>.</strong></span> <span class='ocrx_word' id='word_1_685' title='bbox 1830 2009 1915 2045; x_wconf 86' lang='lat' dir='ltr'>Peto</span> <span class='ocrx_word' id='word_1_686' title='bbox 1941 2021 2051 2045; x_wconf 80' lang='lat' dir='ltr'>autem</span> <span class='ocrx_word' id='word_1_687' title='bbox 2065 2034 2077 2051; x_wconf 88' lang='lat'>‚</span> <span class='ocrx_word' id='word_1_688' title='bbox 2102 2021 2138 2045; x_wconf 91' lang='lat' dir='ltr'>ut</span> <span class='ocrx_word' id='word_1_689' title='bbox 2150 2010 2215 2045; x_wconf 85' lang='lat' dir='ltr'>mi·</span> 
     </span>
     <span class='ocr_line' id='line_1_97' title="bbox 1267 2054 2214 2106; baseline 0.003 -14"><span class='ocrx_word' id='word_1_690' title='bbox 1267 2057 1301 2092; x_wconf 90' lang='lat' dir='ltr'>hi</span> <span class='ocrx_word' id='word_1_691' title='bbox 1316 2060 1349 2093; x_wconf 92' lang='lat'>&amp;</span> <span class='ocrx_word' id='word_1_692' title='bbox 1364 2059 1444 2093; x_wconf 87' lang='lat' dir='ltr'>meis</span> <span class='ocrx_word' id='word_1_693' title='bbox 1456 2059 1564 2093; x_wconf 87' lang='lat' dir='ltr'>ablata</span> <span class='ocrx_word' id='word_1_694' title='bbox 1583 2058 1728 2093; x_wconf 85' lang='lat' dir='ltr'>restituat</span> <span class='ocrx_word' id='word_1_695' title='bbox 1754 2070 1809 2094; x_wconf 89' lang='lat' dir='ltr'>aut</span> <span class='ocrx_word' id='word_1_696' title='bbox 1820 2054 1822 2057; x_wconf 41' lang='lat'><strong><em>¹</em></strong></span> <span class='ocrx_word' id='word_1_697' title='bbox 1833 2060 2030 2102; x_wconf 81' lang='lat' dir='ltr'>satisfaciat,</span> <span class='ocrx_word' id='word_1_698' title='bbox 2058 2071 2129 2105; x_wconf 80' lang='lat' dir='ltr'>quae</span> <span class='ocrx_word' id='word_1_699' title='bbox 2141 2072 2214 2106; x_wconf 84' lang='lat' dir='ltr'>gra-</span> 
     </span>
     <span class='ocr_line' id='line_1_98' title="bbox 1266 2108 2213 2153; baseline 0.004 -11"><span class='ocrx_word' id='word_1_700' title='bbox 1266 2108 1307 2143; x_wconf 89' lang='lat' dir='ltr'>tis</span> <span class='ocrx_word' id='word_1_701' title='bbox 1329 2109 1364 2143; x_wconf 76' lang='grc' dir='ltr'>δε</span> <span class='ocrx_word' id='word_1_702' title='bbox 1385 2108 1507 2153; x_wconf 92' lang='lat' dir='ltr'>absque</span> <span class='ocrx_word' id='word_1_703' title='bbox 1527 2109 1620 2143; x_wconf 88' lang='lat' dir='ltr'>causa</span> <span class='ocrx_word' id='word_1_704' title='bbox 1643 2109 1780 2144; x_wconf 83' lang='lat' dir='ltr'>resident</span> <span class='ocrx_word' id='word_1_705' title='bbox 1794 2121 1891 2153; x_wconf 89' lang='lat' dir='ltr'>penes</span> <span class='ocrx_word' id='word_1_706' title='bbox 1915 2111 2019 2153; x_wconf 88' lang='lat' dir='ltr'>ipsum</span> <span class='ocrx_word' id='word_1_707' title='bbox 2034 2134 2042 2142; x_wconf 95' lang='lat'><strong><em>.</em></strong></span> <span class='ocrx_word' id='word_1_708' title='bbox 2070 2110 2160 2146; x_wconf 82' lang='lat' dir='ltr'>Nam</span> <span class='ocrx_word' id='word_1_709' title='bbox 2178 2111 2213 2145; x_wconf 75' lang='grc' dir='ltr'>δε</span> 
     </span>
    </p>
   </div>
   <div class='ocr_carea' id='block_1_17' title="bbox 1225 2158 2211 2204">
    <p class='ocr_par' dir='ltr' id='par_1_17' title="bbox 1225 2158 2211 2204">
     <span class='ocr_line' id='line_1_99' title="bbox 1225 2158 2211 2204; baseline 0.003 -12"><span class='ocrx_word' id='word_1_710' title='bbox 1225 2186 1229 2192; x_wconf 84' lang='grc'><strong>,</strong></span> <span class='ocrx_word' id='word_1_711' title='bbox 1267 2159 1454 2193; x_wconf 86' lang='lat' dir='ltr'>Nunciis&amp;</span> <span class='ocrx_word' id='word_1_712' title='bbox 1469 2159 1541 2192; x_wconf 89' lang='lat' dir='ltr'>aliis</span> <span class='ocrx_word' id='word_1_713' title='bbox 1553 2158 1694 2202; x_wconf 88' lang='lat' dir='ltr'>pluribus</span> <span class='ocrx_word' id='word_1_714' title='bbox 1705 2159 1811 2202; x_wconf 86' lang='lat' dir='ltr'>palam</span> <span class='ocrx_word' id='word_1_715' title='bbox 1832 2160 1994 2195; x_wconf 75' lang='lat' dir='ltr'>confessus</span> <span class='ocrx_word' id='word_1_716' title='bbox 2015 2159 2062 2195; x_wconf 84' lang='lat' dir='ltr'>est</span> <span class='ocrx_word' id='word_1_717' title='bbox 2077 2185 2090 2202; x_wconf 93' lang='lat'>‚</span> <span class='ocrx_word' id='word_1_718' title='bbox 2117 2159 2211 2204; x_wconf 84' lang='lat' dir='ltr'>quod</span> 
     </span>
    </p>
   </div>
   <div class='ocr_carea' id='block_1_18' title="bbox 1265 2208 2216 3198">
    <p class='ocr_par' dir='ltr' id='par_1_18' title="bbox 1265 2208 2216 3198">
     <span class='ocr_line' id='line_1_100' title="bbox 1266 2208 2216 2254; baseline 0.003 -13"><span class='ocrx_word' id='word_1_719' title='bbox 1266 2209 1305 2241; x_wconf 92' lang='lat' dir='ltr'>de</span> <span class='ocrx_word' id='word_1_720' title='bbox 1316 2219 1390 2243; x_wconf 84' lang='lat' dir='ltr'>toto</span> <span class='ocrx_word' id='word_1_721' title='bbox 1401 2218 1547 2253; x_wconf 87' lang='lat' dir='ltr'>tempore</span> <span class='ocrx_word' id='word_1_722' title='bbox 1559 2208 1770 2243; x_wconf 84' lang='lat' dir='ltr'>Cancellariae</span> <span class='ocrx_word' id='word_1_723' title='bbox 1786 2221 1845 2244; x_wconf 90' lang='lat' dir='ltr'>nec</span> <span class='ocrx_word' id='word_1_724' title='bbox 1867 2210 2012 2254; x_wconf 79' lang='lat' dir='ltr'>pecuuiae</span> <span class='ocrx_word' id='word_1_725' title='bbox 2036 2221 2098 2244; x_wconf 85' lang='lat' dir='ltr'>nec</span> <span class='ocrx_word' id='word_1_726' title='bbox 2109 2210 2216 2245; x_wconf 84' lang='lat' dir='ltr'>admi·</span> 
     </span>
     <span class='ocr_line' id='line_1_101' title="bbox 1267 2258 2216 2304; baseline 0.004 -12"><span class='ocrx_word' id='word_1_727' title='bbox 1267 2258 1468 2293; x_wconf 87' lang='lat' dir='ltr'>nistrationis</span> <span class='ocrx_word' id='word_1_728' title='bbox 1491 2259 1596 2304; x_wconf 82' lang='lat' dir='ltr'>exigit</span> <span class='ocrx_word' id='word_1_729' title='bbox 1620 2260 1799 2293; x_wconf 80' lang='lat' dir='ltr'>rationem.</span> <span class='ocrx_word' id='word_1_730' title='bbox 1829 2260 1902 2295; x_wconf 86' lang='lat' dir='ltr'>Nec</span> <span class='ocrx_word' id='word_1_731' title='bbox 1929 2270 1982 2294; x_wconf 88' lang='lat' dir='ltr'>me</span> <span class='ocrx_word' id='word_1_732' title='bbox 1995 2259 2125 2301; x_wconf 78' lang='lat' dir='ltr'>tantum</span> <span class='ocrx_word' id='word_1_733' title='bbox 2145 2271 2216 2304; x_wconf 86' lang='lat' dir='ltr'>per·</span> 
     </span>
     <span class='ocr_line' id='line_1_102' title="bbox 1266 2308 2213 2354; baseline 0.004 -13"><span class='ocrx_word' id='word_1_734' title='bbox 1266 2309 1398 2342; x_wconf 89' lang='lat' dir='ltr'>turbant</span> <span class='ocrx_word' id='word_1_735' title='bbox 1409 2308 1526 2343; x_wconf 85' lang='lat' dir='ltr'>damna</span> <span class='ocrx_word' id='word_1_736' title='bbox 1539 2320 1643 2343; x_wconf 89' lang='lat' dir='ltr'>rerum</span> <span class='ocrx_word' id='word_1_737' title='bbox 1661 2321 1670 2351; x_wconf 81' lang='lat'>3</span> <span class='ocrx_word' id='word_1_738' title='bbox 1699 2309 1862 2353; x_wconf 73' lang='lat' dir='ltr'>quantum</span> <span class='ocrx_word' id='word_1_739' title='bbox 1877 2311 2033 2353; x_wconf 85' lang='lat' dir='ltr'>pernicies</span> <span class='ocrx_word' id='word_1_740' title='bbox 2047 2310 2213 2354; x_wconf 82' lang='lat' dir='ltr'>exempli.</span> 
     </span>
     <span class='ocr_line' id='line_1_103' title="bbox 1266 2357 2216 2404; baseline 0.003 -12"><span class='ocrx_word' id='word_1_741' title='bbox 1266 2357 1354 2402; x_wconf 91' lang='lat' dir='ltr'>quod</span> <span class='ocrx_word' id='word_1_742' title='bbox 1367 2369 1547 2392; x_wconf 75' lang='lat' dir='ltr'>coaetaneos</span> <span class='ocrx_word' id='word_1_743' title='bbox 1568 2359 1601 2392; x_wconf 85' lang='lat'>&amp;</span> <span class='ocrx_word' id='word_1_744' title='bbox 1619 2359 1763 2402; x_wconf 84' lang='lat' dir='ltr'>posteros</span> <span class='ocrx_word' id='word_1_745' title='bbox 1794 2360 2066 2404; x_wconf 76' lang='lat' dir='ltr'>facileimpinget</span> <span class='ocrx_word' id='word_1_746' title='bbox 2081 2360 2114 2395; x_wconf 90' lang='lat' dir='ltr'>in</span> <span class='ocrx_word' id='word_1_747' title='bbox 2128 2371 2216 2395; x_wconf 88' lang='lat' dir='ltr'>erro-</span> 
     </span>
     <span class='ocr_line' id='line_1_104' title="bbox 1266 2407 2212 2453; baseline 0.001 -11"><span class='ocrx_word' id='word_1_748' title='bbox 1266 2419 1331 2442; x_wconf 89' lang='lat' dir='ltr'>rem</span> <span class='ocrx_word' id='word_1_749' title='bbox 1344 2408 1377 2442; x_wconf 91' lang='lat'>&amp;</span> <span class='ocrx_word' id='word_1_750' title='bbox 1389 2409 1503 2447; x_wconf 87' lang='lat' dir='ltr'>ausum</span> <span class='ocrx_word' id='word_1_751' title='bbox 1516 2407 1632 2441; x_wconf 84' lang='lat' dir='ltr'>similia</span> <span class='ocrx_word' id='word_1_752' title='bbox 1646 2409 1851 2447; x_wconf 88' lang='lat' dir='ltr'>attentandi,</span> <span class='ocrx_word' id='word_1_753' title='bbox 1878 2410 1899 2442; x_wconf 82' lang='lat' dir='ltr'>fi</span> <span class='ocrx_word' id='word_1_754' title='bbox 1915 2409 2009 2452; x_wconf 84' lang='lat' dir='ltr'>pestis</span> <span class='ocrx_word' id='word_1_755' title='bbox 2024 2409 2089 2443; x_wconf 82' lang='lat' dir='ltr'>haec</span> <span class='ocrx_word' id='word_1_756' title='bbox 2105 2411 2212 2453; x_wconf 86' lang='lat' dir='ltr'>impu-</span> 
     </span>
     <span class='ocr_line' id='line_1_105' title="bbox 1267 2455 2213 2502; baseline 0 -10"><span class='ocrx_word' id='word_1_757' title='bbox 1267 2457 1382 2492; x_wconf 86' lang='lat' dir='ltr'>nita&amp;</span> <span class='ocrx_word' id='word_1_758' title='bbox 1398 2457 1572 2502; x_wconf 85' lang='lat' dir='ltr'>irrequisita</span> <span class='ocrx_word' id='word_1_759' title='bbox 1597 2457 1783 2491; x_wconf 82' lang='lat' dir='ltr'>remanserit</span> <span class='ocrx_word' id='word_1_760' title='bbox 1801 2482 1808 2488; x_wconf 92' lang='lat'>.</span> <span class='ocrx_word' id='word_1_761' title='bbox 1837 2455 1973 2500; x_wconf 71' lang='lat' dir='ltr'>Cetera,</span> <span class='ocrx_word' id='word_1_762' title='bbox 2003 2468 2045 2490; x_wconf 87' lang='lat' dir='ltr'>ne</span> <span class='ocrx_word' id='word_1_763' title='bbox 2070 2459 2213 2501; x_wconf 86' lang='lat' dir='ltr'>scriptu-</span> 
     </span>
     <span class='ocr_line' id='line_1_106' title="bbox 1266 2498 2211 2551; baseline -0.001 -8"><span class='ocrx_word' id='word_1_764' title='bbox 1266 2520 1332 2543; x_wconf 90' lang='lat' dir='ltr'>ram</span> <span class='ocrx_word' id='word_1_765' title='bbox 1343 2506 1563 2551; x_wconf 86' lang='lat' dir='ltr'>protrahendo</span> <span class='ocrx_word' id='word_1_766' title='bbox 1576 2498 1668 2540; x_wconf 57' lang='lat' dir='ltr'>iobis</span> <span class='ocrx_word' id='word_1_767' title='bbox 1690 2506 1854 2540; x_wconf 86' lang='lat' dir='ltr'>fastidium</span> <span class='ocrx_word' id='word_1_768' title='bbox 1880 2515 2069 2551; x_wconf 88' lang='lat' dir='ltr'>generetur,</span> <span class='ocrx_word' id='word_1_769' title='bbox 2108 2507 2211 2542; x_wconf 76' lang='lat' dir='ltr'>iri-ore</span> 
     </span>
     <span class='ocr_line' id='line_1_107' title="bbox 1267 2556 2209 2603; baseline 0 -11"><span class='ocrx_word' id='word_1_770' title='bbox 1267 2569 1442 2603; x_wconf 87' lang='lat' dir='ltr'>pauperum</span> <span class='ocrx_word' id='word_1_771' title='bbox 1461 2556 1605 2597; x_wconf 87' lang='lat' dir='ltr'>Christi,</span> <span class='ocrx_word' id='word_1_772' title='bbox 1633 2558 1688 2600; x_wconf 88' lang='lat' dir='ltr'>qui</span> <span class='ocrx_word' id='word_1_773' title='bbox 1714 2556 1901 2602; x_wconf 86' lang='lat' dir='ltr'>diriguntur</span> <span class='ocrx_word' id='word_1_774' title='bbox 1927 2557 1967 2591; x_wconf 91' lang='lat' dir='ltr'>ad</span> <span class='ocrx_word' id='word_1_775' title='bbox 1994 2567 2078 2595; x_wconf 88' lang='lat' dir='ltr'>vos,</span> <span class='ocrx_word' id='word_1_776' title='bbox 2100 2557 2209 2601; x_wconf 64' lang='lat' dir='ltr'>&gt;posita</span> 
     </span>
     <span class='ocr_line' id='line_1_108' title="bbox 1268 2606 2211 2654; baseline -0.002 -11"><span class='ocrx_word' id='word_1_777' title='bbox 1268 2611 1341 2644; x_wconf 87' lang='lat' dir='ltr'>sunt</span> <span class='ocrx_word' id='word_1_778' title='bbox 1354 2632 1365 2648; x_wconf 93' lang='lat'>,</span> <span class='ocrx_word' id='word_1_779' title='bbox 1393 2619 1476 2651; x_wconf 87' lang='lat' dir='ltr'>quos</span> <span class='ocrx_word' id='word_1_780' title='bbox 1489 2632 1500 2648; x_wconf 91' lang='lat'>,</span> <span class='ocrx_word' id='word_1_781' title='bbox 1525 2607 1546 2640; x_wconf 91' lang='lat' dir='ltr'>si</span> <span class='ocrx_word' id='word_1_782' title='bbox 1559 2608 1664 2650; x_wconf 90' lang='lat' dir='ltr'>placet</span> <span class='ocrx_word' id='word_1_783' title='bbox 1677 2630 1688 2647; x_wconf 93' lang='lat'>,</span> <span class='ocrx_word' id='word_1_784' title='bbox 1700 2607 1814 2641; x_wconf 88' lang='lat' dir='ltr'>audite</span> <span class='ocrx_word' id='word_1_785' title='bbox 1827 2607 1860 2641; x_wconf 89' lang='lat'>&amp;</span> <span class='ocrx_word' id='word_1_786' title='bbox 1871 2606 2026 2641; x_wconf 83' lang='lat' dir='ltr'>exaudite</span> <span class='ocrx_word' id='word_1_787' title='bbox 2038 2617 2095 2651; x_wconf 88' lang='lat' dir='ltr'>pro</span> <span class='ocrx_word' id='word_1_788' title='bbox 2108 2606 2211 2654; x_wconf 54' lang='lat' dir='ltr'>Chri-7</span> 
     </span>
     <span class='ocr_line' id='line_1_109' title="bbox 1267 2656 2209 2701; baseline -0.001 -8"><span class='ocrx_word' id='word_1_789' title='bbox 1267 2660 1339 2699; x_wconf 86' lang='lat' dir='ltr'>sto,</span> <span class='ocrx_word' id='word_1_790' title='bbox 1365 2658 1456 2700; x_wconf 88' lang='lat' dir='ltr'>cujus</span> <span class='ocrx_word' id='word_1_791' title='bbox 1467 2658 1639 2701; x_wconf 86' lang='lat' dir='ltr'>negotium</span> <span class='ocrx_word' id='word_1_792' title='bbox 1652 2659 1915 2701; x_wconf 83' lang='lat' dir='ltr'>prosequuntur,</span> <span class='ocrx_word' id='word_1_793' title='bbox 1939 2657 1972 2690; x_wconf 78' lang='grc' dir='ltr'>δε</span> <span class='ocrx_word' id='word_1_794' title='bbox 1991 2656 2066 2690; x_wconf 89' lang='lat' dir='ltr'>date</span> <span class='ocrx_word' id='word_1_795' title='bbox 2075 2666 2209 2700; x_wconf 81' lang='lat' dir='ltr'>operam</span> 
     </span>
     <span class='ocr_line' id='line_1_110' title="bbox 1265 2706 2209 2752; baseline -0.002 -9"><span class='ocrx_word' id='word_1_796' title='bbox 1265 2710 1300 2744; x_wconf 72' lang='grc' dir='ltr'>ὅ(</span> <span class='ocrx_word' id='word_1_797' title='bbox 1322 2707 1529 2752; x_wconf 86' lang='lat' dir='ltr'>diligentiam</span> <span class='ocrx_word' id='word_1_798' title='bbox 1549 2730 1561 2747; x_wconf 91' lang='lat'>,</span> <span class='ocrx_word' id='word_1_799' title='bbox 1587 2717 1622 2739; x_wconf 90' lang='lat' dir='ltr'>ut</span> <span class='ocrx_word' id='word_1_800' title='bbox 1645 2706 1787 2741; x_wconf 81' lang='lat' dir='ltr'>Ecclesia</span> <span class='ocrx_word' id='word_1_801' title='bbox 1812 2706 1955 2741; x_wconf 90' lang='lat' dir='ltr'>debitam</span> <span class='ocrx_word' id='word_1_802' title='bbox 1976 2706 2129 2750; x_wconf 89' lang='lat' dir='ltr'>consequi</span> <span class='ocrx_word' id='word_1_803' title='bbox 2155 2718 2209 2742; x_wconf 85' lang='lat' dir='ltr'>va-</span> 
     </span>
     <span class='ocr_line' id='line_1_111' title="bbox 1268 2754 2209 2804; baseline 0.001 -12"><span class='ocrx_word' id='word_1_804' title='bbox 1268 2761 1334 2804; x_wconf 67' lang='lat' dir='ltr'>leat</span> <span class='ocrx_word' id='word_1_805' title='bbox 1360 2757 1562 2792; x_wconf 87' lang='lat' dir='ltr'>libertatem.</span> <span class='ocrx_word' id='word_1_806' title='bbox 1593 2756 1623 2790; x_wconf 90' lang='lat' dir='ltr'>Si</span> <span class='ocrx_word' id='word_1_807' title='bbox 1648 2756 1722 2790; x_wconf 78' lang='lat' dir='ltr'>vero</span> <span class='ocrx_word' id='word_1_808' title='bbox 1744 2757 1955 2799; x_wconf 70' lang='lat' dir='ltr'>praeambulos</span> <span class='ocrx_word' id='word_1_809' title='bbox 1978 2754 2209 2792; x_wconf 85' lang='lat' dir='ltr'>Anti-Christi</span> 
     </span>
     <span class='ocr_line' id='line_1_112' title="bbox 1268 2805 2206 2850; baseline -0.002 -6"><span class='ocrx_word' id='word_1_810' title='bbox 1268 2806 1537 2844; x_wconf 88' lang='lat' dir='ltr'>Londoniensem</span> <span class='ocrx_word' id='word_1_811' title='bbox 1564 2806 1748 2850; x_wconf 86' lang='lat' dir='ltr'>Epicopum</span> <span class='ocrx_word' id='word_1_812' title='bbox 1771 2807 1805 2841; x_wconf 88' lang='lat'>&amp;</span> <span class='ocrx_word' id='word_1_813' title='bbox 1829 2805 2029 2841; x_wconf 82' lang='lat' dir='ltr'>Gaufredum</span> <span class='ocrx_word' id='word_1_814' title='bbox 2053 2806 2152 2841; x_wconf 85' lang='lat' dir='ltr'>Ridel</span> <span class='ocrx_word' id='word_1_815' title='bbox 2164 2806 2206 2842; x_wconf 86' lang='lat' dir='ltr'>ad</span> 
     </span>
     <span class='ocr_line' id='line_1_113' title="bbox 1268 2855 2205 2900; baseline -0.004 -7"><span class='ocrx_word' id='word_1_816' title='bbox 1268 2861 1406 2894; x_wconf 87' lang='lat' dir='ltr'>Curiam</span> <span class='ocrx_word' id='word_1_817' title='bbox 1418 2859 1528 2892; x_wconf 90' lang='lat' dir='ltr'>venire</span> <span class='ocrx_word' id='word_1_818' title='bbox 1539 2856 1716 2900; x_wconf 87' lang='lat' dir='ltr'>contigerit</span> <span class='ocrx_word' id='word_1_819' title='bbox 1731 2880 1741 2896; x_wconf 94' lang='lat'>,</span> <span class='ocrx_word' id='word_1_820' title='bbox 1757 2856 1861 2890; x_wconf 83' lang='lat' dir='ltr'>siccos</span> <span class='ocrx_word' id='word_1_821' title='bbox 1872 2857 2001 2890; x_wconf 75' lang='lat' dir='ltr'>traCtate</span> <span class='ocrx_word' id='word_1_822' title='bbox 2011 2881 2022 2897; x_wconf 87' lang='lat'>‚</span> <span class='ocrx_word' id='word_1_823' title='bbox 2040 2855 2120 2890; x_wconf 85' lang='lat' dir='ltr'>ficut</span> <span class='ocrx_word' id='word_1_824' title='bbox 2134 2857 2205 2890; x_wconf 87' lang='lat' dir='ltr'>An·</span> 
     </span>
     <span class='ocr_line' id='line_1_114' title="bbox 1268 2905 2188 2947; baseline -0.005 -2"><span class='ocrx_word' id='word_1_825' title='bbox 1268 2908 1430 2945; x_wconf 82' lang='lat' dir='ltr'>ti-Christi</span> <span class='ocrx_word' id='word_1_826' title='bbox 1443 2907 1587 2943; x_wconf 89' lang='lat' dir='ltr'>membra</span> <span class='ocrx_word' id='word_1_827' title='bbox 1603 2907 1724 2940; x_wconf 63' lang='lat' dir='ltr'>tractari</span> <span class='ocrx_word' id='word_1_828' title='bbox 1736 2907 1830 2940; x_wconf 89' lang='lat' dir='ltr'>decet</span> <span class='ocrx_word' id='word_1_829' title='bbox 1841 2906 1858 2938; x_wconf 74' lang='lat' dir='ltr'>a</span> <span class='ocrx_word' id='word_1_830' title='bbox 1873 2905 2005 2940; x_wconf 85' lang='lat' dir='ltr'>Christo</span> <span class='ocrx_word' id='word_1_831' title='bbox 2019 2906 2161 2941; x_wconf 87' lang='lat' dir='ltr'>Domini</span> <span class='ocrx_word' id='word_1_832' title='bbox 2175 2932 2188 2947; x_wconf 44' lang='lat'>.„</span> 
     </span>
     <span class='ocr_line' id='line_1_115' title="bbox 1441 3004 2048 3042; baseline -0.003 0"><span class='ocrx_word' id='word_1_833' title='bbox 1441 3008 1470 3042; x_wconf 88' lang='grc' dir='ltr'><strong>Ε</strong></span> <span class='ocrx_word' id='word_1_834' title='bbox 1497 3008 1523 3042; x_wconf 90' lang='grc' dir='ltr'>Ρ</span> <span class='ocrx_word' id='word_1_835' title='bbox 1550 3008 1564 3042; x_wconf 88' lang='lat'>1</span> <span class='ocrx_word' id='word_1_836' title='bbox 1589 3007 1609 3041; x_wconf 88' lang='lat' dir='ltr'>S</span> <span class='ocrx_word' id='word_1_837' title='bbox 1636 3005 1672 3038; x_wconf 92' lang='lat' dir='ltr'>T</span> <span class='ocrx_word' id='word_1_838' title='bbox 1698 3006 1731 3039; x_wconf 94' lang='grc' dir='ltr'>Ο</span> <span class='ocrx_word' id='word_1_839' title='bbox 1757 3004 1786 3039; x_wconf 94' lang='lat' dir='ltr'>L</span> <span class='ocrx_word' id='word_1_840' title='bbox 1814 3005 1847 3040; x_wconf 83' lang='lat' dir='ltr'><strong>A</strong></span> <span class='ocrx_word' id='word_1_841' title='bbox 1974 3005 2048 3040; x_wconf 91' lang='lat' dir='ltr'>LX.</span> 
     </span>
     <span class='ocr_line' id='line_1_116' title="bbox 1321 3104 2153 3151; baseline -0.002 -9"><span class='ocrx_word' id='word_1_842' title='bbox 1321 3108 1451 3142; x_wconf 83' lang='lat' dir='ltr'>Thomas</span> <span class='ocrx_word' id='word_1_843' title='bbox 1477 3105 1693 3144; x_wconf 74' lang='lat' dir='ltr'>Cantuarienfis</span> <span class='ocrx_word' id='word_1_844' title='bbox 1725 3104 1811 3139; x_wconf 78' lang='lat' dir='ltr'>Archi</span> <span class='ocrx_word' id='word_1_845' title='bbox 1823 3104 2009 3149; x_wconf 84' lang='lat' dir='ltr'>-Ept&#39;scopus</span> <span class='ocrx_word' id='word_1_846' title='bbox 2030 3109 2153 3151; x_wconf 64' lang='lat' dir='ltr'>Joann}</span> 
     </span>
     <span class='ocr_line' id='line_1_117' title="bbox 1527 3156 1930 3198; baseline -0.005 -8"><span class='ocrx_word' id='word_1_847' title='bbox 1527 3157 1686 3190; x_wconf 73' lang='lat' dir='ltr'>Cardlnali</span> <span class='ocrx_word' id='word_1_848' title='bbox 1714 3156 1930 3198; x_wconf 85' lang='lat' dir='ltr'>Neapolitano.</span> 
     </span>
    </p>
   </div>
   <div class='ocr_carea' id='block_1_19' title="bbox 1275 3254 2205 3451">
    <p class='ocr_par' dir='ltr' id='par_1_19' title="bbox 1275 3254 2205 3451">
     <span class='ocr_line' id='line_1_118' title="bbox 1343 3254 2205 3296; baseline -0.005 -2"><span class='ocrx_word' id='word_1_849' title='bbox 1343 3254 1747 3296; x_wconf 83' lang='lat' dir='ltr'>RATERNITATEM</span> <span class='ocrx_word' id='word_1_850' title='bbox 1780 3256 1913 3290; x_wconf 76' lang='lat' dir='ltr'>vestram</span> <span class='ocrx_word' id='word_1_851' title='bbox 1926 3255 1962 3291; x_wconf 87' lang='lat' dir='ltr'>in</span> <span class='ocrx_word' id='word_1_852' title='bbox 1973 3254 2106 3290; x_wconf 79' lang='lat' dir='ltr'>Christo</span> <span class='ocrx_word' id='word_1_853' title='bbox 2121 3266 2205 3290; x_wconf 85' lang='lat' dir='ltr'>con·</span> 
     </span>
     <span class='ocr_line' id='line_1_119' title="bbox 1366 3305 2202 3351; baseline -0.005 -8"><span class='ocrx_word' id='word_1_854' title='bbox 1366 3310 1485 3347; x_wconf 90' lang='lat' dir='ltr'>venio,</span> <span class='ocrx_word' id='word_1_855' title='bbox 1521 3316 1556 3340; x_wconf 88' lang='lat' dir='ltr'>ut</span> <span class='ocrx_word' id='word_1_856' title='bbox 1579 3305 1774 3351; x_wconf 79' lang='lat' dir='ltr'>Anglicanae</span> <span class='ocrx_word' id='word_1_857' title='bbox 1805 3306 1953 3340; x_wconf 85' lang='lat' dir='ltr'>Ecclesiae</span> <span class='ocrx_word' id='word_1_858' title='bbox 1975 3305 2123 3340; x_wconf 79' lang='lat' dir='ltr'>assistatis</span> <span class='ocrx_word' id='word_1_859' title='bbox 2144 3316 2202 3350; x_wconf 85' lang='lat' dir='ltr'>pro</span> 
     </span>
     <span class='ocr_line' id='line_1_120' title="bbox 1275 3355 2202 3399; baseline -0.009 -4"><span class='ocrx_word' id='word_1_860' title='bbox 1275 3359 1427 3395; x_wconf 85' lang='lat' dir='ltr'>Christo.</span> <span class='ocrx_word' id='word_1_861' title='bbox 1455 3358 1532 3391; x_wconf 91' lang='lat' dir='ltr'>Hoc</span> <span class='ocrx_word' id='word_1_862' title='bbox 1544 3357 1631 3390; x_wconf 91' lang='lat' dir='ltr'>enim</span> <span class='ocrx_word' id='word_1_863' title='bbox 1645 3356 1757 3391; x_wconf 75' lang='lat' dir='ltr'>miliia</span> <span class='ocrx_word' id='word_1_864' title='bbox 1785 3355 1877 3390; x_wconf 88' lang='lat' dir='ltr'>vobis</span> <span class='ocrx_word' id='word_1_865' title='bbox 1903 3356 2090 3399; x_wconf 82' lang='lat' dir='ltr'>promissum</span> <span class='ocrx_word' id='word_1_866' title='bbox 2105 3355 2202 3389; x_wconf 86' lang='lat' dir='ltr'>indu·-</span> 
     </span>
     <span class='ocr_line' id='line_1_121' title="bbox 1277 3404 2201 3451; baseline -0.008 -7"><span class='ocrx_word' id='word_1_867' title='bbox 1277 3408 1458 3444; x_wconf 86' lang='lat' dir='ltr'>bitanter&amp;</span> <span class='ocrx_word' id='word_1_868' title='bbox 1471 3417 1634 3451; x_wconf 87' lang='lat' dir='ltr'>gratanter</span> <span class='ocrx_word' id='word_1_869' title='bbox 1646 3407 1757 3441; x_wconf 90' lang='lat' dir='ltr'>recolo</span> <span class='ocrx_word' id='word_1_870' title='bbox 1773 3430 1782 3446; x_wconf 90' lang='lat'>,</span> <span class='ocrx_word' id='word_1_871' title='bbox 1806 3405 1893 3450; x_wconf 78' lang='lat' dir='ltr'>quod</span> <span class='ocrx_word' id='word_1_872' title='bbox 1919 3405 2000 3445; x_wconf 83' lang='lat' dir='ltr'>mihi</span> <span class='ocrx_word' id='word_1_873' title='bbox 2012 3404 2177 3440; x_wconf 89' lang='lat' dir='ltr'>consilium</span> <span class='ocrx_word' id='word_1_874' title='bbox 2190 3427 2201 3442; x_wconf 87' lang='lat'>,</span> 
     </span>
    </p>
   </div>
   <div class='ocr_carea' id='block_1_20' title="bbox 282 3452 2204 3507">
    <p class='ocr_par' dir='ltr' id='par_1_20' title="bbox 282 3452 2204 3507">
     <span class='ocr_line' id='line_1_122' title="bbox 282 3452 2204 3507; baseline -0.005 -11"><span class='ocrx_word' id='word_1_875' title='bbox 282 3473 358 3498; x_wconf 85' lang='lat' dir='ltr'>nem</span> <span class='ocrx_word' id='word_1_876' title='bbox 369 3461 462 3497; x_wconf 86' lang='lat' dir='ltr'>omni</span> <span class='ocrx_word' id='word_1_877' title='bbox 474 3461 539 3504; x_wconf 72' lang='lat' dir='ltr'>iure</span> <span class='ocrx_word' id='word_1_878' title='bbox 551 3472 660 3507; x_wconf 80' lang='lat' dir='ltr'>repeto</span> <span class='ocrx_word' id='word_1_879' title='bbox 670 3485 681 3503; x_wconf 94' lang='lat'>‚</span> <span class='ocrx_word' id='word_1_880' title='bbox 708 3470 750 3494; x_wconf 88' lang='lat' dir='ltr'>ne</span> <span class='ocrx_word' id='word_1_881' title='bbox 761 3458 919 3503; x_wconf 80' lang='lat' dir='ltr'>pernicies</span> <span class='ocrx_word' id='word_1_882' title='bbox 931 3458 1070 3503; x_wconf 82' lang='lat' dir='ltr'>exempli</span> <span class='ocrx_word' id='word_1_883' title='bbox 1083 3482 1094 3500; x_wconf 88' lang='lat'>,</span> <span class='ocrx_word' id='word_1_884' title='bbox 1111 3457 1131 3490; x_wconf 80' lang='lat' dir='ltr'>si</span> <span class='ocrx_word' id='word_1_885' title='bbox 1145 3468 1210 3494; x_wconf 85' lang='lat' dir='ltr'>tam</span> <span class='ocrx_word' id='word_1_886' title='bbox 1276 3458 1436 3497; x_wconf 84' lang='lat' dir='ltr'>auxilium</span> <span class='ocrx_word' id='word_1_887' title='bbox 1446 3458 1479 3492; x_wconf 90' lang='lat'>&amp;</span> <span class='ocrx_word' id='word_1_888' title='bbox 1492 3457 1710 3502; x_wconf 82' lang='lat' dir='ltr'>patrocinium</span> <span class='ocrx_word' id='word_1_889' title='bbox 1724 3455 1897 3494; x_wconf 77' lang='lat' dir='ltr'>firmissime</span> <span class='ocrx_word' id='word_1_890' title='bbox 1908 3455 2094 3500; x_wconf 82' lang='lat' dir='ltr'>promisistis</span> <span class='ocrx_word' id='word_1_891' title='bbox 2104 3477 2114 3493; x_wconf 89' lang='lat'>,</span> <span class='ocrx_word' id='word_1_892' title='bbox 2136 3452 2204 3486; x_wconf 84' lang='lat' dir='ltr'>ubi·</span> 
     </span>
    </p>
   </div>
   <div class='ocr_carea' id='block_1_21' title="bbox 2022 3513 2159 3545">
    <p class='ocr_par' dir='ltr' id='par_1_21' title="bbox 2022 3513 2159 3545">
     <span class='ocr_line' id='line_1_123' title="bbox 2022 3513 2159 3545; baseline -0.015 -6"><span class='ocrx_word' id='word_1_893' title='bbox 2022 3513 2159 3545; x_wconf 85' lang='lat' dir='ltr'>cumque</span> 
     </span>
    </p>
   </div>
  </div>
 </body>
</html>
