2358 3776
317 220 482 264 spondens
501 215 717 262 obsequium,
754 218 856 263 quim
883 220 1032 254 nocuerit
1056 220 1265 255 manifestum

318 267 678 313 prefeffusinimienm.
707 267 796 304 Ecce
815 270 1002 305 dulciffime
1022 269 1119 304 Pater
1135 272 1169 305 ἀ
1191 271 1262 304 Do-

315 321 427 357 mine,
454 317 735 362 moddapparebit
749 343 759 359 ,
784 320 842 362 qui
859 319 917 352 viri
932 320 1007 352 sitis.
1036 320 1199 355 Reducite
1218 321 1260 354 ad

314 377 459 402 mentem
480 391 494 409 ‚
529 369 689 410 quoniam
724 368 839 407 Fistula
859 369 941 402 dulce
962 374 1047 402 canit
1066 392 1078 408 ,
1114 372 1261 404 volucrem

313 418 391 451 dum
407 418 518 460 decipit
535 427 663 461 auceps:
691 422 744 451 Ne
765 429 819 451 vos
844 419 997 460 decipiant
1010 425 1104 453 anim!
1118 420 1179 464 sub
1198 421 1260 454 vul-

306 475 351 509 pe
373 468 507 502 latentes
528 492 538 500 .
564 469 599 502 Si
620 466 701 511 quid
726 467 870 511 unquam
895 468 990 502 vestri
1010 472 1260 514 contemplatio-

309 527 353 552 ne
375 517 573 561 compendii
598 518 631 550 in
652 517 861 561 dispendium
883 518 1032 552 Ecclefiae
1054 520 1194 555 feceritis
1216 519 1259 555 ad

307 577 419 610 preces
430 567 498 610 ejus
512 567 562 601 vel
577 577 732 608 munera,
760 569 895 612 ipsemet
907 569 942 602 in
960 569 1189 605 confusionem
1210 582 1258 606 ve·

308 616 408 650 stram
418 639 430 656 ,
454 617 491 650 ἀ
503 617 708 660 Apostolicae
719 618 813 652 Sedis
833 617 1046 662 opprobrium
1059 643 1070 659 ‚
1096 630 1186 655 more
1199 623 1259 656 suo

304 666 547 711 praeconabitur
559 667 646 702 istud
659 693 671 709 ‚
696 668 732 702 ἀ
744 668 832 712 quod
847 680 936 702 nunc
950 668 1028 713 sape
1037 670 1073 704 δε
1085 671 1199 705 multis
1212 672 1256 705 di-

310 727 386 751 cere
394 717 569 752 confiievit
581 742 594 759 ,
620 717 741 753 scilicet
764 719 876 753 omnia
887 718 1005 754 Rome
1014 721 1078 755 esl‘e
1088 721 1217 755 venalia
1243 745 1255 761 ,

312 775 396 800 tunc
419 766 531 811 pasiim
555 768 720 812 praedicati
743 769 840 803 saciet
861 769 954 813 super
972 771 1054 805 testa
1069 792 1078 802 .
1107 771 1253 807 Utinam

312 815 402 852 solus
412 817 577 853 audissetis
589 842 600 859 ,
627 831 698 863 quae
708 819 840 852 locutus
851 818 889 854 sit
899 819 942 854 de
954 819 1088 866 Legatis
1098 822 1162 856 illis
1173 832 1254 866 quos

308 867 454 911 recepit,
479 869 622 902 &ctiam
633 867 743 903 deillo
755 873 852 912 quem
872 869 1001 904 simulat
1013 872 1044 906 se
1067 881 1194 913 amare,
1219 872 1254 906 &-

307 927 408 961 quem
428 917 541 953 denuo
561 919 684 953 dicitur
706 919 834 962 petiisse
853 919 1034 964 Legatum.
1061 922 1178 961 Solus,
1205 921 1252 955 in-

309 977 411 1010 quam
425 991 438 1009 ,
464 979 501 1003 ut
522 968 638 1012 probra
650 968 816 1004 solutioris
826 969 948 1015 linguae
958 971 1131 1006 stultorum
1143 973 1178 1006 δε
1187 983 1250 1006 cre·

306 1015 352 1050 du
360 1017 467 1051 lorum
483 1030 551 1053 non
567 1019 749 1053 infecissent
761 1030 853 1055 aures
866 1044 874 1053 .
899 1020 1051 1066 Benigne
1061 1045 1074 1062 ,
1098 1022 1120 1056 fi
1132 1021 1250 1065 placen,

301 1067 453 1110 suscipite
465 1067 621 1104 Nuncios
634 1070 761 1104 nostros
771 1094 782 1111 ‚
809 1081 865 1114 per
872 1081 956 1116 quos
969 1082 1080 1106 caetera
1091 1071 1230 1106 audietis
1239 1096 1246 1104 .

299 1113 346 1148 Et
355 1118 590 1160 compatimini
600 1118 782 1155 Sacerdotis
792 1144 804 1161 ,
830 1132 926 1165 quem
939 1121 1114 1165 postillam
1127 1147 1139 1164 ,
1149 1133 1247 1167 quam

298 1163 422 1219 dicunt
432 1190 444 1206 ,
474 1169 732 1212 appellationem
742 1171 814 1215 capi
828 1171 992 1206 violenter
1001 1172 1079 1206 fecit
1091 1196 1102 1212 ,
1128 1173 1161 1207 dt
1171 1184 1247 1207 con-

294 1215 375 1259 jecit
395 1219 430 1250 in
454 1225 636 1260 carcerem,
662 1231 739 1255 cum
761 1220 870 1264 postea
883 1233 951 1256 non
965 1221 1112 1257 debuerit
1132 1232 1245 1256 contra

297 1275 359 1298 nos
370 1276 426 1300 aut
437 1268 566 1303 nostros
576 1269 700 1313 aliquid
722 1271 882 1305 innovare
892 1295 903 1312 ‚
930 1272 951 1305 fi
964 1271 1116 1315 appellati
1127 1272 1245 1312 sumus,

297 1314 404 1349 immo
414 1317 472 1359 qui
483 1328 523 1351 eo
534 1320 684 1360 praesente
693 1320 934 1364 appellavimus
945 1345 956 1361 ‚
984 1321 1094 1365 &jam
1108 1320 1244 1357 biennio

291 1366 515 1409 exspestantes
526 1368 720 1404 sententiam
735 1370 937 1414 postulamus
950 1395 957 1404 .
986 1371 1157 1407 Advertite
1169 1384 1245 1414 qua-

295 1414 370 1449 liter
383 1417 541 1452 Ecclesias
552 1419 798 1462 poffeffionibus
813 1421 847 1455 ἃ
861 1419 1009 1455 libertate
1021 1422 1209 1465 spoliaverit
1233 1445 1246 1462 ‚

294 1475 360 1508 qua
373 1465 583 1501 immanitate
595 1478 655 1502 nos
666 1470 873 1513 persequatur
888 1471 927 1504 ec
937 1470 1065 1505 nostros
1081 1483 1140 1515 pro
1152 1471 1244 1507 liber-

293 1524 361 1549 tate
387 1515 558 1558 Ecclesiae,
587 1529 646 1561 pro
666 1518 826 1552 fidelitate
854 1519 946 1554 Sedis
971 1520 1172 1563 Apostolicae
1192 1533 1243 1565 pa-

291 1565 413 1598 tientes
424 1589 435 1604 ‚
461 1565 497 1599 &
511 1576 641 1609 paratos
653 1568 717 1611 pati
729 1566 838 1602 adhue
850 1579 908 1612 pro
919 1569 1044 1604 viribus
1057 1594 1067 1610 ,
1094 1582 1174 1614 quas
1187 1582 1232 1604 no

292 1614 342 1648 bis
355 1615 448 1649 Deus
460 1616 640 1651 contulerit
651 1642 659 1649 .
690 1617 866 1660 Presbyter
877 1643 887 1658 ,
914 1618 1063 1654 Clericus
1092 1620 1227 1655 Wilhel

288 1663 537 1708 miPapienfis,
565 1677 666 1709 nuper
687 1668 829 1710 promisit
856 1669 944 1713 Regi
967 1669 1100 1715 Angliae
1114 1693 1125 1709 ‚
1153 1670 1242 1714 quod
1264 1696 1266 1699 .

290 1714 334 1748 ad
347 1716 552 1749 voluntatem
576 1714 646 1756 ejus
658 1715 791 1749 definiet
817 1718 986 1751 Dominus
1011 1720 1087 1753 suus
1111 1722 1245 1754 causam

289 1764 388 1797 'istam
403 1787 414 1804 ,
440 1774 574 1809 accepta
599 1763 802 1809 Legatione.
830 1764 968 1800 Certum
989 1767 1047 1807 sit,
1073 1766 1161 1810 quod
1183 1780 1244 1803 nos

296 1824 359 1848 nec
385 1814 555 1857 personam
580 1814 721 1849 nostram
743 1826 804 1849 nec
823 1816 953 1850 causam
976 1817 1127 1850 Ecclefiae
1138 1818 1243 1851 crede-

302 1875 377 1897 mus
387 1862 439 1903 ei,
463 1864 555 1906 cujus
565 1863 770 1898 affectionem
781 1863 822 1898 ad
838 1866 945 1900 nos&
968 1866 1095 1911 Regem
1118 1868 1242 1910 pridem

294 1914 371 1948 satis
384 1913 505 1956 experti
531 1914 659 1948 sumus.
687 1913 740 1948 De
763 1914 857 1949 vultu
882 1915 1024 1950 Domini
1047 1917 1146 1959 Papae
1162 1917 1242 1961 judi·

291 1963 383 1996 cium
395 1962 486 1997 istud*
497 1961 623 2008 prodiet
638 1986 649 2003 ,
671 1965 725 1998 cui
742 1963 886 1999 Ecclesia
901 1966 963 2000 stat
973 1978 1031 2000 aut
1040 1966 1145 2000 cadit.
1173 1967 1242 2002 Sta-

293 2012 341 2046 bit
355 2021 464 2047 autem
485 2024 542 2058 per
563 2014 821 2050 misericordiam
844 2016 910 2051 Dei
929 2040 945 2058 ,
976 2015 1011 2051 ὅ(
1031 2016 1191 2051 auxilium
1207 2017 1241 2051 ἀ

290 2063 470 2098 consilium
485 2063 640 2099 vestrum.

391 2163 807 2201 EPISTOLA
908 2165 1164 2202 CXXXVI.

310 2293 312 2295 .
366 2263 500 2300 Thomas
523 2265 748 2306 Canmarienfis
772 2263 1035 2347 Azbifiprfiopus
1059 2263 1166 2308 Bosoni

672 2316 794 2348 Cardin
827 2319 855 2346 i.

341 2414 725 2452 NDUBITANTER
751 2414 935 2456 eredimus,
961 2415 996 2449 ἀ
1019 2425 1133 2449 verum
1154 2413 1201 2448 est
1227 2438 1239 2455 ,

366 2466 534 2500 neminem
546 2465 610 2499 effe
622 2466 655 2498 in
669 2463 770 2499 Curia
782 2489 793 2506 ,
819 2464 876 2510 qui
891 2464 1018 2509 plenius
1031 2464 1125 2499 vobis
1138 2475 1238 2498 nove·

292 2531 336 2553 nt
348 2541 359 2557 ,
387 2526 546 2559 quantam
560 2514 660 2548 fidem
672 2539 683 2555 ‚
708 2513 932 2550 obedientiam
945 2538 956 2554 ‚
981 2515 1236 2549 &devotionem

295 2565 540 2603 Cantuariensis
553 2564 692 2599 Ecclesia
714 2564 790 2597 Sedi
814 2563 1015 2607 Apostolicae
1034 2566 1237 2599 consueverit

292 2616 448 2652 exhibere
474 2641 482 2647 .
522 2615 611 2648 Nam
635 2625 671 2648 ut
693 2624 857 2648 taceamus
870 2614 913 2648 de
931 2614 1005 2649 aliis
1024 2614 1239 2650 decessoribus

292 2667 413 2703 nostris
423 2690 434 2705 ‚
460 2675 600 2708 quorum
614 2663 759 2698 dostrina
773 2688 784 2704 ,
813 2664 986 2699 virtutibus
998 2690 1008 2705 ,
1034 2666 1069 2700 ἀ
1081 2665 1237 2709 exemplis

301 2715 484 2752 illustratur
495 2712 638 2746 Ecclesia
650 2736 662 2752 ‚
687 2715 743 2756 qui
754 2714 818 2756 jam
830 2714 996 2750 miraculis
1010 2738 1022 2755 ‚
1048 2715 1124 2750 Deo
1144 2716 1237 2750 meti—

296 2768 340 2803 tis
349 2775 463 2800 eorum
477 2762 692 2806 respondente
703 2784 714 2800 ,
743 2765 915 2797 coruscant
926 2789 940 2804 ‚
963 2764 1152 2799 novissimus
1173 2766 1238 2800 De-

296 2818 403 2852 cessor
415 2814 547 2852 noster,
573 2812 676 2846 vester
698 2812 832 2856 quidem
853 2815 997 2855 amicus,
1023 2815 1056 2850 &
1079 2815 1239 2851 Romanae

296 2865 450 2902 Ecclefiae
461 2861 685 2898 devotissimus
697 2862 784 2896 filius
796 2887 808 2903 ,
834 2862 884 2897 bis
906 2865 922 2898 a
936 2865 1016 2899 Sede
1028 2865 1153 2909 propria
1179 2877 1238 2908 pro

293 2916 361 2951 fide
372 2916 406 2949 δι
416 2913 604 2948 obedientia
614 2912 764 2946 exclusus
774 2913 819 2946 est
833 2937 845 2953 ,
871 2914 965 2958 Rege
984 2915 1149 2958 Stephano
1173 2916 1236 2951 boc

295 2967 332 3002 in
343 2976 386 3001 eo
397 2963 623 3009 persequente,
649 2962 739 3005 quod
750 2974 866 2998 contra
891 2963 1149 3007 prohibitionem
1170 2965 1239 3009 ejus

299 3024 441 3052 vocatus
450 3013 469 3047 a
482 3013 634 3047 Domino
646 3011 735 3056 Papa
747 3012 900 3058 Eugenio
911 3013 952 3047 ad
964 3015 1155 3051 Concilium
1169 3016 1239 3051 Re-

297 3066 580 3103 mensevenerar,
602 3062 725 3097 caeteris
739 3062 909 3107 Episcopis
917 3062 1007 3097 domi
1029 3076 1144 3101 contra
1164 3067 1239 3102 obe·

294 3116 455 3152 dientiam
475 3112 719 3149 remanentibus
737 3138 750 3155 ,
788 3114 933 3156 exceptis
952 3113 1054 3147 tribus
1076 3140 1086 3155 ,
1120 3119 1177 3159 qui
1199 3117 1240 3150 de

297 3165 456 3202 mandato
468 3164 569 3209 Regis
577 3173 735 3198 venerunt
747 3188 757 3204 ,
784 3172 820 3197 ut
829 3163 968 3197 aliorum
980 3164 1158 3198 absentiam
1179 3178 1239 3200 ex-

296 3219 447 3252 cusarent
459 3240 466 3247 .
499 3214 577 3248 Alia
588 3223 697 3247 autem
713 3237 723 3253 ,
749 3223 784 3246 ut
796 3213 883 3248 scitis
893 3237 906 3254 ,
930 3215 1025 3248 causa
1048 3216 1239 3256 persecutio-

298 3268 349 3302 nis
358 3266 427 3309 eius
435 3264 560 3299 exstitit
584 3287 595 3304 ,
621 3262 711 3306 quod
741 3274 856 3297 contra
879 3261 1143 3307 prohibitionem
1167 3266 1240 3300 Ro-

297 3327 471 3351 manorum
484 3313 686 3348 Pontificum
698 3313 804 3346 filium
818 3313 922 3357 Regis
945 3311 1156 3348 Eustachium
1183 3327 1240 3349 no-

298 3366 362 3398 luit
372 3375 530 3399 coronare
542 3389 552 3397 .
580 3364 691 3411 Quem
703 3363 842 3397 aliorum
863 3364 1102 3408 Episcoporum
1115 3364 1147 3397 in
1170 3376 1238 3401 tota

299 3413 408 3449 lnsula
421 3415 528 3448 nostra
549 3413 675 3448 vidistis
686 3421 741 3448 aut
753 3412 876 3457 legistis
888 3414 920 3448 se
931 3425 990 3457 pro
1011 3414 1132 3449 tuenda
1146 3414 1239 3450 liber-

301 3475 369 3501 tate
384 3463 551 3506 Ecclesiae,
578 3475 638 3509 pro
646 3461 875 3499 conservandis
892 3462 1157 3499 Institutionibus
1179 3465 1240 3502 1²2·

1017 129 1576 179 EPISTOLAE

1323 226 1436 260 trum,
1465 232 1524 262 pro
1533 218 1711 253 reverentia
1724 220 1758 253 δε
1781 218 1967 255 obedientia
1988 224 2078 259 Sedis
2101 224 2267 269 Apostoli-⁴

1322 281 1366 304 cat
1380 294 1390 311 ,
1417 281 1524 314 praeter
1545 269 1814 308 cantuarienses,
1840 271 1873 303 se
1890 274 2072 314 opposuisse
2096 276 2264 319 Principi-

1323 319 1408 355 bus?
1434 320 1478 354 Et
1492 320 1599 355 nostra
1611 320 1744 364 quidem
1760 329 1852 354 aetate
1872 331 1934 354 nec
1952 332 2038 355 unus
2053 326 2200 360 exstitit.-
2227 328 2260 360 ὃ(

1320 369 1473 405 fi-veteres
1483 371 1692 405 revolvantur
1703 369 1845 405 historia:
1855 393 1866 410 ,
1879 370 1988 405 nullus
1999 380 2157 409 occurret.
2172 378 2261 412 Can.

1321 421 1528 456 tuitiensium
1542 421 1620 455 vero
1631 422 1688 456 alii
1699 432 1758 464 pro
1782 421 1854 465 lege
1874 421 1939 454 Dei
1962 422 2117 456 fuderunt
2134 425 2263 470 sangui·

1322 481 1419 504 nem.
1445 470 1515 505 Alii
1528 471 1736 506 fundendum
1757 471 2017 515 persecutoribus
2031 472 2222 511 obtulerunt
2247 501 2258 510 .

1319 520 1353 554 Si
1367 520 1442 555 vero
1452 523 1730 561 consuetudines,
1756 532 1810 556 aut
1826 521 1934 564 potius
1957 521 2225 557 abominationes
2247 551 2260 568 ,

1319 580 1389 613 quc
1406 572 1587 617 exiguntur
1608 573 1626 605 a
1648 570 1766 612 nobis,
1793 572 1962 606 decessoris
1985 573 2085 607 nostri
2113 583 2261 617 tempore

1319 619 1491 665 viguissent
1504 645 1516 662 ,
1542 624 1574 657 se
1597 622 1692 666 Rege
1704 621 1901 666 prohibente
1922 623 2066 657 decessor
2088 623 2196 658 noster
2216 635 2261 660 ex

1318 671 1410 704 causa
1420 670 1616 706 obedientiae
1628 684 1697 707 non
1710 673 1907 715 exposuisset
1920 674 2095 718 naufragio
2110 696 2121 714 ,
2150 684 2210 707 nec
2229 675 2259 708 ei

1318 719 1461 755 summus
1482 721 1641 757 Pontifex
1662 723 1806 767 gratias,
1831 733 1909 766 quas
1934 723 2117 758 devotione
2137 733 2259 758 merue-

1317 779 1385 811 rat,
1414 771 1451 804 in
1460 772 1558 815 pleno
1572 773 1732 807 Concilio
1744 772 1915 807 retulisset:
1943 776 1991 806 Εό
2004 776 2105 816 quod,
2133 783 2168 807 ut
2192 786 2259 808 ver-

1317 818 1440 862 bisejus
1455 831 1591 856 utamur·
1610 847 1621 863 ,
1657 824 1793 856 natando
1815 825 1938 865 potins,
1965 826 2054 867 quam
2077 825 2258 868 navigando

1314 871 1542 905 adcmmum
1564 881 1706 906 venerat.
1742 873 1774 906 Si
1800 874 2015 915 perversitates
2056 873 2103 908 hae
2135 874 2259 918 viguis-

1315 920 1385 954 sent
1397 944 1409 961 ,
1433 921 1548 964 utique
1561 922 1632 965 post
1647 921 1904 966 prohibitionem
1919 923 2148 967 Apostolicam
2163 934 2258 958 coro-

1312 969 1414 1005 mffet
1424 971 1532 1006 filium
1547 971 1677 1016 Regis,
1702 973 1860 1015 quoniam
1872 973 1935 1007 hoe
1943 974 2012 1008 fieri
2035 983 2182 1019 oportere
2202 973 2254 1008 de-

1313 1029 1453 1056 creverat
1465 1021 1662 1064 Curiaeius.
1692 1021 1781 1055 Nam
1806 1023 1840 1055 ἀ
1862 1022 2016 1063 quosdam
2037 1034 2151 1058 eorum
2164 1047 2174 1062 ‚
2200 1024 2257 1067 qui

1315 1080 1376 1104 nos
1397 1071 1654 1115 persequuntur,¹
1690 1071 1747 1104 ille
1768 1071 1841 1103 Rex
1863 1070 1977 1106 habuit
1999 1072 2094 1115 hujus
2130 1075 2259 1108 fomitis

1314 1122 1500 1154 incentores
1524 1144 1531 1151 .
1560 1122 1684 1154 Nonne
1707 1120 1852 1154 recolitis
1873 1121 2046 1165 quomodo
2070 1122 2126 1156 ille
2150 1146 2161 1161 ‚
2198 1125 2257 1166 qui

1312 1176 1400 1204 nunc
1419 1163 1627 1205 Eboracensis
1639 1171 1684 1204 est
1700 1194 1711 1209 ,
1736 1169 1880 1204 Romam
1894 1170 2052 1213 profectus
2065 1171 2102 1205 sit
2115 1194 2126 1211 ,
2154 1171 2258 1217 Regis

1311 1220 1399 1254 illius
1420 1221 1456 1254 ὅ(
1477 1230 1644 1264 procerum
1672 1231 1848 1262 procurans
1878 1219 2051 1265 negotium
2073 1232 2082 1253 ε
2121 1231 2158 1255 ut
2180 1222 2258 1266 quia

1310 1269 1582 1304 cantuariensem
1595 1269 1698 1303 Archi
1710 1287 1719 1294 ·
1734 1270 1932 1313 Episcopum
1959 1282 2026 1305 non
2042 1280 2190 1315 poterant
2200 1272 2258 1308 fle·

1306 1322 1413 1360 erere,
1439 1320 1551 1354 saltem
1576 1318 1810 1363 prohibitionis
1830 1320 2030 1364 Apostolicae
2053 1322 2254 1357 solutionem

1305 1370 1323 1403 a
1341 1370 1494 1406 Domino
1504 1369 1592 1414 Papa
1606 1370 1760 1415 Eugenio
1773 1370 2005 1414 impetrarent?
2030 1371 2091 1406 Sed
2103 1371 2183 1413 quid
2197 1383 2257 1406 no·

1307 1422 1337 1454 vi
1358 1421 1558 1454 revolvimus
1569 1443 1581 1461 ,
1614 1420 1784 1464 praesertim
1795 1420 1830 1454 in
1844 1419 1973 1455 auribus
1988 1421 2113 1462 vestris,
2142 1421 2198 1466 qui
2211 1430 2256 1456 te-

1307 1470 1590 1505 netismentoriter
1607 1470 1695 1504 illius
1706 1471 1865 1515 temporis
1886 1471 2008 1511 Gesta,
2034 1472 2069 1506 ἀ
2092 1471 2194 1506 fidem
2215 1483 2254 1510 ao

1303 1518 1515 1554 devotionem
1533 1520 1775 1554 cantuariensis
1792 1520 1938 1555 Ecclesiae
1950 1533 2018 1554 non
2032 1521 2135 1555 modo
2145 1521 2257 1555 leaio«

1306 1569 1515 1603 nelibrorum
1530 1594 1541 1609 ,
1568 1569 1621 1604 sed
1635 1571 1704 1604 visu
1715 1571 1871 1605 &auditu
1887 1571 2068 1615 plenissime
2078 1570 2254 1605 didicistis?

1304 1618 1384 1652 H'aec
1397 1619 1491 1653 vobis
1511 1619 1636 1653 devota
1650 1621 1769 1661 semper
1791 1620 1921 1654 exstitit
1931 1640 1947 1660 ,=
1971 1622 2004 1655 ἀ
2022 1619 2160 1654 authore
2175 1622 2254 1656 Deo

1307 1669 1422 1703 nostris
1432 1667 1744 1712 temporibusipsius
1760 1668 1801 1702 ad
1822 1679 1883 1702 vos
1901 1669 2041 1703 devotio
2062 1681 2131 1703 non
2153 1681 2252 1713 tepe-

1306 1719 1371 1752 scet
1398 1744 1406 1752 .
1446 1718 1613 1762 Siquidem
1637 1717 1760 1761 justum
1779 1717 1825 1752 est
1850 1742 1861 1759 ,
1888 1728 1925 1753 ut
1944 1717 2055 1761 potius
2075 1728 2255 1763 augeatur,

1303 1778 1380 1800 cum
1417 1767 1436 1800 ὲ
1473 1778 1620 1810 tempore
1665 1768 1835 1801 Gnidonis
1864 1767 1975 1801 Pisani
1998 1769 2255 1804 familiaritatem

1305 1816 1516 1858 personaliter
1533 1815 1814 1856 contraxerimus,
1851 1817 1884 1850 ἀ
1908 1816 2008 1850 nobis
2029 1818 2252 1854 mediantibus

1304 1865 1483 1900 amicitiam
1494 1865 1634 1900 inieritis
1645 1865 1892 1899 cumdeceffore
1903 1865 2015 1901 nostro
2031 1892 2038 1899 .
2066 1867 2175 1902 Nobis
2200 1880 2255 1904 auf

1305 1925 1370 1950 tem
1383 1915 1582 1960 propositum
1595 1916 1639 1949 est
1652 1937 1662 1954 ,
1687 1925 1725 1950 ut
1736 1926 1794 1959 pro
1814 1916 1918 1949 aetatis
1944 1918 2089 1959 processu
2109 1917 2254 1956 charitas

1306 1965 1497 2005 invalescat,
1523 1967 1557 2000 δε
1585 1966 1607 1998 si
1635 1976 1859 2008 opportunum
1881 1967 1977 2000 fuerit
1996 1991 2007 2006 ,
2040 1968 2253 2003 cumulentur

1304 2014 1462 2058 obsequia
1477 2040 1485 2047 .
1514 2014 1622 2049 Unde
1643 2015 1812 2049 dilectioni
1835 2015 1940 2050 vestrae
1964 2017 2180 2061 supplicamus
2197 2028 2253 2053 at-

1304 2064 1427 2099 tentius
1441 2089 1452 2105 ,
1477 2075 1635 2109 quatenus
1657 2064 1723 2100 haec
1745 2065 1785 2099 ad
1806 2066 1948 2100 Domini
1972 2066 2068 2110 Papae
2093 2069 2249 2104 notitiam

1304 2115 1489 2156 reducatis,
1518 2125 1554 2149 ut
1564 2126 1640 2149 cum
1654 2117 1787 2150 caeteris
1802 2126 1858 2151 aut
1872 2127 1934 2159 prae
1951 2118 2072 2153 caeteris
2086 2118 2249 2152 Dominis

1305 2166 1338 2198 ὅ(
1354 2165 1481 2199 Amicis
1494 2165 1924 2209 nostrisimpeuetisabeo,
1949 2178 1991 2201 ne
2015 2167 2120 2206 tradat
2140 2168 2250 2204 bestiis

1307 2215 1486 2249 Ecclesiam
1500 2216 1621 2259 semper
1634 2217 1708 2250 Deo
1722 2216 1843 2251 &Sodi
1869 2216 2068 2259 Apostolicae
2088 2217 2248 2253 famulan-

1303 2275 1371 2298 tem
1391 2288 1401 2303 ,
1426 2265 1461 2299 δε
1477 2277 1538 2299 nos
1548 2277 1623 2299 cum
1649 2265 1705 2299 illa
1717 2267 1751 2299 in
1763 2264 1901 2300 brachio
1911 2276 2051 2301 extento
2073 2268 2189 2311 eripiat
2207 2267 2251 2304 de

1303 2314 1457 2349 manibus
1477 2326 1614 2356 eorum,
1640 2316 1698 2359 qui
1719 2327 1868 2359 quaerunt
1891 2317 2038 2352 animam
2061 2317 2206 2353 nostram
2235 2341 2247 2359 ,

1301 2374 1337 2397 ut
1350 2365 1497 2399 auferant
1508 2375 1580 2398 eam
1591 2389 1602 2402 ,
1629 2366 1663 2398 &
1684 2366 1718 2398 in
1732 2365 1932 2407 depreffione
1944 2366 2050 2400 nostra
2073 2367 2178 2402 totius
2189 2368 2250 2403 Ec·

1299 2414 1397 2448 elesiae
1418 2415 1578 2457 perimant
1592 2413 1673 2447 liber
1685 2425 1802 2449 tatem.
1834 2414 1868 2446 N
1872 2426 1922 2446 arn
1936 2415 1969 2448 ὅ(
1980 2415 2051 2448 Rex
2064 2417 2248 2460 Stephanus

1299 2463 1341 2498 ab
1351 2464 1557 2498 antecessoris
1573 2463 1674 2498 nostri
1692 2463 1913 2506 persecutione
1923 2475 1988 2498 non
2011 2462 2135 2499 destitit
2153 2490 2165 2506 ,
2189 2477 2246 2500 an·

1299 2523 1432 2558 tequam
1446 2514 1503 2557 piae
1516 2512 1752 2548 recordationis
1763 2514 1930 2547 Dominus
1963 2513 2153 2557 Eugenius,
2177 2527 2248 2550 om-

1301 2565 1334 2599 ui
1357 2565 1497 2599 cessante
1518 2562 1746 2608 appellationis
1765 2562 1957 2602 obstaculo,
1997 2563 2032 2599 in
2051 2573 2150 2608 caput
2170 2563 2245 2606 ejus

1298 2613 1513 2648 anathematis
1525 2636 1536 2652 ‚
1561 2614 1596 2648 δε
1607 2614 1641 2647 in
1658 2623 1775 2647 terram
1787 2612 1954 2647 lnterdiCti
1966 2611 2160 2648 sententiam
2171 2625 2248 2657 prae·

1298 2665 1383 2708 cepit
1394 2664 1435 2698 ab
1460 2662 1614 2697 omnibus
1639 2661 1809 2705 Episcopis
1829 2661 2028 2698 authoritate
2051 2663 2246 2707 Apostolica

1298 2714 1460 2748 exerceri.
1488 2714 1602 2756 Lupus
1626 2714 1716 2746 enim
1742 2711 1783 2746 ab
1797 2712 1876 2746 ovili
1886 2711 1981 2746 facile
1991 2723 2060 2747 non
2081 2724 2209 2750 arcetur
2230 2739 2244 2757 ,

1300 2765 1357 2798 nisi
1368 2764 1511 2799 clamore
1522 2774 1642 2798 canum
1654 2772 1811 2797 terreatur
1822 2762 1854 2796 δε
1868 2761 1986 2796 baculo
1998 2787 2005 2794 .

1401 2861 1813 2900 EPISTOLA
1915 2861 2191 2898 CXXXVII.

1347 2962 1477 2997 Thomas
1505 2959 1730 3002 Cantuuienfis
1769 2959 1876 2993 Archi·
1890 2960 2056 3004 Episcopus
2087 2961 2195 3006 fram

1501 3014 1626 3048 mula·
1637 3012 1674 3045 de
1692 3014 1794 3044 Monte
1806 3010 2029 3056 Rothomagenfi
2040 3038 2048 3046 .

1403 3112 1529 3148 OVlT
1552 3111 1748 3147 Fraternitas
1761 3119 1815 3145 tua
1829 3135 1840 3152 ‚
1863 3111 1962 3155 quam
1971 3112 2138 3156 patienter
2151 3112 2244 3150 susti-

1432 3164 1597 3198 nuerimus
1607 3161 1726 3196 damna
1742 3186 1753 3201 ,
1779 3160 1933 3204 injurias,
1961 3162 1995 3197 δε
2015 3163 2238 3198 contumelias

1304 3212 1396 3249 nobis
1410 3214 1444 3247 ὃ(
1456 3213 1573 3248 nostris
1587 3212 1676 3246 illata
1688 3212 1705 3246 a
1717 3211 1924 3247 dilectissimo
1950 3212 2100 3246 Domino
2119 3213 2243 3254 nostro,

1304 3263 1419 3299 illustri
1438 3262 1536 3308 Rege
1573 3262 1783 3307 Anglorum.
1821 3263 1893 3306 lpse
1916 3271 2024 3296 autern
2045 3262 2161 3297 abusus
2194 3274 2261 3307 pv,

1303 3314 1417 3350 tientia
1437 3312 1568 3353 nostra,
1594 3313 1634 3347 ad
1649 3312 1848 3355 Sana-imme
1861 3312 1980 3347 Matris
2008 3313 2070 3346 suae
2095 3313 2242 3356 prorupit

1303 3364 1436 3408 injurias
1445 3387 1456 3404 ,
1470 3362 1619 3406 sponsam
1635 3362 1800 3406 loquimur
1811 3362 1972 3396 Crucisixi
1988 3375 1999 3396 .-
2023 3363 2056 3397 &
2070 3362 2160 3398 illam
2173 3373 2244 3398 non

1304 3414 1422 3448 veritus
1442 3412 1597 3447 ancillare
1622 3435 1634 3451 ‚
1659 3424 1716 3456 pro
1735 3412 1827 3456 cujus
1851 3412 2042 3446 liberatione
2066 3413 2153 3447 filius
2176 3412 2243 3446 Dei

1304 3466 1395 3503 Deus
1416 3473 1524 3500 morte
1551 3462 1730 3507 turpiffima
1766 3462 1871 3499 voluit
1888 3461 2128 3518 condemnari.
2167 3461 2243 3497 Mo·

2060 3521 2192 3547 nuimus
