2358 3776
592 138 631 184 S.
671 134 960 184 THOMAE
994 128 1391 181 CANTUAR'.
1431 132 1571 181 LIB.
1608 139 1709 186 111.

166 225 198 260 {fi
209 222 301 258 causa
321 222 548 269 praecognita,
561 225 689 257 curatur
710 218 882 255 infirmitas
894 241 905 257 ,
931 224 1066 261 purgate
1091 241 1103 259 ,

164 273 196 307 ⁴si
220 274 344 317 placet,
379 274 530 311 causam,
556 272 591 306 ἃ,
614 271 802 317 Anglicana
825 267 966 302 Ecclesia
987 290 998 306 ,
1024 267 1099 301 Deo

168 325 338 371 propitio,
363 323 456 359 facile
467 322 687 357 convalescet.
718 320 761 355 Et
772 318 905 361 quidem
924 317 1018 350 causa
1039 329 1101 360 prae

168 377 295 415 oculis,
319 374 394 410 cum
408 375 464 407 ille
475 371 725 409 Londonienfis,
752 379 870 413 quem,
901 365 924 399 fi
944 366 1105 401 reminisci

171 427 276 470 placet
295 451 307 467 ,
332 425 494 463 senonis,
519 422 598 456 dum
622 421 668 455 sui
694 421 795 464 Regis
820 416 1038 462 Legationern
1051 428 1106 462 ge-

172 488 273 518 reret,
298 477 440 510 surorem
463 483 571 507 mente
599 480 796 513 conceptum
816 467 944 502 constat
974 467 1107 511 aperuis-

166 528 222 565 se,
248 538 336 560 nunc
357 522 652 569 perniciosissimum
678 521 756 554 totis
776 516 896 552 viribus
917 518 951 551 &
971 528 1106 560 operum

171 575 360 612 testimonio
380 575 539 616 exprimat
561 572 748 606 furiosum.
774 568 806 603 ls
827 567 918 602 enim
937 566 982 601 est
994 565 1110 601 author

167 627 302 661 scissuras
323 624 438 668 hujus,
464 625 550 657 sator
573 621 738 654 discordiae
759 643 770 659 ,
795 618 936 652 scandali
967 619 1072 652 fomes
1097 642 1107 658 ‚

169 677 228 719 qui
241 675 362 710 bellum
374 698 385 715 ,
411 672 501 718 quod
514 682 590 706 cum
602 671 677 705 Deo
686 670 720 704 ἀ
733 667 835 702 Archi
845 685 855 693 -
871 668 1034 711 Episcopo
1046 669 1104 702 suo

168 726 229 760 diu
251 725 387 764 habuit,
413 735 502 757 nunc
522 722 655 756 demum
666 720 790 754 retorsit
805 719 838 751 in
859 718 1105 753 fratres&Coe-

170 777 322 819 piscopos
343 777 414 808 suos
438 798 449 814 ‚
474 773 516 807 eo
543 769 632 814 quod
653 768 712 802 fibi
734 769 1044 808 excommunicato,
1070 767 1105 800 fi-

167 835 227 858 cut
239 836 293 867 per
304 824 471 860 officiales
483 821 586 864 Regis
605 819 739 863 urgebat
751 843 762 858 ,
785 819 1029 853 communicare
1052 830 1107 852 no-

168 874 300 907 luerunt
310 899 321 914 ‚
346 875 378 907 δε
392 871 494 905 Archi
504 889 516 896 -
528 870 690 912 Episcopo
709 870 768 903 suo
779 868 923 903 debitam
944 866 1107 902 subtrahe-

160 929 204 957 ·r'e
215 921 438 958 obedientiam
454 946 461 953 .
490 921 600 959 Ecce,
625 918 745 959 Pater,
770 929 912 963 quantus
936 918 1030 961 lupus
1052 917 1106 952 ha-

160 975 277 1008 -aenus
287 973 321 1007 in
339 984 400 1007 ove
413 971 509 1006 latuit
522 995 533 1012 ‚
558 969 657 1013 quam
669 968 852 1003 manifestus
865 969 948 1002 Anti
957 985 968 994 -
982 967 1105 1002 Christi

159 1022 378 1067 -praeambulu's
392 1047 402 1061 ‚
428 1022 463 1055 &
476 1031 577 1064 praeco
589 1019 793 1062 iniquitatis,
819 1020 876 1063 qui
888 1018 1018 1052 Patrem
1043 1029 1106 1062 per-

160 1074 331 1118 sequitur,
361 1072 395 1106 &
419 1071 561 1105 Matrem
571 1070 834 1113 quaeritevertere
852 1092 860 1100 .
891 1067 1105 1102 Manifestum

166 1123 400 1156 inobedientia:
420 1118 663 1163 crimen‚quod
685 1118 878 1154 idololatriae
892 1119 926 1153 &
945 1115 1106 1151 ariolandi

167 1170 298 1218 flagitio
311 1171 537 1207 conformesest
558 1194 570 1211 ,
588 1171 795 1204 committere
804 1180 872 1203 non
884 1178 1029 1205 veretur,
1055 1177 1102 1209 ty-

165 1233 343 1257 rannorum
365 1221 546 1255 ministerio
569 1220 781 1262 proscribit&
805 1218 934 1260 perimit
953 1218 1106 1250 innocen-

166 1282 241 1312 tes,
265 1282 376 1314 pacem
390 1270 512 1308 nescit,
539 1269 574 1301 &
595 1268 713 1301 scindit
736 1266 883 1299 Ecclesiae
903 1265 1066 1298 unitatem
1097 1289 1104 1295 .

166 1322 259 1369 Qid
269 1345 281 1360 ,
307 1321 410 1363 qureso
421 1343 430 1358 ,
457 1317 545 1350 aliud
557 1316 655 1349 faciet
682 1315 767 1347 Anti
777 1331 787 1339 ·
800 1313 949 1347 Christus
962 1315 979 1345 ἕ
1005 1314 1106 1347 Non-

164 1381 209 1404 ne
227 1367 269 1406 ad
281 1366 500 1403 abolitionem
512 1375 610 1400 tantae
632 1364 815 1407 iniquitatis
834 1364 1043 1398 Sanstitatem
1056 1374 1106 1396 ve-

161 1419 261 1454 stram
273 1418 309 1453 in
322 1417 521 1461 Apostolicae
530 1414 661 1448 virtutis
673 1413 791 1448 robore
800 1423 878 1447 ante
886 1413 1006 1447 faciem
1018 1415 1105 1447 suam

164 1469 315 1513 praemisit
325 1467 477 1502 Christus
488 1466 523 1499 in
534 1465 656 1509 Spiritu
667 1463 702 1497 &
715 1465 835 1498 virtute
856 1463 964 1498 Heliae
977 1462 994 1494 ?
1019 1463 1107 1497 Con·

163 1515 356 1562 teratergo,
384 1518 405 1549 si
428 1516 532 1560 placet
549 1539 560 1555 ,
593 1513 747 1556 Majestas
764 1513 865 1547 vestra
886 1524 953 1547 tarn
973 1512 1071 1547 istum
1097 1538 1108 1553 ,

163 1568 263 1613 quam
275 1567 418 1610 reliquos
430 1590 441 1606 ‚
467 1576 549 1610 quos
562 1565 728 1598 Dominus
742 1561 988 1598 cantuariensis
997 1574 1038 1596 ex
1062 1561 1108 1604 ju·

164 1617 223 1652 stis
237 1616 351 1652 cauffis
361 1615 508 1650 Sathanae
526 1613 659 1648 tradidit
674 1637 686 1653 ,
711 1625 746 1647 ut
770 1613 828 1656 qui
839 1613 912 1647 aliis
924 1614 956 1648 se
970 1613 1106 1646 formam

164 1667 301 1712 praebnit
316 1665 555 1709 delinquendi,
582 1675 648 1698 tam
673 1661 877 1707 praesentibus
899 1665 994 1708 quarn
1007 1663 1108 1706 poste-

160 1718 211 1752 ris
224 1716 264 1751 ad
272 1717 413 1761 gloriam
427 1717 517 1756 Dei,
543 1715 578 1749 ἀ
590 1713 749 1747 honorem
762 1712 899 1746 vestrum
914 1737 926 1754 ,
952 1713 991 1747 ad
1008 1714 1109 1747 totius

164 1767 316 1801 Ecciefiae
330 1766 466 1799 salutem
477 1766 509 1798 &
522 1774 657 1807 pacem,
683 1771 802 1796 notum
821 1763 1021 1806 relinquatur
1040 1773 1110 1797 cor-

155 1815 316 1852 aetionis
329 1813 516 1857 exemplum
529 1836 537 1845 .

268 1913 677 1950 EPlsToLA
779 1888 1002 1949 Lxxxvi.

189 2012 362 2054 Alexandro
385 2021 485 2061 Papae
505 2019 671 2050 Mauricius
696 2011 864 2056 Par-iliensis
889 2011 1074 2057 Episcopus.

243 2118 362 2152 ARlT
388 2117 489 2152 &alit
513 2118 622 2161 cuipas
644 2116 775 2151 licentia
799 2115 1023 2159 delinquendi.
1060 2113 1105 2147 Et

264 2171 299 2203 in
316 2178 491 2212 augmenta
503 2169 687 2202 facinorum
709 2166 889 2209 prosilitur,
916 2164 993 2197 dum
1015 2165 1107 2198 secu·-

164 2231 201 2253 ra
217 2218 410 2262 impunitate
431 2227 598 2260 peccatur.
627 2216 742 2251 Latuit
760 2215 952 2259 aliquandiu
973 2214 1107 2248 Londo-

165 2269 286 2302 niensis
310 2269 490 2311 Episcopus
513 2291 524 2307 ,
551 2278 593 2299 ne
612 2266 720 2301 dicam
745 2266 839 2309 lupus
865 2263 1106 2299 Anti-Christi

167 2318 383 2362 praeambulus
399 2341 410 2358 ,
437 2318 470 2350 in
486 2316 625 2360 pellibus
636 2317 784 2361 agninis.
811 2316 856 2349 Et
867 2316 943 2358 quia
955 2314 989 2347 in
1003 2314 1105 2357 prima

165 2368 423 2412 depopulatione
433 2367 532 2400 ovilis
542 2366 664 2400 Christi
688 2377 764 2400 cum
777 2366 928 2408 Principe
939 2365 1016 2404 sno,
1045 2375 1104 2398 cu-

166 2418 216 2461 jus
227 2417 348 2451 viribus
358 2416 473 2450 abusus
483 2415 528 2449 est
542 2439 554 2455 ‚
581 2416 702 2449 nonest
714 2415 781 2457 ejus
804 2415 928 2457 repulsa
950 2414 1073 2448 malitia
1094 2436 1104 2452 ‚

163 2477 254 2501 nunc
267 2466 438 2509 impatiens
449 2464 629 2508 disciplinas
653 2465 813 2499 unitatem
826 2464 974 2498 Ecclesrae
989 2463 1102 2508 Angli·

145 2533 148 2537 ·
164 2528 255 2552 cana:
267 2517 412 2550 scindere
423 2514 631 2549 machinatur
645 2538 653 2548 .
683 2514 734 2548 Ex
748 2527 814 2559 quo
824 2515 912 2548 enim
923 2514 1026 2557 culpis
1037 2514 1104 2548 exi-

164 2565 317 2611 gentibus
328 2564 474 2599 Sathanae
497 2564 633 2598 traditus
643 2564 688 2598 est
709 2565 744 2598 in
768 2565 934 2599 interitum
956 2564 1062 2598 carnis
1089 2587 1100 2603 ,

164 2617 345 2650 discordias
370 2614 561 2653 seminavit,
588 2613 696 2657 sparsit
707 2614 880 2654 scandala,
906 2615 1049 2647 scissuras
1071 2615 1103 2647 ὅ(

164 2667 342 2700 seditiones
353 2664 555 2699 machinatus
566 2664 612 2697 est
627 2687 637 2703 ,
663 2663 696 2696 ἀ
709 2672 854 2705 patenter
866 2664 1010 2697 exercuit
1021 2675 1102 2706 ope-

166 2726 222 2755 ra,
245 2727 314 2760 quae
333 2715 457 2749 solutus
477 2713 635 2749 sathanas
658 2712 758 2746 videri
781 2711 895 2746 debeat
916 2723 1065 2747 exercere
1091 2738 1099 2745 .

167 2766 319 2800 Conatus
334 2776 388 2809 per
411 2764 577 2798 Officiales
600 2763 704 2807 Regis
723 2762 1064 2805 Episcoposinducere
1090 2787 1100 2803 ,

166 2826 204 2851 ut
223 2816 254 2850 ei
270 2817 550 2850 communicarent
572 2838 582 2853 ,
606 2814 640 2847 &
659 2814 812 2846 Domino
835 2813 1060 2846 cantuariensi
1086 2837 1097 2853 ,

167 2866 222 2908 qui
242 2877 333 2900 aetate
345 2865 496 2899 nostrain
511 2863 653 2906 partibus
666 2861 936 2898 occidentalibus
958 2864 988 2896 se
1011 2862 1101 2896 Con-

167 2916 314 2950 fefforem
336 2916 478 2950 veritatis
500 2915 534 2949 δι
556 2913 684 2948 virtutis
709 2913 874 2956 exemplar
896 2913 1064 2955 proposuit
1091 2937 1100 2953 ,

166 2964 388 2999 obedientiam
411 2964 646 2999 subtraherent.
673 2962 735 2997 Sed
758 2963 786 2996 ei
805 2987 814 3002 ,
854 2964 928 2997 Deo
949 2962 1102 3006 inspiran-

166 3025 199 3049 te
212 3039 223 3054 ‚
250 3014 400 3058 praecipui
420 3015 580 3049 eorumin
601 3013 717 3047 faciem
736 3012 936 3052 restiterunt,
962 3013 1099 3056 eoquod

166 3076 234 3099 erat
244 3063 518 3107 reprehensibilis.
546 3064 583 3097 ln
597 3073 722 3096 tantam
741 3074 818 3106 ergo
842 3062 974 3106 prosiliit
998 3065 1100 3106 impu-

165 3114 332 3154 dentiam,
358 3124 394 3146 ut
408 3113 533 3156 publice
543 3114 663 3147 diceret
678 3114 710 3147 se
720 3113 940 3148 Cantuariensi
955 3113 1096 3147 Ecclefiae
1113 3133 1117 3167 ξ

165 3163 391 3199 obedientiam
412 3174 480 3197 non
488 3162 623 3201 debere,
649 3162 689 3196 eo
701 3162 792 3204 quod
806 3163 973 3205 postquam
984 3164 1023 3197 ad
1040 3162 1096 3197 Ec·
1112 3170 1115 3193 ε

166 3214 292 3248 cleliam
307 3212 571 3248 Londoniensem
592 3214 758 3247 translatus
779 3214 824 3249 est
837 3238 847 3254 ‚
874 3214 999 3247 nullam
1016 3214 1044 3246 ei
1057 3213 1097 3247 de

166 3262 349 3298 exhibenda
361 3264 548 3297 obedientia
564 3262 639 3296 fecit
660 3264 885 3305 professionem
897 3288 905 3296 .
933 3265 1040 3296 Ausus
1052 3263 1097 3296 est

168 3315 272 3348 etiam
296 3314 426 3356 gloriari
450 3338 459 3353 ‚
493 3311 582 3356 quod
604 3310 964 3357 Archi-Episcopalem
982 3312 1099 3346 (Ἀώς.

165 3363 257 3398 dram
270 3363 478 3396 Londoniam
492 3362 651 3396 transferri
665 3363 780 3401 faciet,
805 3375 841 3398 ut
852 3365 966 3398 civitas
978 3388 987 3402 ‚
1002 3374 1099 3406 quam

167 3413 243 3447 ante
255 3423 383 3454 tempus
401 3413 491 3445 Beati
503 3411 655 3456 Gregorii
671 3412 855 3459 nnglorum
869 3413 1020 3457 Apostoli
1036 3415 1097 3446 Ar-

167 3462 422 3500 chi-flaminem
443 3460 522 3495 dicit
540 3461 683 3496 habuisse
701 3486 713 3502 ,
740 3462 852 3503 eadem
871 3476 961 3499 nunc
983 3464 1096 3499 Archi·

213 3533 218 3542 .
264 3511 370 3553 Christ.
390 3516 469 3555 Lupi
489 3515 586 3556 Opera
606 3515 687 3551 Tom.
704 3514 746 3547 X.

1939 150 2035 202 289

1167 216 1365 261 Episcopum
1377 215 1493 251 habeat
1515 218 1715 260 temporibus
1736 223 1948 264 Christianis·
1973 232 2044 279 Qi
2056 241 2100 268 ta-

1167 267 1228 306 lia,
1252 266 1347 302 Pater
1369 266 1590 307 Samium,
1617 269 1695 303 facit
1716 272 1750 305 δε
1770 275 1911 322 loquitur
1935 305 1947 321 ‚
1986 293 2100 318 nonne

1167 318 1285 353 merito
1294 315 1435 352 creditur
1446 318 1610 352 insanire?
1634 317 1766 363 Utique
1777 335 1843 359 non
1864 330 1908 364 est
1928 331 1982 365 hic
1996 331 2100 366 homo

1166 367 1293 409 aDeo,
1319 369 1374 411 qui
1396 367 1619 403 obedientiam
1642 381 1710 403 non
1733 372 1898 416 custodit,
1921 382 1977 423 qui
1999 382 2101 418 fidem

1170 419 1289 458 nescit,
1314 420 1369 461 qui
1382 416 1561 454 schismatis
1571 418 1690 453 author
1711 420 1756 453 est
1777 422 1811 455 ὅ(
1835 422 2001 461 incentor.
2027 430 2101 466 1³12.

1168 479 1239 503 ceat
1250 469 1358 510 itaque
1370 468 1535 512 Majestati
1550 468 1675 510 vestrae,
1703 471 1848 513 quami-n
1860 472 1960 518 longa
1981 486 2104 521 tempo.

1169 530 1202 554 ra
1226 519 1392 553 conservet
1414 517 1527 559 Deus,
1553 519 1703 553 Domino
1725 521 1970 564 Cantua'rienfi,
2005 536 2104 568 quem

1169 568 1294 606 constat
1307 579 1366 612 pro
1376 567 1496 611 justitia
1505 592 1516 608 ,
1529 579 1587 611 pro
1597 568 1743 605 libertate
1757 572 1905 607 Ecclefiae
1918 598 1929 614 ,
1941 585 1999 618 pro
2008 585 2107 609 tuen-

1169 619 1218 654 dis
1231 617 1428 661 Apostolicae
1438 618 1530 652 Sedis
1538 617 1712 663 privilegiis
1724 620 1790 664 jam
1802 624 2016 667 quinquenne
2037 626 2103 660 exi-

1170 669 1390 703 liumfortiter
1408 668 1443 702 ἀ
1463 668 1608 703 alacriter
1629 668 1802 712 sustinere,
1830 683 1928 715 opem
1948 675 2050 714 ferre,
2073 675 2107 710 δε

1170 730 1236 754 tam
1251 718 1416 762 praefatum
1428 718 1695 753 Londoniensem
1706 743 1716 758 ,
1742 721 1840 765 quarn
1852 721 1936 757 alios
1957 723 2105 759 Ecclesiae

1171 769 1408 809 malefac‘toxes,
1437 779 1520 812 quos
1541 792 1554 810 ,
1588 778 1625 803 ut
1647 779 1849 812 meruerant,
1875 773 1972 808 serius
1993 783 2106 809 tamen

1170 818 1377 854 anathemate
1396 818 1555 862 perculit,
1579 817 1754 855 allidere&
1770 832 1936 857 conterere
1957 823 1998 858 ad
2017 823 2108 867 Apo-

1170 869 1318 904 stolicam
1329 868 1481 910 Petram,
1508 868 1598 912 juxta
1608 880 1707 913 quam
1718 871 1859 916 absorpti
1881 870 1955 907 sunt
1977 873 2111 908 Antho-

1170 931 1216 954 res
1226 930 1340 954 eorum
1353 942 1360 949 .
1379 916 1550 963 Alioquin
1571 920 1757 955 timendum
1778 922 1844 962 est,
1873 933 1915 956 ne
1934 923 1957 956 fi
1971 947 1982 964 ,
2019 922 2110 968 quod

1170 969 1271 1009 absit,
1297 978 1425 1002 tantum
1439 968 1541 1004 scelus
1561 980 1727 1006 remaneat
1752 971 1975 1015 impunitum,
2012 973 2111 1007 citius

1170 1019 1410 1063 &Anglicanae
1430 1020 1464 1053 ἀ
1487 1019 1668 1055 Gallicana
1690 1022 1838 1057 Eccleliae
1847 1023 2050 1068 perniciem,
2075 1023 2109 1056 &a

1170 1068 1358 1114 Religionis
1370 1069 1497 1104 ruinam
1507 1079 1658 1114 operetur
1665 1095 1674 1106 .

1268 1167 1680 1207 EplsToLA
1760 1172 2015 1208 LXXXVII.

1169 1264 1323 1300 Thomas
1350 1246 1589 1302 Cantuariensis
1617 1269 1934 1315 Archi-Episcopus
1962 1272 2113 1317 Rogerio

1438 1315 1635 1360 vigornensi
1662 1317 1841 1363 Episcopo.

1171 1414 1299 1449 Thomas
1326 1417 1386 1448 Dei
1405 1420 1512 1457 gratia
1537 1417 1763 1459 Cantuaerlenss's
1802 1418 1894 1451 Archi
1901 1438 1913 1445 ·
1926 1418 2117 1463 Episcopus,

1220 1467 1255 1500 (⁹1
1272 1466 1361 1497 Sedis
1383 1464 1547 1505 apostolica
1567 1470 1724 1510 Legatos,
1759 1468 1938 1501 Venerabili
1954 1472 2067 1503 Fratri

1270 1518 1394 1558 Rogerio
1403 1537 1415 1553 ‚
1444 1516 1616 1558 Vigornenfi
1626 1516 1772 1560 Episcopo
1782 1542 1792 1557 ‚
1815 1516 1969 1562 salutm,
1985 1520 2023 1554 8

1392 1568 1479 1606 plum
1497 1564 1653 1608 insutum
1673 1564 1902 1610 μοῙρεδὶιιηι..
1962 1591 1987 1602 „i

1175 1662 1459 1779 INSPECTIS
1487 1668 1624 1708 litteris,
1649 1678 1728 1711 quas
1753 1681 1854 1713 nuper
1865 1671 1908 1706 ab
1934 1670 2059 1718 Anglia
2071 1684 2120 1707 ιε’

1254 1718 1421 1759 cepimus,
1447 1718 1582 1760 potestis
1598 1717 1788 1759 advertere,
1827 1720 1927 1763 quam
1951 1722 2119 1756 malitiose

1253 1766 1499 1800 Londoniensis
1525 1767 1726 1810 Episcopus,
1754 1769 1810 1811 qui
1835 1770 1932 1804 nobis
1956 1770 1997 1805 ab
2018 1773 2119 1806 initio

1173 1815 1263 1849 Sedis
1274 1816 1443 1850 ininsidiis
1464 1816 1625 1860 quaerebat
1650 1818 1794 1852 animam
1818 1819 1982 1860 nostram,
2010 1832 2047 1855 ut
2063 1833 2118 1856 au-

1172 1867 1250 1900 ferat
1263 1876 1333 1900 eam
1346 1890 1356 1907 ,
1385 1877 1471 1900 nunc
1484 1865 1634 1900 adversus
1647 1867 1790 1902 Matrem
1802 1870 1891 1902 suam
1903 1870 1936 1903 ὅ(
1947 1870 2095 1906 nostram
2105 1896 2119 1911 ,

1171 1917 1318 1950 Sanctam
1329 1916 1595 1950 cantuariensem
1613 1917 1786 1953 Ecclesiam
1800 1943 1811 1959 ,
1836 1919 2032 1954 calcaneum
2055 1922 2116 1955 er-i-

1171 1977 1226 2009 gat
1236 1989 1248 2005 ,
1274 1966 1307 1999 &
1320 1966 1349 1999 ei
1362 1966 1626 2010 primogeniturae
1638 1968 1756 2001 sortem
1765 1993 1775 2008 ,
1789 1967 1930 2013 gloriam
1944 1970 1978 2004 δε
1990 1979 2116 2004 nomene

1171 2015 1331 2058 praeripere
1343 2015 1496 2050 moliatur
1508 2041 1515 2047 .
1543 2016 1747 2052 Restiterunt
1758 2018 1788 2052 ei
1804 2030 1904 2064 nuper
1916 2030 2026 2054 coram
2048 2021 2113 2054 Re·
2172 2039 2174 2041 ·

1169 2067 1220 2109 gis
1231 2065 1454 2106 officialibus,
1482 2077 1564 2111 quos
1576 2067 1608 2100 in
1623 2069 1876 2111 persecutionem
1890 2069 2038 2104 Ecclesiae
2061 2081 2115 2104 ex-

1169 2115 1289 2149 citabat
1306 2141 1317 2156 ,
1345 2116 1550 2151 laudabiliter
1562 2118 1671 2152 fratres
1691 2120 1816 2160 nostri,
1843 2120 1936 2163 seque
1957 2119 1998 2154 ab
2023 2120 2114 2154 illius

1168 2166 1404 2201 communione
1416 2166 1662 2211 suspendentes,
1690 2180 1743 2213 per
1754 2168 1930 2204 parochias
1956 2172 2024 2205 suas
2044 2170 2122 2211 edi-=

1167 2217 1220 2248 sto
1232 2215 1365 2258 publico
1382 2228 1598 2260 praeceperunt
1611 2230 1685 2253 eum
1699 2232 1715 2253 a
1726 2221 1852 2254 cunstis
1875 2219 2025 2254 fidelibus
2047 2220 2112 2253 evi-

1166 2264 1244 2299 tari.
1274 2262 1391 2298 Ethoc
1403 2266 1536 2308 quidem
1563 2269 1640 2302 fecit
1663 2270 1783 2311 primus
1794 2269 1982 2304 venerabilis
2014 2270 2112 2304 frater

1168 2314 1274 2349 noster
1294 2315 1522 2350 Norwicenfis
1539 2316 1721 2360 Episcopus
1742 2319 1775 2351 in
1798 2318 1936 2362 synodo
1961 2320 2113 2363 proxime

1165 2363 1298 2405 habita,
1323 2364 1443 2399 deinde
1466 2365 1638 2401 Cestrensis
1664 2368 1698 2401 in
1736 2367 1931 2411 Episcopatu
1954 2372 2050 2410 su0.,
2076 2371 2111 2403 δε

1165 2414 1306 2449 Domini
1343 2414 1570 2450 vintoniensis
1589 2438 1600 2454 ‚
1638 2417 1672 2449 δε
1695 2416 1898 2450 cicestrensis
1921 2418 2029 2451 statim
2053 2419 2107 2453 die

1164 2465 1343 2508 sequenti,
1371 2465 1541 2509 postquam
1563 2465 1685 2498 litteras
1721 2464 1843 2499 nostras
1880 2478 2066 2511 receperant
2095 2495 2102 2500 .

1166 2515 1254 2562 Qia
1264 2514 1528 2549 Nobilitatem&
1542 2514 1751 2558 Religionem
1766 2515 1901 2550 vestram
1922 2517 2015 2551 decet
2043 2531 2103 2560 prae

1163 2565 1284 2599 ceteris
1303 2575 1416 2598 ornare
1438 2564 1634 2605 Ecclesiam,
1662 2563 1877 2600 honorificare
1889 2567 2105 2601 ministerium

1165 2616 1303 2649 vestrum
1327 2637 1338 2652 ‚
1362 2613 1395 2647 δε
1421 2625 1480 2657 pro
1503 2613 1621 2648 Matris
1648 2638 1659 2655 ‚
1699 2627 1768 2658 quae
1789 2627 1845 2649 vos
1870 2617 1903 2649 in
1929 2618 2105 2661 Episcopo-

1164 2676 1235 2699 rum
1257 2666 1421 2698 consortio
1439 2666 1627 2708 generavit,
1655 2665 1755 2698 salute
1768 2664 1847 2699 stare
1861 2667 1989 2701 fortiter
1998 2669 2100 2711 usque

1161 2715 1202 2749 ad
1223 2714 1433 2758 sanguinem,
1458 2715 1709 2749 Fraternitatem
1720 2718 1881 2755 vestram,
1909 2728 1976 2757 quae
2006 2718 2101 2751 nobis

1160 2776 1203 2799 ex
1221 2775 1351 2807 accepta
1382 2765 1628 2798 consecratione
1660 2776 1790 2799 tenetur
1811 2759 1968 2809 amplius,
2006 2769 2038 2801 <Sc
2062 2768 2103 2801 de

1161 2825 1224 2859 qua
1242 2815 1345 2857 magis
1367 2824 1408 2847 ex
1431 2815 1632 2849 conscientia
1654 2817 1826 2850 virtutis&
1850 2818 2018 2861 sanguinis
2046 2829 2102 2862 ge-

1163 2864 1332 2899 nerositate
1353 2864 1551 2899 confidimus
1571 2888 1582 2905 ,
1612 2876 1762 2909 rogamus
1786 2891 1796 2906 ,
1835 2877 2042 2908 monemus„
2067 2869 2101 2901 &

1160 2913 1371 2948 exhortamur
1382 2914 1416 2946 in
1438 2914 1613 2955 Domino,
1639 2915 1797 2960 quatenus
1823 2917 1932 2951 vestrae
1957 2917 2057 2950 Matri
2085 2941 2097 2957 ,

1160 2965 1251 3006 cujus
1266 2974 1331 2997 tam
1344 2962 1527 3007 impudenti
1547 2965 1662 3000 scelere
1675 2965 1756 2999 salus
1766 2967 1951 3010 appetitur,
1979 2967 2012 2999 in
2028 2976 2098 2999 tan-

1162 3025 1193 3047 ta
1225 3014 1409 3048 necessitate
1431 3014 1568 3049 fideliter
1591 3015 1735 3049 affistatis
1758 3038 1769 3054 ‚
1795 3019 1827 3050 ὃ(
1850 3016 1979 3051 alterius
1998 3015 2100 3050 Absa-

1162 3064 1218 3097 lon
1238 3074 1295 3098 vos
1317 3065 1493 3107 opponatis
1512 3065 1692 3108 impietati.
1720 3065 1892 3101 Provideat
1916 3068 2014 3100 etiam
2039 3067 2096 3099 sm-

1159 3115 1301 3148 ceritatis
1312 3114 1601 3155 vestraerfiscrecio,
1627 3113 1854 3150 &charitasin
1880 3116 2011 3151 Christo
2024 3114 2094 3157 plu-

1160 3164 1280 3198 rimum
1304 3164 1526 3207 ampleetenda
1540 3188 1551 3205 ,
1577 3175 1613 3198 ut
1633 3165 1725 3207 juxta
1745 3176 1891 3200 tenorem
1915 3162 2093 3208 praecedens

1160 3214 1242 3248 tium
1256 3215 1482 3249 mandatorum
1494 3237 1503 3252 ‚
1515 3223 1581 3248 tarn
1591 3217 1754 3258 praefatum
1769 3217 1963 3258 Episcopum
1976 3238 1985 3253 ‚
1997 3213 2094 3255 quam

1157 3265 1257 3305 alios,
1284 3266 1339 3308 qui
1355 3263 1447 3297 vobis
1461 3266 1738 3299 excommunicati
1751 3266 1811 3298 effe
1821 3264 2007 3298 denunciati
2021 3264 2094 3297 sunt

1158 3315 1299 3349 evitetis:
1327 3315 1362 3348 &
1385 3314 1463 3347 ficut
1482 3314 1592 3348 fratres
1611 3316 1643 3348 ὅτ.
1664 3314 1855 3356 Coepiscopi
1891 3314 1989 3347 nostri
2013 3315 2096 3348 fece-

1159 3375 1256 3404 runt,
1282 3374 1376 3407 prout
1396 3363 1572 3398 Canonum
1592 3365 1692 3397 sancit
1719 3362 1897 3396 authoritas
1919 3388 1929 3403 ‚
1966 3363 1984 3396 ὲ
2019 3364 2095 3397 fide-

1159 3414 1242 3448 libus
1256 3425 1308 3457 per
1327 3413 1559 3456 Episcopatum
1573 3414 1708 3447 vestrum
1720 3413 1844 3446 faciatis
1863 3413 1966 3447 edisio
1980 3413 2095 3446 Eccle-

1158 3464 1284 3500 siastico
1297 3463 1409 3498 evitari
1422 3464 1491 3499 ..Et
1506 3462 1581 3507 quia
1592 3463 1631 3498 ad
1647 3462 1675 3495 A
1680 3462 1870 3546 ἓοὲοῐίεειη
1882 3462 2099 3546 8εάεξιέἣᾳττί-

1945 3525 1974 3547 ci
2001 3524 2016 3546 a
2034 3522 2057 3544 is
