<?xml version="1.0" encoding="UTF-8"?>
<!DOCTYPE html PUBLIC "-//W3C//DTD XHTML 1.0 Transitional//EN"
    "http://www.w3.org/TR/xhtml1/DTD/xhtml1-transitional.dtd">
<html xmlns="http://www.w3.org/1999/xhtml" xml:lang="en" lang="en">
 <head>
  <title>
</title>
<meta http-equiv="Content-Type" content="text/html;charset=utf-8" />
  <meta name='ocr-system' content='tesseract 3.04.00' />
  <meta name='ocr-capabilities' content='ocr_page ocr_carea ocr_par ocr_line ocrx_word'/>
</head>
<body>
  <div class='ocr_page' id='page_1' title='image "./operaomniastudio10lupuuoft_0064.png"; bbox 0 0 2358 3776; ppageno 0'>
   <div class='ocr_carea' id='block_1_1' title="bbox 252 222 1216 3366">
    <p class='ocr_par' dir='ltr' id='par_1_1' title="bbox 253 222 1207 658">
     <span class='ocr_line' id='line_1_1' title="bbox 267 222 1205 273; baseline -0.011 -7"><span class='ocrx_word' id='word_1_1' title='bbox 267 230 469 273; x_wconf 64' lang='lat' dir='ltr'>«impona,</span> <span class='ocrx_word' id='word_1_2' title='bbox 492 222 592 260; x_wconf 79' lang='lat' dir='ltr'>sedin</span> <span class='ocrx_word' id='word_1_3' title='bbox 608 223 741 259; x_wconf 73' lang='lat' dir='ltr'>divertis</span> <span class='ocrx_word' id='word_1_4' title='bbox 751 222 940 259; x_wconf 79' lang='lat' dir='ltr'>intrassent,</span> <span class='ocrx_word' id='word_1_5' title='bbox 962 231 1082 255; x_wconf 81' lang='lat' dir='ltr'>omnes</span> <span class='ocrx_word' id='word_1_6' title='bbox 1093 230 1205 256; x_wconf 80' lang='lat' dir='ltr'>tamen</span> 
     </span>
     <span class='ocr_line' id='line_1_2' title="bbox 263 270 1204 320; baseline -0.009 -5"><span class='ocrx_word' id='word_1_7' title='bbox 263 282 380 316; x_wconf 80' lang='lat' dir='ltr'>eadem</span> <span class='ocrx_word' id='word_1_8' title='bbox 387 279 443 312; x_wconf 83' lang='lat' dir='ltr'>die</span> <span class='ocrx_word' id='word_1_9' title='bbox 453 276 652 320; x_wconf 76' lang='lat' dir='ltr'>applicantes</span> <span class='ocrx_word' id='word_1_10' title='bbox 660 299 673 316; x_wconf 86' lang='lat'>‚</span> <span class='ocrx_word' id='word_1_11' title='bbox 698 276 768 309; x_wconf 77' lang='lat' dir='ltr'>imo</span> <span class='ocrx_word' id='word_1_12' title='bbox 778 272 843 308; x_wconf 72' lang='lat' dir='ltr'>fere</span> <span class='ocrx_word' id='word_1_13' title='bbox 863 270 1004 315; x_wconf 78' lang='lat' dir='ltr'>ejusdem</span> <span class='ocrx_word' id='word_1_14' title='bbox 1015 270 1081 306; x_wconf 87' lang='lat' dir='ltr'>diei</span> <span class='ocrx_word' id='word_1_15' title='bbox 1092 273 1204 307; x_wconf 80' lang='lat' dir='ltr'>eadem</span> 
     </span>
     <span class='ocr_line' id='line_1_3' title="bbox 265 323 1204 370; baseline -0.007 -7"><span class='ocrx_word' id='word_1_16' title='bbox 265 328 350 364; x_wconf 85' lang='lat' dir='ltr'>hora</span> <span class='ocrx_word' id='word_1_17' title='bbox 360 328 399 361; x_wconf 87' lang='lat' dir='ltr'>ad</span> <span class='ocrx_word' id='word_1_18' title='bbox 410 328 542 367; x_wconf 86' lang='lat' dir='ltr'>locum,</span> <span class='ocrx_word' id='word_1_19' title='bbox 562 336 664 370; x_wconf 79' lang='lat' dir='ltr'>quem</span> <span class='ocrx_word' id='word_1_20' title='bbox 687 327 858 358; x_wconf 75' lang='lat' dir='ltr'>statuerant</span> <span class='ocrx_word' id='word_1_21' title='bbox 874 347 884 362; x_wconf 88' lang='lat'>‚</span> <span class='ocrx_word' id='word_1_22' title='bbox 908 323 1114 356; x_wconf 86' lang='lat' dir='ltr'>conveniunt</span> <span class='ocrx_word' id='word_1_23' title='bbox 1127 347 1138 362; x_wconf 93' lang='lat'>,</span> <span class='ocrx_word' id='word_1_24' title='bbox 1162 323 1204 356; x_wconf 82' lang='lat' dir='ltr'>ad</span> 
     </span>
     <span class='ocr_line' id='line_1_4' title="bbox 263 370 1205 416; baseline -0.006 -4"><span class='ocrx_word' id='word_1_25' title='bbox 263 378 445 412; x_wconf 84' lang='lat' dir='ltr'>Castellum</span> <span class='ocrx_word' id='word_1_26' title='bbox 464 375 634 416; x_wconf 76' lang='lat' dir='ltr'>videlicet,</span> <span class='ocrx_word' id='word_1_27' title='bbox 666 374 759 416; x_wconf 75' lang='lat' dir='ltr'>quod</span> <span class='ocrx_word' id='word_1_28' title='bbox 779 372 964 408; x_wconf 78' lang='lat' dir='ltr'>Saltwerde</span> <span class='ocrx_word' id='word_1_29' title='bbox 981 370 1104 406; x_wconf 80' lang='lat' dir='ltr'>dicitur</span> <span class='ocrx_word' id='word_1_30' title='bbox 1125 395 1137 411; x_wconf 87' lang='lat'>‚</span> <span class='ocrx_word' id='word_1_31' title='bbox 1158 373 1205 406; x_wconf 85' lang='lat' dir='ltr'>di-</span> 
     </span>
     <span class='ocr_line' id='line_1_5' title="bbox 265 421 1203 470; baseline -0.007 -8"><span class='ocrx_word' id='word_1_32' title='bbox 265 427 381 462; x_wconf 54' lang='lat' dir='ltr'>stans&amp;</span> <span class='ocrx_word' id='word_1_33' title='bbox 392 427 568 463; x_wconf 74' lang='lat' dir='ltr'>Cantuaria</span> <span class='ocrx_word' id='word_1_34' title='bbox 579 437 633 470; x_wconf 86' lang='lat' dir='ltr'>per</span> <span class='ocrx_word' id='word_1_35' title='bbox 642 426 696 458; x_wconf 86' lang='lat' dir='ltr'>sex</span> <span class='ocrx_word' id='word_1_36' title='bbox 708 423 860 457; x_wconf 84' lang='lat' dir='ltr'>milliaria</span> <span class='ocrx_word' id='word_1_37' title='bbox 870 434 883 454; x_wconf 83' lang='lat'><em>:</em></span> <span class='ocrx_word' id='word_1_38' title='bbox 896 421 1046 456; x_wconf 71' lang='lat' dir='ltr'>Doir‘iino</span> <span class='ocrx_word' id='word_1_39' title='bbox 1060 423 1203 466; x_wconf 86' lang='lat' dir='ltr'>quidem,</span> 
     </span>
     <span class='ocr_line' id='line_1_6' title="bbox 263 471 1207 514; baseline -0.007 -2"><span class='ocrx_word' id='word_1_40' title='bbox 263 477 320 512; x_wconf 81' lang='lat' dir='ltr'>cui</span> <span class='ocrx_word' id='word_1_41' title='bbox 330 479 418 512; x_wconf 72' lang='lat' dir='ltr'>venti</span> <span class='ocrx_word' id='word_1_42' title='bbox 430 479 461 512; x_wconf 73' lang='grc' dir='ltr'>ὅ(</span> <span class='ocrx_word' id='word_1_43' title='bbox 484 488 573 511; x_wconf 82' lang='lat' dir='ltr'>mare</span> <span class='ocrx_word' id='word_1_44' title='bbox 590 474 773 514; x_wconf 86' lang='lat' dir='ltr'>obediunt,</span> <span class='ocrx_word' id='word_1_45' title='bbox 796 483 834 506; x_wconf 84' lang='lat' dir='ltr'>ut</span> <span class='ocrx_word' id='word_1_46' title='bbox 846 472 945 506; x_wconf 85' lang='lat' dir='ltr'>videri</span> <span class='ocrx_word' id='word_1_47' title='bbox 955 471 1058 514; x_wconf 85' lang='lat' dir='ltr'>potest</span> <span class='ocrx_word' id='word_1_48' title='bbox 1071 496 1084 512; x_wconf 93' lang='lat'><strong>,</strong></span> <span class='ocrx_word' id='word_1_49' title='bbox 1109 472 1207 506; x_wconf 62' lang='lat' dir='ltr'>sacer-</span> 
     </span>
     <span class='ocr_line' id='line_1_7' title="bbox 261 522 1206 568; baseline -0.006 -6"><span class='ocrx_word' id='word_1_50' title='bbox 261 528 353 562; x_wconf 84' lang='lat' dir='ltr'>dotis</span> <span class='ocrx_word' id='word_1_51' title='bbox 364 528 431 568; x_wconf 85' lang='lat' dir='ltr'>sui,</span> <span class='ocrx_word' id='word_1_52' title='bbox 459 525 675 568; x_wconf 76' lang='lat' dir='ltr'>immoipsum</span> <span class='ocrx_word' id='word_1_53' title='bbox 686 522 885 558; x_wconf 80' lang='lat' dir='ltr'>sacerdotem</span> <span class='ocrx_word' id='word_1_54' title='bbox 897 523 989 555; x_wconf 87' lang='lat' dir='ltr'>suum</span> <span class='ocrx_word' id='word_1_55' title='bbox 999 546 1011 562; x_wconf 91' lang='lat'>,</span> <span class='ocrx_word' id='word_1_56' title='bbox 1037 522 1124 566; x_wconf 83' lang='lat' dir='ltr'>quali</span> <span class='ocrx_word' id='word_1_57' title='bbox 1138 533 1206 567; x_wconf 85' lang='lat' dir='ltr'>gra·</span> 
     </span>
     <span class='ocr_line' id='line_1_8' title="bbox 253 574 860 617; baseline -0.012 -4"><span class='ocrx_word' id='word_1_58' title='bbox 253 588 336 617; x_wconf 61' lang='lat' dir='ltr'>,atam</span> <span class='ocrx_word' id='word_1_59' title='bbox 346 577 405 611; x_wconf 88' lang='lat' dir='ltr'>fibi</span> <span class='ocrx_word' id='word_1_60' title='bbox 414 578 577 611; x_wconf 64' lang='lat' dir='ltr'>victimam</span> <span class='ocrx_word' id='word_1_61' title='bbox 589 575 790 608; x_wconf 83' lang='lat' dir='ltr'>accelerante</span> <span class='ocrx_word' id='word_1_62' title='bbox 801 574 843 607; x_wconf 82' lang='lat' dir='ltr'>fic</span> <span class='ocrx_word' id='word_1_63' title='bbox 851 599 860 605; x_wconf 91' lang='lat'>.</span> 
     </span>
     <span class='ocr_line' id='line_1_9' title="bbox 482 621 995 658; baseline -0.002 -2"><span class='ocrx_word' id='word_1_64' title='bbox 482 628 528 656; x_wconf 78' lang='lat' dir='ltr'>W</span> <span class='ocrx_word' id='word_1_65' title='bbox 555 626 569 658; x_wconf 82' lang='lat'><em>1</em></span> <span class='ocrx_word' id='word_1_66' title='bbox 596 625 625 658; x_wconf 93' lang='lat' dir='ltr'>L</span> <span class='ocrx_word' id='word_1_67' title='bbox 650 624 686 657; x_wconf 91' lang='lat' dir='ltr'>H</span> <span class='ocrx_word' id='word_1_68' title='bbox 712 623 742 657; x_wconf 88' lang='lat' dir='ltr'>E</span> <span class='ocrx_word' id='word_1_69' title='bbox 767 624 797 657; x_wconf 92' lang='lat' dir='ltr'>L</span> <span class='ocrx_word' id='word_1_70' title='bbox 823 623 864 656; x_wconf 96' lang='lat' dir='ltr'><strong>M</strong></span> <span class='ocrx_word' id='word_1_71' title='bbox 890 622 932 657; x_wconf 91' lang='lat' dir='ltr'>U</span> <span class='ocrx_word' id='word_1_72' title='bbox 957 621 995 655; x_wconf 88' lang='lat' dir='ltr'>S.</span> 
     </span>
    </p>

    <p class='ocr_par' dir='ltr' id='par_1_2' title="bbox 258 671 1205 962">
     <span class='ocr_line' id='line_1_10' title="bbox 312 671 1205 713; baseline -0.009 -1"><span class='ocrx_word' id='word_1_73' title='bbox 312 676 392 712; x_wconf 88' lang='lat' dir='ltr'>UN</span> <span class='ocrx_word' id='word_1_74' title='bbox 396 677 460 711; x_wconf 86' lang='lat' dir='ltr'>DE</span> <span class='ocrx_word' id='word_1_75' title='bbox 470 676 625 710; x_wconf 82' lang='lat' dir='ltr'>satellites</span> <span class='ocrx_word' id='word_1_76' title='bbox 635 672 783 709; x_wconf 79' lang='lat' dir='ltr'>Sathanae</span> <span class='ocrx_word' id='word_1_77' title='bbox 793 696 805 712; x_wconf 91' lang='lat'>‚</span> <span class='ocrx_word' id='word_1_78' title='bbox 825 673 946 706; x_wconf 88' lang='lat' dir='ltr'>coelum</span> <span class='ocrx_word' id='word_1_79' title='bbox 957 682 1137 713; x_wconf 83' lang='lat' dir='ltr'>terramque</span> <span class='ocrx_word' id='word_1_80' title='bbox 1148 671 1205 705; x_wconf 90' lang='lat' dir='ltr'>suo</span> 
     </span>
     <span class='ocr_line' id='line_1_11' title="bbox 259 722 1205 771; baseline -0.008 -9"><span class='ocrx_word' id='word_1_81' title='bbox 259 728 376 762; x_wconf 71' lang='lat' dir='ltr'>*sceleri</span> <span class='ocrx_word' id='word_1_82' title='bbox 384 737 534 771; x_wconf 83' lang='lat' dir='ltr'>putantes</span> <span class='ocrx_word' id='word_1_83' title='bbox 544 725 681 760; x_wconf 79' lang='lat' dir='ltr'>arridere</span> <span class='ocrx_word' id='word_1_84' title='bbox 692 748 704 764; x_wconf 89' lang='lat'>‚</span> <span class='ocrx_word' id='word_1_85' title='bbox 724 723 889 767; x_wconf 81' lang='lat' dir='ltr'>proniores</span> <span class='ocrx_word' id='word_1_86' title='bbox 897 722 932 756; x_wconf 91' lang='lat'>&amp;</span> <span class='ocrx_word' id='word_1_87' title='bbox 946 723 1151 756; x_wconf 82' lang='lat' dir='ltr'>animofiores</span> <span class='ocrx_word' id='word_1_88' title='bbox 1161 723 1205 754; x_wconf 90' lang='lat' dir='ltr'>ef-</span> 
     </span>
     <span class='ocr_line' id='line_1_12' title="bbox 258 772 1204 818; baseline -0.01 -6"><span class='ocrx_word' id='word_1_89' title='bbox 258 779 336 812; x_wconf 76' lang='lat' dir='ltr'>feffi</span> <span class='ocrx_word' id='word_1_90' title='bbox 347 802 358 818; x_wconf 90' lang='lat'><strong>,</strong></span> <span class='ocrx_word' id='word_1_91' title='bbox 381 779 418 811; x_wconf 47' lang='lat' dir='ltr'>sin</span> <span class='ocrx_word' id='word_1_92' title='bbox 431 776 599 810; x_wconf 79' lang='lat' dir='ltr'>blanditiis</span> <span class='ocrx_word' id='word_1_93' title='bbox 609 776 846 809; x_wconf 86' lang='lat' dir='ltr'>elementorum</span> <span class='ocrx_word' id='word_1_94' title='bbox 859 772 916 806; x_wconf 85' lang='lat' dir='ltr'>fibi</span> <span class='ocrx_word' id='word_1_95' title='bbox 935 772 1186 807; x_wconf 79' lang='lat' dir='ltr'>blandiebantur</span> <span class='ocrx_word' id='word_1_96' title='bbox 1196 795 1204 802; x_wconf 94' lang='lat'>.</span> 
     </span>
     <span class='ocr_line' id='line_1_13' title="bbox 262 825 1204 862; baseline -0.006 0"><span class='ocrx_word' id='word_1_97' title='bbox 262 827 386 862; x_wconf 83' lang='lat' dir='ltr'>Aderat</span> <span class='ocrx_word' id='word_1_98' title='bbox 396 827 561 861; x_wconf 84' lang='lat' dir='ltr'>Ranulfus</span> <span class='ocrx_word' id='word_1_99' title='bbox 571 825 611 860; x_wconf 91' lang='lat' dir='ltr'>de</span> <span class='ocrx_word' id='word_1_100' title='bbox 621 826 704 858; x_wconf 86' lang='lat' dir='ltr'>Broc</span> <span class='ocrx_word' id='word_1_101' title='bbox 717 825 751 857; x_wconf 87' lang='lat' dir='ltr'>in</span> <span class='ocrx_word' id='word_1_102' title='bbox 764 825 936 857; x_wconf 78' lang='lat' dir='ltr'>occursum</span> <span class='ocrx_word' id='word_1_103' title='bbox 957 834 1074 857; x_wconf 81' lang='lat' dir='ltr'>eorum</span> <span class='ocrx_word' id='word_1_104' title='bbox 1086 846 1097 862; x_wconf 90' lang='lat'><strong>,</strong></span> <span class='ocrx_word' id='word_1_105' title='bbox 1123 832 1204 856; x_wconf 84' lang='lat' dir='ltr'>tota·</span> 
     </span>
     <span class='ocr_line' id='line_1_14' title="bbox 258 872 1205 921; baseline -0.006 -10"><span class='ocrx_word' id='word_1_106' title='bbox 258 889 326 921; x_wconf 80' lang='lat' dir='ltr'>que</span> <span class='ocrx_word' id='word_1_107' title='bbox 333 887 500 911; x_wconf 86' lang='lat' dir='ltr'>commota</span> <span class='ocrx_word' id='word_1_108' title='bbox 515 876 667 921; x_wconf 80' lang='lat' dir='ltr'>Regione</span> <span class='ocrx_word' id='word_1_109' title='bbox 677 875 840 909; x_wconf 83' lang='lat' dir='ltr'>maritima</span> <span class='ocrx_word' id='word_1_110' title='bbox 851 898 864 915; x_wconf 90' lang='lat'>‚</span> <span class='ocrx_word' id='word_1_111' title='bbox 874 873 980 908; x_wconf 89' lang='lat' dir='ltr'>multo</span> <span class='ocrx_word' id='word_1_112' title='bbox 993 873 1099 908; x_wconf 85' lang='lat' dir='ltr'>milite</span> <span class='ocrx_word' id='word_1_113' title='bbox 1111 872 1205 916; x_wconf 78' lang='lat' dir='ltr'>stipa-</span> 
     </span>
     <span class='ocr_line' id='line_1_15' title="bbox 259 925 534 962; baseline -0.007 -1"><span class='ocrx_word' id='word_1_114' title='bbox 259 937 315 962; x_wconf 79' lang='lat' dir='ltr'>tus</span> <span class='ocrx_word' id='word_1_115' title='bbox 323 925 534 962; x_wconf 82' lang='lat' dir='ltr'>adventabat.</span> 
     </span>
    </p>

    <p class='ocr_par' dir='ltr' id='par_1_3' title="bbox 459 973 1008 1011">
     <span class='ocr_line' id='line_1_16' title="bbox 459 973 1008 1011; baseline -0.009 0"><span class='ocrx_word' id='word_1_116' title='bbox 459 977 497 1011; x_wconf 91' lang='lat' dir='ltr'>H</span> <span class='ocrx_word' id='word_1_117' title='bbox 525 977 553 1010; x_wconf 85' lang='lat' dir='ltr'><strong>E</strong></span> <span class='ocrx_word' id='word_1_118' title='bbox 581 976 612 1010; x_wconf 83' lang='lat' dir='ltr'>R</span> <span class='ocrx_word' id='word_1_119' title='bbox 638 975 654 1007; x_wconf 91' lang='lat'><strong>1</strong></span> <span class='ocrx_word' id='word_1_120' title='bbox 682 976 709 1008; x_wconf 91' lang='lat' dir='ltr'>B</span> <span class='ocrx_word' id='word_1_121' title='bbox 736 974 765 1008; x_wconf 90' lang='lat' dir='ltr'><strong>E</strong></span> <span class='ocrx_word' id='word_1_122' title='bbox 792 975 825 1009; x_wconf 90' lang='lat' dir='ltr'>R</span> <span class='ocrx_word' id='word_1_123' title='bbox 844 975 884 1008; x_wconf 90' lang='lat' dir='ltr'>T</span> <span class='ocrx_word' id='word_1_124' title='bbox 907 973 947 1009; x_wconf 90' lang='lat' dir='ltr'>U</span> <span class='ocrx_word' id='word_1_125' title='bbox 965 975 988 1009; x_wconf 87' lang='lat' dir='ltr'><strong>S</strong></span> <span class='ocrx_word' id='word_1_126' title='bbox 998 997 1008 1006; x_wconf 85' lang='lat'><strong>.</strong></span> 
     </span>
    </p>

    <p class='ocr_par' dir='ltr' id='par_1_4' title="bbox 252 1021 1206 1558">
     <span class='ocr_line' id='line_1_17' title="bbox 312 1021 1206 1070; baseline -0.006 -11"><span class='ocrx_word' id='word_1_127' title='bbox 312 1025 459 1063; x_wconf 87' lang='lat' dir='ltr'>TOTA</span> <span class='ocrx_word' id='word_1_128' title='bbox 478 1027 591 1070; x_wconf 79' lang='lat' dir='ltr'>itaque</span> <span class='ocrx_word' id='word_1_129' title='bbox 610 1026 704 1059; x_wconf 69' lang='lat' dir='ltr'>noste</span> <span class='ocrx_word' id='word_1_130' title='bbox 722 1025 781 1058; x_wconf 88' lang='lat' dir='ltr'>illa</span> <span class='ocrx_word' id='word_1_131' title='bbox 792 1025 834 1060; x_wconf 90' lang='lat' dir='ltr'>de</span> <span class='ocrx_word' id='word_1_132' title='bbox 845 1036 927 1060; x_wconf 88' lang='lat' dir='ltr'>nece</span> <span class='ocrx_word' id='word_1_133' title='bbox 947 1021 1206 1067; x_wconf 67' lang='lat' dir='ltr'>Archi-praesulis</span> 
     </span>
     <span class='ocr_line' id='line_1_18' title="bbox 261 1072 1205 1117; baseline -0.005 -8"><span class='ocrx_word' id='word_1_134' title='bbox 261 1076 300 1109; x_wconf 81' lang='lat' dir='ltr'>in</span> <span class='ocrx_word' id='word_1_135' title='bbox 311 1076 524 1110; x_wconf 82' lang='lat' dir='ltr'>Castelloillo</span> <span class='ocrx_word' id='word_1_136' title='bbox 542 1077 800 1117; x_wconf 63' lang='lat' dir='ltr'>contraeuntes,</span> <span class='ocrx_word' id='word_1_137' title='bbox 827 1076 860 1109; x_wconf 84' lang='lat' dir='ltr'>in</span> <span class='ocrx_word' id='word_1_138' title='bbox 881 1075 1044 1114; x_wconf 86' lang='lat' dir='ltr'>crastino,</span> <span class='ocrx_word' id='word_1_139' title='bbox 1068 1073 1126 1117; x_wconf 90' lang='lat' dir='ltr'>qui</span> <span class='ocrx_word' id='word_1_140' title='bbox 1143 1072 1205 1107; x_wconf 80' lang='lat' dir='ltr'>fuit</span> 
     </span>
     <span class='ocr_line' id='line_1_19' title="bbox 256 1122 1205 1169; baseline -0.004 -10"><span class='ocrx_word' id='word_1_141' title='bbox 256 1135 393 1169; x_wconf 77' lang='lat' dir='ltr'>quartus</span> <span class='ocrx_word' id='word_1_142' title='bbox 404 1125 534 1159; x_wconf 76' lang='lat' dir='ltr'>Natalis</span> <span class='ocrx_word' id='word_1_143' title='bbox 544 1126 685 1159; x_wconf 83' lang='lat' dir='ltr'>Domini</span> <span class='ocrx_word' id='word_1_144' title='bbox 696 1125 766 1159; x_wconf 84' lang='lat' dir='ltr'>dies</span> <span class='ocrx_word' id='word_1_145' title='bbox 776 1148 791 1164; x_wconf 86' lang='lat'><strong>,</strong></span> <span class='ocrx_word' id='word_1_146' title='bbox 815 1122 966 1158; x_wconf 74' lang='lat' dir='ltr'>videlieet</span> <span class='ocrx_word' id='word_1_147' title='bbox 978 1124 1012 1156; x_wconf 84' lang='lat' dir='ltr'>in</span> <span class='ocrx_word' id='word_1_148' title='bbox 1025 1124 1205 1156; x_wconf 62' lang='lat' dir='ltr'>sanctorum</span> 
     </span>
     <span class='ocr_line' id='line_1_20' title="bbox 259 1173 1206 1218; baseline -0.006 -8"><span class='ocrx_word' id='word_1_149' title='bbox 259 1176 495 1210; x_wconf 76' lang='lat' dir='ltr'>Innocentium</span> <span class='ocrx_word' id='word_1_150' title='bbox 520 1175 577 1209; x_wconf 87' lang='lat' dir='ltr'>die</span> <span class='ocrx_word' id='word_1_151' title='bbox 593 1200 607 1216; x_wconf 84' lang='lat'>‚</span> <span class='ocrx_word' id='word_1_152' title='bbox 642 1185 721 1209; x_wconf 85' lang='lat' dir='ltr'>cum</span> <span class='ocrx_word' id='word_1_153' title='bbox 740 1173 959 1218; x_wconf 86' lang='lat' dir='ltr'>complicibus</span> <span class='ocrx_word' id='word_1_154' title='bbox 974 1174 1040 1207; x_wconf 89' lang='lat' dir='ltr'>suis</span> <span class='ocrx_word' id='word_1_155' title='bbox 1062 1173 1206 1207; x_wconf 83' lang='lat' dir='ltr'>Cantua·</span> 
     </span>
     <span class='ocr_line' id='line_1_21' title="bbox 256 1222 1205 1268; baseline -0.005 -8"><span class='ocrx_word' id='word_1_156' title='bbox 256 1226 339 1260; x_wconf 80' lang='lat' dir='ltr'>riam</span> <span class='ocrx_word' id='word_1_157' title='bbox 348 1233 527 1265; x_wconf 78' lang='lat' dir='ltr'>venerunt,</span> <span class='ocrx_word' id='word_1_158' title='bbox 555 1224 638 1258; x_wconf 84' lang='lat' dir='ltr'>nihil</span> <span class='ocrx_word' id='word_1_159' title='bbox 651 1226 758 1258; x_wconf 87' lang='lat' dir='ltr'>secum</span> <span class='ocrx_word' id='word_1_160' title='bbox 774 1236 884 1268; x_wconf 85' lang='lat' dir='ltr'>praeter</span> <span class='ocrx_word' id='word_1_161' title='bbox 895 1234 985 1257; x_wconf 83' lang='lat' dir='ltr'>arma</span> <span class='ocrx_word' id='word_1_162' title='bbox 1009 1225 1063 1257; x_wconf 85' lang='lat' dir='ltr'>sua</span> <span class='ocrx_word' id='word_1_163' title='bbox 1088 1222 1205 1256; x_wconf 88' lang='lat' dir='ltr'>milita·</span> 
     </span>
     <span class='ocr_line' id='line_1_22' title="bbox 258 1273 1205 1317; baseline -0.004 -8"><span class='ocrx_word' id='word_1_164' title='bbox 258 1276 305 1309; x_wconf 84' lang='lat' dir='ltr'>ria</span> <span class='ocrx_word' id='word_1_165' title='bbox 316 1275 348 1309; x_wconf 76' lang='grc' dir='ltr'>δ(</span> <span class='ocrx_word' id='word_1_166' title='bbox 361 1276 705 1309; x_wconf 83' lang='lat' dir='ltr'>inauditamsaevitiatn</span> <span class='ocrx_word' id='word_1_167' title='bbox 716 1276 864 1308; x_wconf 85' lang='lat' dir='ltr'>ferentes.</span> <span class='ocrx_word' id='word_1_168' title='bbox 887 1274 955 1307; x_wconf 87' lang='lat' dir='ltr'>Alii</span> <span class='ocrx_word' id='word_1_169' title='bbox 971 1274 1043 1307; x_wconf 76' lang='lat' dir='ltr'>vero</span> <span class='ocrx_word' id='word_1_170' title='bbox 1055 1284 1128 1307; x_wconf 85' lang='lat' dir='ltr'>cum</span> <span class='ocrx_word' id='word_1_171' title='bbox 1141 1273 1205 1317; x_wconf 88' lang='lat' dir='ltr'>gla-</span> 
     </span>
     <span class='ocr_line' id='line_1_23' title="bbox 256 1322 1205 1364; baseline -0.001 -8"><span class='ocrx_word' id='word_1_172' title='bbox 256 1324 325 1358; x_wconf 64' lang='lat' dir='ltr'>,diis</span> <span class='ocrx_word' id='word_1_173' title='bbox 337 1325 371 1358; x_wconf 88' lang='lat'>&amp;</span> <span class='ocrx_word' id='word_1_174' title='bbox 386 1325 525 1359; x_wconf 75' lang='lat' dir='ltr'>fustibus</span> <span class='ocrx_word' id='word_1_175' title='bbox 542 1335 695 1359; x_wconf 82' lang='lat' dir='ltr'>venerum</span> <span class='ocrx_word' id='word_1_176' title='bbox 709 1348 723 1364; x_wconf 88' lang='lat'>‚</span> <span class='ocrx_word' id='word_1_177' title='bbox 744 1325 888 1359; x_wconf 87' lang='lat' dir='ltr'>occultis</span> <span class='ocrx_word' id='word_1_178' title='bbox 907 1334 1017 1358; x_wconf 83' lang='lat' dir='ltr'>tamen</span> <span class='ocrx_word' id='word_1_179' title='bbox 1042 1322 1093 1357; x_wconf 87' lang='lat' dir='ltr'>his</span> <span class='ocrx_word' id='word_1_180' title='bbox 1102 1323 1205 1357; x_wconf 90' lang='lat' dir='ltr'>omni-</span> 
     </span>
     <span class='ocr_line' id='line_1_24' title="bbox 252 1372 1206 1418; baseline -0.003 -9"><span class='ocrx_word' id='word_1_181' title='bbox 252 1375 320 1409; x_wconf 70' lang='lat' dir='ltr'>bus</span> <span class='ocrx_word' id='word_1_182' title='bbox 337 1374 469 1416; x_wconf 81' lang='lat' dir='ltr'>adhuc,</span> <span class='ocrx_word' id='word_1_183' title='bbox 494 1383 538 1408; x_wconf 79' lang='lat' dir='ltr'>ne</span> <span class='ocrx_word' id='word_1_184' title='bbox 556 1374 644 1410; x_wconf 76' lang='lat' dir='ltr'>forte</span> <span class='ocrx_word' id='word_1_185' title='bbox 664 1372 816 1409; x_wconf 85' lang='lat' dir='ltr'>Christus</span> <span class='ocrx_word' id='word_1_186' title='bbox 835 1374 979 1408; x_wconf 87' lang='lat' dir='ltr'>Domini</span> <span class='ocrx_word' id='word_1_187' title='bbox 1002 1375 1147 1418; x_wconf 85' lang='lat' dir='ltr'>fugeret,</span> <span class='ocrx_word' id='word_1_188' title='bbox 1172 1373 1206 1406; x_wconf 89' lang='lat'>&amp;</span> 
     </span>
     <span class='ocr_line' id='line_1_25' title="bbox 255 1424 1205 1472; baseline -0.002 -14"><span class='ocrx_word' id='word_1_189' title='bbox 255 1425 468 1459; x_wconf 84' lang='lat' dir='ltr'>absconderet</span> <span class='ocrx_word' id='word_1_190' title='bbox 477 1425 512 1458; x_wconf 84' lang='lat' dir='ltr'>se</span> <span class='ocrx_word' id='word_1_191' title='bbox 523 1424 565 1459; x_wconf 86' lang='lat' dir='ltr'>ab</span> <span class='ocrx_word' id='word_1_192' title='bbox 578 1428 644 1459; x_wconf 87' lang='lat' dir='ltr'>eis.</span> <span class='ocrx_word' id='word_1_193' title='bbox 672 1426 743 1472; x_wconf 82' lang='lat' dir='ltr'>Qi</span> <span class='ocrx_word' id='word_1_194' title='bbox 768 1435 877 1459; x_wconf 87' lang='lat' dir='ltr'>tamen</span> <span class='ocrx_word' id='word_1_195' title='bbox 890 1449 902 1465; x_wconf 87' lang='lat'><strong>,</strong></span> <span class='ocrx_word' id='word_1_196' title='bbox 927 1435 963 1457; x_wconf 90' lang='lat' dir='ltr'>ut</span> <span class='ocrx_word' id='word_1_197' title='bbox 986 1425 1031 1458; x_wconf 91' lang='lat' dir='ltr'>rei</span> <span class='ocrx_word' id='word_1_198' title='bbox 1046 1436 1124 1457; x_wconf 86' lang='lat' dir='ltr'>mox</span> <span class='ocrx_word' id='word_1_199' title='bbox 1137 1434 1205 1466; x_wconf 87' lang='lat' dir='ltr'>pro-</span> 
     </span>
     <span class='ocr_line' id='line_1_26' title="bbox 257 1473 1205 1520; baseline -0.001 -13"><span class='ocrx_word' id='word_1_200' title='bbox 257 1474 350 1508; x_wconf 88' lang='lat' dir='ltr'>bavit</span> <span class='ocrx_word' id='word_1_201' title='bbox 359 1477 468 1508; x_wconf 85' lang='lat' dir='ltr'>exitus</span> <span class='ocrx_word' id='word_1_202' title='bbox 477 1498 491 1514; x_wconf 84' lang='lat'>‚</span> <span class='ocrx_word' id='word_1_203' title='bbox 513 1476 621 1520; x_wconf 79' lang='lat' dir='ltr'>magis</span> <span class='ocrx_word' id='word_1_204' title='bbox 638 1475 683 1509; x_wconf 85' lang='lat' dir='ltr'>de</span> <span class='ocrx_word' id='word_1_205' title='bbox 705 1486 815 1519; x_wconf 87' lang='lat' dir='ltr'>pugna</span> <span class='ocrx_word' id='word_1_206' title='bbox 824 1498 836 1515; x_wconf 93' lang='lat'>‚</span> <span class='ocrx_word' id='word_1_207' title='bbox 863 1474 963 1519; x_wconf 76' lang='lat' dir='ltr'>quam</span> <span class='ocrx_word' id='word_1_208' title='bbox 972 1474 1015 1508; x_wconf 90' lang='lat' dir='ltr'>de</span> <span class='ocrx_word' id='word_1_209' title='bbox 1027 1475 1105 1520; x_wconf 87' lang='lat' dir='ltr'>fuga</span> <span class='ocrx_word' id='word_1_210' title='bbox 1116 1473 1205 1518; x_wconf 88' lang='lat' dir='ltr'>cogi·</span> 
     </span>
     <span class='ocr_line' id='line_1_27' title="bbox 255 1522 373 1558; baseline -0.034 0"><span class='ocrx_word' id='word_1_211' title='bbox 255 1522 348 1558; x_wconf 80' lang='lat' dir='ltr'>tabat</span> <span class='ocrx_word' id='word_1_212' title='bbox 361 1546 373 1554; x_wconf 80' lang='lat'><strong>.</strong></span> 
     </span>
    </p>

    <p class='ocr_par' dir='ltr' id='par_1_5' title="bbox 253 1569 1207 1805">
     <span class='ocr_line' id='line_1_28' title="bbox 434 1569 1030 1608; baseline 0.003 -3"><span class='ocrx_word' id='word_1_213' title='bbox 434 1571 472 1605; x_wconf 86' lang='lat' dir='ltr'>C</span> <span class='ocrx_word' id='word_1_214' title='bbox 518 1569 554 1604; x_wconf 81' lang='lat' dir='ltr'>A</span> <span class='ocrx_word' id='word_1_215' title='bbox 604 1570 636 1603; x_wconf 84' lang='grc' dir='ltr'><strong>Ρ</strong></span> <span class='ocrx_word' id='word_1_216' title='bbox 683 1572 727 1605; x_wconf 90' lang='lat' dir='ltr'><strong>U</strong></span> <span class='ocrx_word' id='word_1_217' title='bbox 775 1573 816 1605; x_wconf 89' lang='lat' dir='ltr'><strong>T</strong></span> <span class='ocrx_word' id='word_1_218' title='bbox 913 1573 1030 1608; x_wconf 78' lang='lat' dir='ltr'>xm.</span> 
     </span>
     <span class='ocr_line' id='line_1_29' title="bbox 253 1668 1207 1719; baseline 0.002 -15"><span class='ocrx_word' id='word_1_219' title='bbox 253 1674 402 1719; x_wconf 68' lang='lat' dir='ltr'>,Qualiter</span> <span class='ocrx_word' id='word_1_220' title='bbox 418 1668 587 1712; x_wconf 70' lang='lat' dir='ltr'>carnifices</span> <span class='ocrx_word' id='word_1_221' title='bbox 599 1669 647 1702; x_wconf 82' lang='lat' dir='ltr'>ad</span> <span class='ocrx_word' id='word_1_222' title='bbox 666 1669 947 1712; x_wconf 73' lang='lat' dir='ltr'>Archi-Episcopum</span> <span class='ocrx_word' id='word_1_223' title='bbox 961 1674 1124 1716; x_wconf 77' lang='lat' dir='ltr'>acceffemtt</span> <span class='ocrx_word' id='word_1_224' title='bbox 1134 1696 1146 1712; x_wconf 96' lang='lat'>,</span> <span class='ocrx_word' id='word_1_225' title='bbox 1171 1673 1207 1707; x_wconf 66' lang='grc' dir='ltr'>ὁ·</span> 
     </span>
     <span class='ocr_line' id='line_1_30' title="bbox 583 1725 870 1753; baseline -0.007 0"><span class='ocrx_word' id='word_1_226' title='bbox 583 1730 653 1753; x_wconf 69' lang='lat' dir='ltr'>eum</span> <span class='ocrx_word' id='word_1_227' title='bbox 661 1725 854 1753; x_wconf 80' lang='lat' dir='ltr'>convenerint</span> <span class='ocrx_word' id='word_1_228' title='bbox 862 1745 870 1751; x_wconf 88' lang='lat'><strong>.</strong></span> 
     </span>
     <span class='ocr_line' id='line_1_31' title="bbox 452 1769 1008 1805; baseline -0.002 -2"><span class='ocrx_word' id='word_1_229' title='bbox 452 1769 482 1803; x_wconf 83' lang='grc' dir='ltr'><strong>Β</strong></span> <span class='ocrx_word' id='word_1_230' title='bbox 506 1770 537 1804; x_wconf 88' lang='grc' dir='ltr'><strong>Ε</strong></span> <span class='ocrx_word' id='word_1_231' title='bbox 561 1769 600 1804; x_wconf 93' lang='lat' dir='ltr'>N</span> <span class='ocrx_word' id='word_1_232' title='bbox 627 1769 654 1803; x_wconf 82' lang='grc' dir='ltr'>Ε</span> <span class='ocrx_word' id='word_1_233' title='bbox 683 1770 716 1802; x_wconf 88' lang='lat' dir='ltr'>D</span> <span class='ocrx_word' id='word_1_234' title='bbox 740 1770 757 1804; x_wconf 82' lang='lat'>1</span> <span class='ocrx_word' id='word_1_235' title='bbox 782 1770 816 1804; x_wconf 90' lang='lat' dir='ltr'>C</span> <span class='ocrx_word' id='word_1_236' title='bbox 840 1769 879 1802; x_wconf 91' lang='lat' dir='ltr'><strong>T</strong></span> <span class='ocrx_word' id='word_1_237' title='bbox 905 1769 945 1805; x_wconf 89' lang='lat' dir='ltr'>U</span> <span class='ocrx_word' id='word_1_238' title='bbox 973 1769 1008 1803; x_wconf 91' lang='lat' dir='ltr'>S.</span> 
     </span>
    </p>

    <p class='ocr_par' dir='ltr' id='par_1_6' title="bbox 370 1816 1206 1962">
     <span class='ocr_line' id='line_1_32' title="bbox 370 1816 1200 1865; baseline -0.002 -12"><span class='ocrx_word' id='word_1_239' title='bbox 370 1819 415 1853; x_wconf 91' lang='lat' dir='ltr'>IE</span> <span class='ocrx_word' id='word_1_240' title='bbox 426 1819 524 1865; x_wconf 85' lang='lat' dir='ltr'>igitur</span> <span class='ocrx_word' id='word_1_241' title='bbox 535 1819 664 1855; x_wconf 79' lang='lat' dir='ltr'>Natalis</span> <span class='ocrx_word' id='word_1_242' title='bbox 674 1820 817 1854; x_wconf 80' lang='lat' dir='ltr'>Domini</span> <span class='ocrx_word' id='word_1_243' title='bbox 830 1820 952 1861; x_wconf 82' lang='lat' dir='ltr'>quinto</span> <span class='ocrx_word' id='word_1_244' title='bbox 962 1844 973 1860; x_wconf 93' lang='lat'>,</span> <span class='ocrx_word' id='word_1_245' title='bbox 992 1817 1124 1853; x_wconf 85' lang='lat' dir='ltr'>sedente</span> <span class='ocrx_word' id='word_1_246' title='bbox 1142 1816 1200 1852; x_wconf 82' lang='lat' dir='ltr'>Ar·</span> 
     </span>
     <span class='ocr_line' id='line_1_33' title="bbox 401 1867 1206 1905; baseline -0.004 -1"><span class='ocrx_word' id='word_1_247' title='bbox 401 1869 610 1905; x_wconf 81' lang='lat' dir='ltr'>chi-Praesule</span> <span class='ocrx_word' id='word_1_248' title='bbox 629 1870 664 1904; x_wconf 88' lang='lat' dir='ltr'>in</span> <span class='ocrx_word' id='word_1_249' title='bbox 681 1869 829 1904; x_wconf 82' lang='lat' dir='ltr'>thalamo</span> <span class='ocrx_word' id='word_1_250' title='bbox 851 1870 908 1903; x_wconf 88' lang='lat' dir='ltr'>suo</span> <span class='ocrx_word' id='word_1_251' title='bbox 920 1870 1006 1904; x_wconf 85' lang='lat' dir='ltr'>circa</span> <span class='ocrx_word' id='word_1_252' title='bbox 1015 1867 1128 1902; x_wconf 87' lang='lat' dir='ltr'>horam</span> <span class='ocrx_word' id='word_1_253' title='bbox 1141 1868 1206 1901; x_wconf 89' lang='lat' dir='ltr'>diei</span> 
     </span>
     <span class='ocr_line' id='line_1_34' title="bbox 391 1918 1206 1962; baseline -0.005 -7"><span class='ocrx_word' id='word_1_254' title='bbox 391 1920 599 1956; x_wconf 73' lang='lat' dir='ltr'>undecimam</span> <span class='ocrx_word' id='word_1_255' title='bbox 610 1946 622 1962; x_wconf 85' lang='lat'><strong>,</strong></span> <span class='ocrx_word' id='word_1_256' title='bbox 643 1919 892 1955; x_wconf 78' lang='lat' dir='ltr'>confidentibus</span> <span class='ocrx_word' id='word_1_257' title='bbox 911 1919 992 1954; x_wconf 88' lang='lat' dir='ltr'>hinc</span> <span class='ocrx_word' id='word_1_258' title='bbox 1002 1919 1124 1953; x_wconf 88' lang='lat' dir='ltr'>&amp;inde</span> <span class='ocrx_word' id='word_1_259' title='bbox 1131 1918 1206 1952; x_wconf 88' lang='lat' dir='ltr'>Cle-</span> 
     </span>
    </p>

    <p class='ocr_par' dir='ltr' id='par_1_7' title="bbox 254 1968 1216 3366">
     <span class='ocr_line' id='line_1_35' title="bbox 256 1968 1206 2018; baseline -0.003 -13"><span class='ocrx_word' id='word_1_260' title='bbox 256 1970 377 2018; x_wconf 62' lang='lat' dir='ltr'>¹sicis&amp;</span> <span class='ocrx_word' id='word_1_261' title='bbox 386 1970 564 2006; x_wconf 85' lang='lat' dir='ltr'>Monachis</span> <span class='ocrx_word' id='word_1_262' title='bbox 576 1970 745 2005; x_wconf 87' lang='lat' dir='ltr'>nonnullis</span> <span class='ocrx_word' id='word_1_263' title='bbox 754 1994 765 2011; x_wconf 85' lang='lat'><em>‚</em></span> <span class='ocrx_word' id='word_1_264' title='bbox 789 1970 834 2004; x_wconf 89' lang='lat' dir='ltr'>de</span> <span class='ocrx_word' id='word_1_265' title='bbox 846 1971 990 2014; x_wconf 66' lang='lat' dir='ltr'>negotiis</span> <span class='ocrx_word' id='word_1_266' title='bbox 1008 1970 1044 2004; x_wconf 88' lang='lat'>&amp;</span> <span class='ocrx_word' id='word_1_267' title='bbox 1055 1968 1206 2003; x_wconf 84' lang='lat' dir='ltr'>utilitati-</span> 
     </span>
     <span class='ocr_line' id='line_1_36' title="bbox 255 2019 1206 2065; baseline -0.004 -10"><span class='ocrx_word' id='word_1_268' title='bbox 255 2021 321 2065; x_wconf 69' lang='lat' dir='ltr'>bus</span> <span class='ocrx_word' id='word_1_269' title='bbox 339 2031 418 2054; x_wconf 17' lang='lat' dir='ltr'>*cum</span> <span class='ocrx_word' id='word_1_270' title='bbox 438 2020 721 2064; x_wconf 73' lang='lat' dir='ltr'>Archi-Episcopo</span> <span class='ocrx_word' id='word_1_271' title='bbox 740 2020 937 2064; x_wconf 81' lang='lat' dir='ltr'>agentibus,</span> <span class='ocrx_word' id='word_1_272' title='bbox 960 2031 1039 2054; x_wconf 90' lang='lat' dir='ltr'>ecce</span> <span class='ocrx_word' id='word_1_273' title='bbox 1057 2019 1206 2053; x_wconf 83' lang='lat' dir='ltr'>satellites</span> 
     </span>
     <span class='ocr_line' id='line_1_37' title="bbox 257 2067 1207 2116; baseline -0.005 -10"><span class='ocrx_word' id='word_1_274' title='bbox 257 2080 403 2116; x_wconf 87' lang='lat' dir='ltr'>quatuor</span> <span class='ocrx_word' id='word_1_275' title='bbox 412 2071 637 2113; x_wconf 79' lang='lat' dir='ltr'>praenotninati</span> <span class='ocrx_word' id='word_1_276' title='bbox 649 2094 660 2110; x_wconf 89' lang='lat'>‚</span> <span class='ocrx_word' id='word_1_277' title='bbox 683 2082 759 2104; x_wconf 89' lang='lat' dir='ltr'>cum</span> <span class='ocrx_word' id='word_1_278' title='bbox 772 2080 862 2113; x_wconf 87' lang='lat' dir='ltr'>patre</span> <span class='ocrx_word' id='word_1_279' title='bbox 871 2071 929 2103; x_wconf 89' lang='lat' dir='ltr'>suo</span> <span class='ocrx_word' id='word_1_280' title='bbox 942 2067 1082 2103; x_wconf 77' lang='lat' dir='ltr'>Sathana</span> <span class='ocrx_word' id='word_1_281' title='bbox 1092 2069 1112 2102; x_wconf 70' lang='grc' dir='ltr'>ὲ</span> <span class='ocrx_word' id='word_1_282' title='bbox 1124 2069 1207 2102; x_wconf 84' lang='lat' dir='ltr'>facie</span> 
     </span>
     <span class='ocr_line' id='line_1_38' title="bbox 258 2118 1206 2163; baseline -0.004 -9"><span class='ocrx_word' id='word_1_283' title='bbox 258 2119 529 2163; x_wconf 78' lang='lat' dir='ltr'>Dominiegressi</span> <span class='ocrx_word' id='word_1_284' title='bbox 548 2143 563 2160; x_wconf 79' lang='lat'>,</span> <span class='ocrx_word' id='word_1_285' title='bbox 589 2119 768 2153; x_wconf 85' lang='lat' dir='ltr'>thalamum</span> <span class='ocrx_word' id='word_1_286' title='bbox 790 2119 1055 2154; x_wconf 81' lang='lat' dir='ltr'>Archi-Praesulis</span> <span class='ocrx_word' id='word_1_287' title='bbox 1078 2118 1206 2163; x_wconf 78' lang='lat' dir='ltr'>ingressi</span> 
     </span>
     <span class='ocr_line' id='line_1_39' title="bbox 259 2168 1208 2210; baseline -0.005 -4"><span class='ocrx_word' id='word_1_288' title='bbox 259 2170 354 2207; x_wconf 77' lang='lat' dir='ltr'>sunt.</span> <span class='ocrx_word' id='word_1_289' title='bbox 379 2170 539 2210; x_wconf 73' lang='lat' dir='ltr'>salutati,</span> <span class='ocrx_word' id='word_1_290' title='bbox 565 2179 601 2203; x_wconf 86' lang='lat' dir='ltr'>ut</span> <span class='ocrx_word' id='word_1_291' title='bbox 613 2171 712 2202; x_wconf 90' lang='lat' dir='ltr'>moris</span> <span class='ocrx_word' id='word_1_292' title='bbox 729 2170 774 2204; x_wconf 89' lang='lat' dir='ltr'>est</span> <span class='ocrx_word' id='word_1_293' title='bbox 788 2194 799 2209; x_wconf 93' lang='lat'>‚</span> <span class='ocrx_word' id='word_1_294' title='bbox 821 2171 843 2204; x_wconf 73' lang='grc' dir='ltr'>ὲ</span> <span class='ocrx_word' id='word_1_295' title='bbox 856 2169 1026 2204; x_wconf 85' lang='lat' dir='ltr'>nonnullis</span> <span class='ocrx_word' id='word_1_296' title='bbox 1044 2172 1077 2201; x_wconf 91' lang='lat' dir='ltr'>in</span> <span class='ocrx_word' id='word_1_297' title='bbox 1094 2168 1208 2202; x_wconf 90' lang='lat' dir='ltr'>introi-</span> 
     </span>
     <span class='ocr_line' id='line_1_40' title="bbox 254 2217 1207 2260; baseline -0.006 -3"><span class='ocrx_word' id='word_1_298' title='bbox 254 2232 299 2257; x_wconf 70' lang='lat' dir='ltr'>tu</span> <span class='ocrx_word' id='word_1_299' title='bbox 313 2218 572 2257; x_wconf 67' lang='lat' dir='ltr'>confidentibus„</span> <span class='ocrx_word' id='word_1_300' title='bbox 594 2219 778 2254; x_wconf 81' lang='lat' dir='ltr'>resalutatis</span> <span class='ocrx_word' id='word_1_301' title='bbox 789 2220 836 2254; x_wconf 89' lang='lat' dir='ltr'>eis</span> <span class='ocrx_word' id='word_1_302' title='bbox 847 2243 859 2260; x_wconf 88' lang='lat'>‚</span> <span class='ocrx_word' id='word_1_303' title='bbox 883 2219 937 2253; x_wconf 82' lang='lat' dir='ltr'>sed</span> <span class='ocrx_word' id='word_1_304' title='bbox 950 2229 1032 2252; x_wconf 90' lang='lat' dir='ltr'>voce</span> <span class='ocrx_word' id='word_1_305' title='bbox 1041 2217 1207 2259; x_wconf 72' lang='lat' dir='ltr'>submissa,</span> 
     </span>
     <span class='ocr_line' id='line_1_41' title="bbox 258 2267 1206 2316; baseline -0.005 -10"><span class='ocrx_word' id='word_1_306' title='bbox 258 2273 362 2316; x_wconf 68' lang='lat' dir='ltr'>usque</span> <span class='ocrx_word' id='word_1_307' title='bbox 370 2269 413 2304; x_wconf 80' lang='lat' dir='ltr'>ad</span> <span class='ocrx_word' id='word_1_308' title='bbox 425 2269 740 2312; x_wconf 55' lang='lat' dir='ltr'>Archiosspiscopum</span> <span class='ocrx_word' id='word_1_309' title='bbox 752 2269 1004 2313; x_wconf 82' lang='lat' dir='ltr'>progrediuntur</span> <span class='ocrx_word' id='word_1_310' title='bbox 1016 2293 1024 2301; x_wconf 93' lang='lat'><strong>.</strong></span> <span class='ocrx_word' id='word_1_311' title='bbox 1049 2267 1091 2301; x_wconf 86' lang='lat' dir='ltr'>Et</span> <span class='ocrx_word' id='word_1_312' title='bbox 1103 2268 1206 2302; x_wconf 82' lang='lat' dir='ltr'>confi·</span> 
     </span>
     <span class='ocr_line' id='line_1_42' title="bbox 260 2318 1207 2362; baseline -0.006 -5"><span class='ocrx_word' id='word_1_313' title='bbox 260 2323 382 2357; x_wconf 81' lang='lat' dir='ltr'>dentes</span> <span class='ocrx_word' id='word_1_314' title='bbox 399 2331 475 2358; x_wconf 84' lang='lat' dir='ltr'>ante</span> <span class='ocrx_word' id='word_1_315' title='bbox 487 2320 592 2362; x_wconf 61' lang='lat' dir='ltr'>»pedes</span> <span class='ocrx_word' id='word_1_316' title='bbox 610 2320 680 2362; x_wconf 88' lang='lat' dir='ltr'>ejus</span> <span class='ocrx_word' id='word_1_317' title='bbox 686 2321 724 2359; x_wconf 76' lang='lat' dir='ltr'>jn</span> <span class='ocrx_word' id='word_1_318' title='bbox 747 2324 854 2359; x_wconf 71' lang='lat' dir='ltr'>terra,</span> <span class='ocrx_word' id='word_1_319' title='bbox 880 2318 985 2362; x_wconf 86' lang='lat' dir='ltr'>ipsum</span> <span class='ocrx_word' id='word_1_320' title='bbox 1006 2329 1064 2352; x_wconf 91' lang='lat' dir='ltr'>nec</span> <span class='ocrx_word' id='word_1_321' title='bbox 1076 2319 1136 2352; x_wconf 87' lang='lat' dir='ltr'>suo</span> <span class='ocrx_word' id='word_1_322' title='bbox 1148 2329 1207 2352; x_wconf 90' lang='lat' dir='ltr'>nec</span> 
     </span>
     <span class='ocr_line' id='line_1_43' title="bbox 264 2367 1207 2416; baseline -0.006 -9"><span class='ocrx_word' id='word_1_323' title='bbox 264 2372 369 2416; x_wconf 87' lang='lat' dir='ltr'>Regis</span> <span class='ocrx_word' id='word_1_324' title='bbox 381 2370 516 2404; x_wconf 88' lang='lat' dir='ltr'>nomine</span> <span class='ocrx_word' id='word_1_325' title='bbox 526 2369 697 2403; x_wconf 85' lang='lat' dir='ltr'>salutantes</span> <span class='ocrx_word' id='word_1_326' title='bbox 710 2392 721 2410; x_wconf 89' lang='lat'>,</span> <span class='ocrx_word' id='word_1_327' title='bbox 737 2369 856 2414; x_wconf 70' lang='lat' dir='ltr'>utpote</span> <span class='ocrx_word' id='word_1_328' title='bbox 868 2367 887 2402; x_wconf 73' lang='grc' dir='ltr'>ὲ</span> <span class='ocrx_word' id='word_1_329' title='bbox 901 2368 1020 2411; x_wconf 88' lang='lat' dir='ltr'>quibus</span> <span class='ocrx_word' id='word_1_330' title='bbox 1031 2367 1130 2413; x_wconf 77' lang='lat' dir='ltr'>longe</span> <span class='ocrx_word' id='word_1_331' title='bbox 1141 2378 1207 2402; x_wconf 86' lang='lat' dir='ltr'>erat</span> 
     </span>
     <span class='ocr_line' id='line_1_44' title="bbox 262 2418 1207 2463; baseline -0.004 -7"><span class='ocrx_word' id='word_1_332' title='bbox 262 2421 351 2456; x_wconf 79' lang='lat' dir='ltr'>salus</span> <span class='ocrx_word' id='word_1_333' title='bbox 364 2446 374 2462; x_wconf 93' lang='lat'>,</span> <span class='ocrx_word' id='word_1_334' title='bbox 401 2430 486 2463; x_wconf 86' lang='lat' dir='ltr'>mors</span> <span class='ocrx_word' id='word_1_335' title='bbox 503 2419 536 2453; x_wconf 91' lang='lat'>&amp;</span> <span class='ocrx_word' id='word_1_336' title='bbox 556 2421 693 2462; x_wconf 85' lang='lat' dir='ltr'>perditio</span> <span class='ocrx_word' id='word_1_337' title='bbox 704 2418 829 2463; x_wconf 69' lang='lat' dir='ltr'>prope,</span> <span class='ocrx_word' id='word_1_338' title='bbox 851 2426 1016 2454; x_wconf 61' lang='lat' dir='ltr'>venenum</span> <span class='ocrx_word' id='word_1_339' title='bbox 1037 2419 1184 2462; x_wconf 84' lang='lat' dir='ltr'>aspidum</span> <span class='ocrx_word' id='word_1_340' title='bbox 1196 2442 1207 2458; x_wconf 90' lang='lat'>,</span> 
     </span>
     <span class='ocr_line' id='line_1_45' title="bbox 260 2468 1212 2518; baseline -0.005 -12"><span class='ocrx_word' id='word_1_341' title='bbox 260 2472 356 2518; x_wconf 80' lang='lat' dir='ltr'>-quod</span> <span class='ocrx_word' id='word_1_342' title='bbox 368 2468 530 2515; x_wconf 72' lang='lat' dir='ltr'>sublabiis</span> <span class='ocrx_word' id='word_1_343' title='bbox 542 2470 748 2512; x_wconf 81' lang='lat' dir='ltr'>gerebant‚ut</span> <span class='ocrx_word' id='word_1_344' title='bbox 761 2468 870 2513; x_wconf 56' lang='lat' dir='ltr'>poste&amp;</span> <span class='ocrx_word' id='word_1_345' title='bbox 881 2470 1092 2512; x_wconf 72' lang='lat' dir='ltr'>impetuosius</span> <span class='ocrx_word' id='word_1_346' title='bbox 1104 2469 1212 2502; x_wconf 62' lang='lat' dir='ltr'>erum-³</span> 
     </span>
     <span class='ocr_line' id='line_1_46' title="bbox 265 2519 1208 2566; baseline -0.005 -10"><span class='ocrx_word' id='word_1_347' title='bbox 265 2531 355 2566; x_wconf 85' lang='lat' dir='ltr'>peret</span> <span class='ocrx_word' id='word_1_348' title='bbox 365 2547 376 2563; x_wconf 87' lang='lat'>,</span> <span class='ocrx_word' id='word_1_349' title='bbox 406 2531 460 2564; x_wconf 71' lang='lat' dir='ltr'>per</span> <span class='ocrx_word' id='word_1_350' title='bbox 473 2529 595 2554; x_wconf 87' lang='lat' dir='ltr'>moram</span> <span class='ocrx_word' id='word_1_351' title='bbox 607 2520 1108 2564; x_wconf 70' lang='lat' dir='ltr'>aliquantulameomprefferunt</span> <span class='ocrx_word' id='word_1_352' title='bbox 1119 2519 1208 2552; x_wconf 78' lang='lat' dir='ltr'>{ilen-</span> 
     </span>
     <span class='ocr_line' id='line_1_47' title="bbox 257 2568 1209 2619; baseline -0.004 -13"><span class='ocrx_word' id='word_1_353' title='bbox 257 2573 316 2619; x_wconf 78' lang='lat' dir='ltr'>¹tio</span> <span class='ocrx_word' id='word_1_354' title='bbox 339 2596 352 2612; x_wconf 87' lang='lat'>‚</span> <span class='ocrx_word' id='word_1_355' title='bbox 384 2568 653 2605; x_wconf 73' lang='lat' dir='ltr'>innocentissimo</span> <span class='ocrx_word' id='word_1_356' title='bbox 671 2570 806 2609; x_wconf 81' lang='lat' dir='ltr'>Christo</span> <span class='ocrx_word' id='word_1_357' title='bbox 826 2570 969 2604; x_wconf 78' lang='lat' dir='ltr'>Domini</span> <span class='ocrx_word' id='word_1_358' title='bbox 990 2569 1209 2604; x_wconf 70' lang='lat' dir='ltr'>nihilomincis</span> 
     </span>
     <span class='ocr_line' id='line_1_48' title="bbox 257 2618 1110 2657; baseline -0.007 0"><span class='ocrx_word' id='word_1_359' title='bbox 257 2621 414 2657; x_wconf 56' lang='lat' dir='ltr'>necate,</span> <span class='ocrx_word' id='word_1_360' title='bbox 770 2643 774 2646; x_wconf 90' lang='lat'><em>-</em></span> <span class='ocrx_word' id='word_1_361' title='bbox 802 2653 805 2655; x_wconf 81' lang='lat'><em>.</em></span> <span class='ocrx_word' id='word_1_362' title='bbox 831 2640 834 2644; x_wconf 29' lang='grc' dir='ltr'><strong>Δ</strong></span> <span class='ocrx_word' id='word_1_363' title='bbox 855 2637 857 2641; x_wconf 91' lang='grc'><strong>-</strong></span> <span class='ocrx_word' id='word_1_364' title='bbox 876 2635 883 2644; x_wconf 60' lang='lat'>›-</span> <span class='ocrx_word' id='word_1_365' title='bbox 1108 2618 1110 2621; x_wconf 82' lang='grc'><strong>’</strong></span> 
     </span>
     <span class='ocr_line' id='line_1_49' title="bbox 320 2667 1210 2710; baseline -0.001 -6"><span class='ocrx_word' id='word_1_366' title='bbox 320 2670 408 2704; x_wconf 74' lang='lat' dir='ltr'>Cum</span> <span class='ocrx_word' id='word_1_367' title='bbox 431 2671 475 2704; x_wconf 87' lang='lat' dir='ltr'>ita</span> <span class='ocrx_word' id='word_1_368' title='bbox 488 2667 545 2703; x_wconf 90' lang='lat' dir='ltr'>sub</span> <span class='ocrx_word' id='word_1_369' title='bbox 565 2668 714 2710; x_wconf 72' lang='lat' dir='ltr'>silentio,</span> <span class='ocrx_word' id='word_1_370' title='bbox 739 2679 808 2706; x_wconf 86' lang='lat' dir='ltr'>non</span> <span class='ocrx_word' id='word_1_371' title='bbox 818 2671 884 2705; x_wconf 81' lang='lat' dir='ltr'>fine</span> <span class='ocrx_word' id='word_1_372' title='bbox 901 2669 1139 2705; x_wconf 84' lang='lat' dir='ltr'>confidentium</span> <span class='ocrx_word' id='word_1_373' title='bbox 1151 2669 1210 2704; x_wconf 82' lang='lat' dir='ltr'>ad-</span> 
     </span>
     <span class='ocr_line' id='line_1_50' title="bbox 262 2719 1210 2764; baseline -0.003 -8"><span class='ocrx_word' id='word_1_374' title='bbox 262 2721 444 2756; x_wconf 81' lang='lat' dir='ltr'>miratione</span> <span class='ocrx_word' id='word_1_375' title='bbox 460 2744 471 2759; x_wconf 89' lang='lat'>,</span> <span class='ocrx_word' id='word_1_376' title='bbox 500 2719 667 2754; x_wconf 86' lang='lat' dir='ltr'>modicum</span> <span class='ocrx_word' id='word_1_377' title='bbox 681 2722 831 2764; x_wconf 81' lang='lat' dir='ltr'>temporis</span> <span class='ocrx_word' id='word_1_378' title='bbox 848 2722 1057 2755; x_wconf 88' lang='lat' dir='ltr'>intervallum</span> <span class='ocrx_word' id='word_1_379' title='bbox 1075 2721 1210 2755; x_wconf 83' lang='lat' dir='ltr'>attrivis-</span> 
     </span>
     <span class='ocr_line' id='line_1_51' title="bbox 266 2768 1210 2815; baseline -0.003 -9"><span class='ocrx_word' id='word_1_380' title='bbox 266 2774 362 2809; x_wconf 81' lang='lat' dir='ltr'>sent,</span> <span class='ocrx_word' id='word_1_381' title='bbox 387 2768 590 2813; x_wconf 85' lang='lat' dir='ltr'>Reginaldus</span> <span class='ocrx_word' id='word_1_382' title='bbox 600 2770 685 2804; x_wconf 84' lang='lat' dir='ltr'>filius</span> <span class='ocrx_word' id='word_1_383' title='bbox 703 2771 776 2806; x_wconf 79' lang='lat' dir='ltr'>Urfi</span> <span class='ocrx_word' id='word_1_384' title='bbox 791 2795 802 2812; x_wconf 82' lang='lat'>‚</span> <span class='ocrx_word' id='word_1_385' title='bbox 831 2782 942 2806; x_wconf 89' lang='lat' dir='ltr'>mente</span> <span class='ocrx_word' id='word_1_386' title='bbox 966 2772 1076 2815; x_wconf 74' lang='lat' dir='ltr'>potius</span> <span class='ocrx_word' id='word_1_387' title='bbox 1089 2772 1210 2804; x_wconf 84' lang='lat' dir='ltr'>urlinus</span> 
     </span>
     <span class='ocr_line' id='line_1_52' title="bbox 269 2820 1210 2865; baseline -0.002 -10"><span class='ocrx_word' id='word_1_388' title='bbox 269 2821 368 2865; x_wconf 70' lang='lat' dir='ltr'>quam</span> <span class='ocrx_word' id='word_1_389' title='bbox 377 2830 494 2865; x_wconf 80' lang='lat' dir='ltr'>genere</span> <span class='ocrx_word' id='word_1_390' title='bbox 504 2843 514 2860; x_wconf 92' lang='lat'>‚</span> <span class='ocrx_word' id='word_1_391' title='bbox 539 2821 579 2853; x_wconf 84' lang='lat' dir='ltr'>sic</span> <span class='ocrx_word' id='word_1_392' title='bbox 590 2820 740 2854; x_wconf 68' lang='lat' dir='ltr'>Sanetum</span> <span class='ocrx_word' id='word_1_393' title='bbox 752 2825 868 2856; x_wconf 77' lang='lat' dir='ltr'>affatus</span> <span class='ocrx_word' id='word_1_394' title='bbox 884 2821 950 2855; x_wconf 85' lang='lat' dir='ltr'>est:</span> <span class='ocrx_word' id='word_1_395' title='bbox 981 2826 1005 2854; x_wconf 75' lang='lat' dir='ltr'><strong><em>A</em></strong></span> <span class='ocrx_word' id='word_1_396' title='bbox 1030 2825 1152 2854; x_wconf 71' lang='lat' dir='ltr'>Domino</span> <span class='ocrx_word' id='word_1_397' title='bbox 1163 2831 1210 2853; x_wconf 92' lang='lat' dir='ltr'>no-</span> 
     </span>
     <span class='ocr_line' id='line_1_53' title="bbox 260 2869 1211 2915; baseline -0.003 -11"><span class='ocrx_word' id='word_1_398' title='bbox 260 2873 327 2913; x_wconf 81' lang='lat' dir='ltr'>stro</span> <span class='ocrx_word' id='word_1_399' title='bbox 338 2874 416 2914; x_wconf 83' lang='lat' dir='ltr'>Rege</span> <span class='ocrx_word' id='word_1_400' title='bbox 426 2872 466 2903; x_wconf 88' lang='lat' dir='ltr'>de</span> <span class='ocrx_word' id='word_1_401' title='bbox 472 2869 610 2910; x_wconf 67' lang='lat' dir='ltr'>partibus</span> <span class='ocrx_word' id='word_1_402' title='bbox 623 2870 839 2915; x_wconf 76' lang='lat' dir='ltr'>transmarinis</span> <span class='ocrx_word' id='word_1_403' title='bbox 854 2872 898 2904; x_wconf 85' lang='lat' dir='ltr'>ad</span> <span class='ocrx_word' id='word_1_404' title='bbox 917 2881 948 2904; x_wconf 87' lang='lat' dir='ltr'>te</span> <span class='ocrx_word' id='word_1_405' title='bbox 968 2871 1072 2904; x_wconf 69' lang='lat' dir='ltr'>diret‘h</span> <span class='ocrx_word' id='word_1_406' title='bbox 1087 2895 1098 2912; x_wconf 92' lang='lat'><strong>,</strong></span> <span class='ocrx_word' id='word_1_407' title='bbox 1117 2875 1211 2914; x_wconf 75' lang='lat' dir='ltr'>Regia</span> 
     </span>
     <span class='ocr_line' id='line_1_54' title="bbox 268 2919 1210 2965; baseline 0.001 -14"><span class='ocrx_word' id='word_1_408' title='bbox 268 2921 326 2954; x_wconf 71' lang='lat' dir='ltr'>tibi</span> <span class='ocrx_word' id='word_1_409' title='bbox 345 2922 497 2953; x_wconf 85' lang='lat' dir='ltr'>mandata</span> <span class='ocrx_word' id='word_1_410' title='bbox 520 2919 696 2960; x_wconf 70' lang='lat' dir='ltr'>deferimus.</span> <span class='ocrx_word' id='word_1_411' title='bbox 726 2923 865 2955; x_wconf 81' lang='lat' dir='ltr'><em>Volumus</em></span> <span class='ocrx_word' id='word_1_412' title='bbox 882 2927 973 2965; x_wconf 77' lang='lat' dir='ltr'>igitur</span> <span class='ocrx_word' id='word_1_413' title='bbox 979 2921 1054 2964; x_wconf 84' lang='lat' dir='ltr'>scire</span> <span class='ocrx_word' id='word_1_414' title='bbox 1064 2946 1074 2961; x_wconf 91' lang='lat'>‚</span> <span class='ocrx_word' id='word_1_415' title='bbox 1110 2930 1210 2954; x_wconf 85' lang='lat' dir='ltr'>utrum</span> 
     </span>
     <span class='ocr_line' id='line_1_55' title="bbox 270 2968 1212 3014; baseline -0.001 -10"><span class='ocrx_word' id='word_1_416' title='bbox 270 2983 310 3006; x_wconf 72' lang='lat' dir='ltr'>ea</span> <span class='ocrx_word' id='word_1_417' title='bbox 329 2971 418 3002; x_wconf 76' lang='lat' dir='ltr'>malis</span> <span class='ocrx_word' id='word_1_418' title='bbox 435 2968 572 3012; x_wconf 66' lang='lat' dir='ltr'>secretias</span> <span class='ocrx_word' id='word_1_419' title='bbox 587 2994 597 3009; x_wconf 92' lang='lat'>,</span> <span class='ocrx_word' id='word_1_420' title='bbox 621 2983 663 3003; x_wconf 85' lang='lat' dir='ltr'>an</span> <span class='ocrx_word' id='word_1_421' title='bbox 683 2970 798 3013; x_wconf 64' lang='lat' dir='ltr'>publice</span> <span class='ocrx_word' id='word_1_422' title='bbox 809 2974 884 3005; x_wconf 74' lang='lat' dir='ltr'>dict.</span> <span class='ocrx_word' id='word_1_423' title='bbox 913 2975 960 3004; x_wconf 81' lang='lat' dir='ltr'>At</span> <span class='ocrx_word' id='word_1_424' title='bbox 980 2972 1026 3004; x_wconf 87' lang='lat' dir='ltr'>vir</span> <span class='ocrx_word' id='word_1_425' title='bbox 1039 2971 1126 3014; x_wconf 86' lang='lat' dir='ltr'>Dei;</span> <span class='ocrx_word' id='word_1_426' title='bbox 1154 2982 1212 3004; x_wconf 91' lang='lat' dir='ltr'>nec</span> 
     </span>
     <span class='ocr_line' id='line_1_56' title="bbox 256 3019 1211 3066; baseline -0.002 -12"><span class='ocrx_word' id='word_1_427' title='bbox 256 3021 418 3066; x_wconf 74' lang='lat' dir='ltr'>‘prospera</span> <span class='ocrx_word' id='word_1_428' title='bbox 430 3019 543 3053; x_wconf 86' lang='lat' dir='ltr'>mund-1</span> <span class='ocrx_word' id='word_1_429' title='bbox 553 3021 690 3061; x_wconf 87' lang='lat' dir='ltr'>sperans,</span> <span class='ocrx_word' id='word_1_430' title='bbox 703 3032 763 3054; x_wconf 89' lang='lat' dir='ltr'>nec</span> <span class='ocrx_word' id='word_1_431' title='bbox 774 3021 906 3056; x_wconf 87' lang='lat' dir='ltr'>adversa</span> <span class='ocrx_word' id='word_1_432' title='bbox 917 3021 1211 3061; x_wconf 83' lang='lat' dir='ltr'>reformidans,fim-</span> 
     </span>
     <span class='ocr_line' id='line_1_57' title="bbox 275 3069 1213 3114; baseline -0.001 -10"><span class='ocrx_word' id='word_1_433' title='bbox 275 3071 395 3114; x_wconf 87' lang='lat' dir='ltr'>plici&amp;</span> <span class='ocrx_word' id='word_1_434' title='bbox 406 3069 540 3112; x_wconf 88' lang='lat' dir='ltr'>supplici</span> <span class='ocrx_word' id='word_1_435' title='bbox 553 3081 633 3102; x_wconf 90' lang='lat' dir='ltr'>voce</span> <span class='ocrx_word' id='word_1_436' title='bbox 643 3071 811 3113; x_wconf 89' lang='lat' dir='ltr'>respondit</span> <span class='ocrx_word' id='word_1_437' title='bbox 821 3072 933 3104; x_wconf 88' lang='lat' dir='ltr'>dicens</span> <span class='ocrx_word' id='word_1_438' title='bbox 947 3083 953 3102; x_wconf 90' lang='lat'>:</span> <span class='ocrx_word' id='word_1_439' title='bbox 983 3075 1041 3103; x_wconf 87' lang='lat' dir='ltr'>Hoc</span> <span class='ocrx_word' id='word_1_440' title='bbox 1054 3071 1147 3110; x_wconf 81' lang='lat' dir='ltr'>vestro</span> <span class='ocrx_word' id='word_1_441' title='bbox 1159 3083 1213 3103; x_wconf 85' lang='lat' dir='ltr'>ar-</span> 
     </span>
     <span class='ocr_line' id='line_1_58' title="bbox 274 3119 1212 3164; baseline 0.001 -12"><span class='ocrx_word' id='word_1_442' title='bbox 274 3122 362 3154; x_wconf 77' lang='lat' dir='ltr'>In‘trt&#39;o</span> <span class='ocrx_word' id='word_1_443' title='bbox 373 3144 383 3160; x_wconf 92' lang='lat'>‚</span> <span class='ocrx_word' id='word_1_444' title='bbox 410 3119 571 3162; x_wconf 59' lang='lat' dir='ltr'>vestraeque</span> <span class='ocrx_word' id='word_1_445' title='bbox 584 3122 715 3161; x_wconf 83' lang='lat' dir='ltr'>relinquo</span> <span class='ocrx_word' id='word_1_446' title='bbox 729 3122 885 3154; x_wconf 65' lang='lat' dir='ltr'>voluntate</span> <span class='ocrx_word' id='word_1_447' title='bbox 897 3145 904 3151; x_wconf 94' lang='lat'><strong><em>.</em></strong></span> <span class='ocrx_word' id='word_1_448' title='bbox 932 3120 1188 3164; x_wconf 84' lang='lat' dir='ltr'>Reginaldusait</span> <span class='ocrx_word' id='word_1_449' title='bbox 1204 3133 1212 3150; x_wconf 68' lang='grc' dir='ltr'><strong><em>ε</em></strong></span> 
     </span>
     <span class='ocr_line' id='line_1_59' title="bbox 275 3168 1215 3213; baseline -0.004 -8"><span class='ocrx_word' id='word_1_450' title='bbox 275 3170 416 3205; x_wconf 65' lang='lat' dir='ltr'>secretins</span> <span class='ocrx_word' id='word_1_451' title='bbox 432 3171 505 3213; x_wconf 72' lang='lat' dir='ltr'>ergo</span> <span class='ocrx_word' id='word_1_452' title='bbox 527 3171 663 3202; x_wconf 77' lang='lat' dir='ltr'>dicamur</span> <span class='ocrx_word' id='word_1_453' title='bbox 675 3193 686 3209; x_wconf 84' lang='lat'>,</span> <span class='ocrx_word' id='word_1_454' title='bbox 709 3174 749 3203; x_wconf 76' lang='lat' dir='ltr'>iis</span> <span class='ocrx_word' id='word_1_455' title='bbox 757 3176 806 3213; x_wconf 77' lang='lat' dir='ltr'>qut·</span> <span class='ocrx_word' id='word_1_456' title='bbox 825 3168 1073 3212; x_wconf 81' lang='lat' dir='ltr'>praesentessunt</span> <span class='ocrx_word' id='word_1_457' title='bbox 1093 3174 1215 3203; x_wconf 73' lang='lat' dir='ltr'>interim</span> 
     </span>
     <span class='ocr_line' id='line_1_60' title="bbox 278 3217 1214 3263; baseline -0.002 -10"><span class='ocrx_word' id='word_1_458' title='bbox 278 3220 460 3263; x_wconf 78' lang='lat' dir='ltr'>absentatis.</span> <span class='ocrx_word' id='word_1_459' title='bbox 486 3219 621 3253; x_wconf 66' lang='lat' dir='ltr'>Sanstus</span> <span class='ocrx_word' id='word_1_460' title='bbox 643 3217 741 3260; x_wconf 73' lang='lat' dir='ltr'>vero,</span> <span class='ocrx_word' id='word_1_461' title='bbox 768 3230 829 3254; x_wconf 86' lang='lat' dir='ltr'>nec</span> <span class='ocrx_word' id='word_1_462' title='bbox 850 3220 980 3256; x_wconf 81' lang='lat' dir='ltr'>suorum</span> <span class='ocrx_word' id='word_1_463' title='bbox 1005 3218 1214 3252; x_wconf 84' lang='lat' dir='ltr'>multitudine</span> 
     </span>
     <span class='ocr_line' id='line_1_61' title="bbox 275 3268 1216 3310; baseline -0.001 -7"><span class='ocrx_word' id='word_1_464' title='bbox 275 3271 418 3303; x_wconf 81' lang='lat' dir='ltr'>confisus</span> <span class='ocrx_word' id='word_1_465' title='bbox 427 3280 508 3310; x_wconf 87' lang='lat' dir='ltr'>‚nec</span> <span class='ocrx_word' id='word_1_466' title='bbox 519 3268 730 3303; x_wconf 83' lang='lat' dir='ltr'>solit-udinem</span> <span class='ocrx_word' id='word_1_467' title='bbox 742 3270 862 3303; x_wconf 86' lang='lat' dir='ltr'>veritus</span> <span class='ocrx_word' id='word_1_468' title='bbox 872 3293 882 3309; x_wconf 93' lang='lat'>‚</span> <span class='ocrx_word' id='word_1_469' title='bbox 895 3268 1049 3302; x_wconf 89' lang='lat' dir='ltr'>omnibus</span> <span class='ocrx_word' id='word_1_470' title='bbox 1061 3269 1124 3302; x_wconf 90' lang='lat' dir='ltr'>suis</span> <span class='ocrx_word' id='word_1_471' title='bbox 1136 3270 1216 3303; x_wconf 88' lang='lat' dir='ltr'>indi-</span> 
     </span>
     <span class='ocr_line' id='line_1_62' title="bbox 278 3318 1215 3366; baseline 0.002 -16"><span class='ocrx_word' id='word_1_472' title='bbox 278 3319 331 3351; x_wconf 71' lang='lat' dir='ltr'>xit</span> <span class='ocrx_word' id='word_1_473' title='bbox 341 3319 508 3362; x_wconf 74' lang='lat' dir='ltr'>egressum.</span> <span class='ocrx_word' id='word_1_474' title='bbox 519 3318 654 3366; x_wconf 72' lang='lat' dir='ltr'>Quibus</span> <span class='ocrx_word' id='word_1_475' title='bbox 664 3320 791 3363; x_wconf 80' lang='lat' dir='ltr'>egreffis</span> <span class='ocrx_word' id='word_1_476' title='bbox 801 3319 835 3353; x_wconf 75' lang='grc' dir='ltr'>δε</span> <span class='ocrx_word' id='word_1_477' title='bbox 859 3319 934 3352; x_wconf 91' lang='lat' dir='ltr'>solis</span> <span class='ocrx_word' id='word_1_478' title='bbox 945 3320 1009 3352; x_wconf 91' lang='lat' dir='ltr'>illis</span> <span class='ocrx_word' id='word_1_479' title='bbox 1021 3330 1159 3363; x_wconf 80' lang='lat' dir='ltr'>quatuor</span> <span class='ocrx_word' id='word_1_480' title='bbox 1173 3320 1215 3352; x_wconf 88' lang='lat' dir='ltr'>sa-</span> 
     </span>
    </p>
   </div>
   <div class='ocr_carea' id='block_1_2' title="bbox 280 3366 1217 3412">
    <p class='ocr_par' dir='ltr' id='par_1_8' title="bbox 280 3366 1217 3412">
     <span class='ocr_line' id='line_1_63' title="bbox 280 3366 1217 3412; baseline 0.002 -12"><span class='ocrx_word' id='word_1_481' title='bbox 280 3366 438 3400; x_wconf 83' lang='lat' dir='ltr'>tellitibus</span> <span class='ocrx_word' id='word_1_482' title='bbox 452 3370 483 3403; x_wconf 86' lang='lat' dir='ltr'>in</span> <span class='ocrx_word' id='word_1_483' title='bbox 507 3368 654 3402; x_wconf 80' lang='lat' dir='ltr'>thalamo</span> <span class='ocrx_word' id='word_1_484' title='bbox 671 3380 752 3402; x_wconf 80' lang='lat' dir='ltr'>cum</span> <span class='ocrx_word' id='word_1_485' title='bbox 763 3367 1045 3412; x_wconf 86' lang='lat' dir='ltr'>Archi-Episcopo</span> <span class='ocrx_word' id='word_1_486' title='bbox 1055 3380 1217 3403; x_wconf 85' lang='lat' dir='ltr'>remanen—</span> 
     </span>
    </p>
   </div>
   <div class='ocr_carea' id='block_1_3' title="bbox 276 3415 1216 3511">
    <p class='ocr_par' dir='ltr' id='par_1_9' title="bbox 276 3415 1216 3511">
     <span class='ocr_line' id='line_1_64' title="bbox 276 3415 1216 3462; baseline 0.001 -12"><span class='ocrx_word' id='word_1_487' title='bbox 276 3415 388 3453; x_wconf 62' lang='lat' dir='ltr'>tibus,</span> <span class='ocrx_word' id='word_1_488' title='bbox 415 3427 577 3452; x_wconf 73' lang='lat' dir='ltr'>accurrens</span> <span class='ocrx_word' id='word_1_489' title='bbox 598 3418 874 3453; x_wconf 80' lang='lat' dir='ltr'>ostiariusostium</span> <span class='ocrx_word' id='word_1_490' title='bbox 887 3420 1075 3462; x_wconf 69' lang='lat' dir='ltr'>pates-astum</span> <span class='ocrx_word' id='word_1_491' title='bbox 1086 3419 1216 3459; x_wconf 65' lang='lat' dir='ltr'>dimisit,</span> 
     </span>
     <span class='ocr_line' id='line_1_65' title="bbox 280 3466 1216 3511; baseline 0.004 -12"><span class='ocrx_word' id='word_1_492' title='bbox 280 3477 321 3501; x_wconf 78' lang='lat' dir='ltr'>ut</span> <span class='ocrx_word' id='word_1_493' title='bbox 338 3466 496 3510; x_wconf 80' lang='lat' dir='ltr'>quiextta</span> <span class='ocrx_word' id='word_1_494' title='bbox 506 3468 792 3511; x_wconf 74' lang='lat' dir='ltr'>consederant,ad</span> <span class='ocrx_word' id='word_1_495' title='bbox 811 3469 997 3504; x_wconf 88' lang='lat' dir='ltr'>Dominum</span> <span class='ocrx_word' id='word_1_496' title='bbox 1009 3471 1113 3511; x_wconf 87' lang='lat' dir='ltr'>suum,</span> <span class='ocrx_word' id='word_1_497' title='bbox 1124 3469 1216 3503; x_wconf 86' lang='lat' dir='ltr'>Chri·</span> 
     </span>
    </p>
   </div>
   <div class='ocr_carea' id='block_1_4' title="bbox 1024 134 1379 186">
    <p class='ocr_par' dir='ltr' id='par_1_10' title="bbox 1024 134 1379 186">
     <span class='ocr_line' id='line_1_66' title="bbox 1024 134 1379 186; baseline 0.006 -2"><span class='ocrx_word' id='word_1_498' title='bbox 1024 134 1379 186; x_wconf 83' lang='lat' dir='ltr'>VITA</span> 
     </span>
    </p>
   </div>
   <div class='ocr_carea' id='block_1_5' title="bbox 1248 218 2206 917">
    <p class='ocr_par' dir='ltr' id='par_1_11' title="bbox 1248 218 2206 917">
     <span class='ocr_line' id='line_1_67' title="bbox 1264 218 2204 272; baseline 0.004 -17"><span class='ocrx_word' id='word_1_499' title='bbox 1264 221 1352 257; x_wconf 82' lang='lat' dir='ltr'>stum</span> <span class='ocrx_word' id='word_1_500' title='bbox 1361 218 1527 263; x_wconf 82' lang='lat' dir='ltr'>Domini&#39;‚</span> <span class='ocrx_word' id='word_1_501' title='bbox 1554 222 1668 258; x_wconf 79' lang='lat' dir='ltr'>oculos</span> <span class='ocrx_word' id='word_1_502' title='bbox 1679 223 1875 259; x_wconf 64' lang='lat' dir='ltr'>reflectentes</span> <span class='ocrx_word' id='word_1_503' title='bbox 1888 247 1898 264; x_wconf 91' lang='lat'><strong>,</strong></span> <span class='ocrx_word' id='word_1_504' title='bbox 1911 232 1980 261; x_wconf 78' lang='lat' dir='ltr'>tam</span> <span class='ocrx_word' id='word_1_505' title='bbox 1990 226 2094 272; x_wconf 85' lang='lat' dir='ltr'>ipsum</span> <span class='ocrx_word' id='word_1_506' title='bbox 2107 225 2204 270; x_wconf 66' lang='lat' dir='ltr'>quam</span> 
     </span>
     <span class='ocr_line' id='line_1_68' title="bbox 1248 269 2204 323; baseline 0.007 -19"><span class='ocrx_word' id='word_1_507' title='bbox 1248 269 1252 305; x_wconf 71' lang='lat' dir='ltr'>i</span> <span class='ocrx_word' id='word_1_508' title='bbox 1268 272 1344 307; x_wconf 83' lang='lat' dir='ltr'>illos</span> <span class='ocrx_word' id='word_1_509' title='bbox 1355 275 1418 308; x_wconf 89' lang='lat' dir='ltr'>Dei</span> <span class='ocrx_word' id='word_1_510' title='bbox 1432 273 1584 308; x_wconf 89' lang='lat' dir='ltr'>inimicos</span> <span class='ocrx_word' id='word_1_511' title='bbox 1606 274 1725 308; x_wconf 81' lang='lat' dir='ltr'>intueri</span> <span class='ocrx_word' id='word_1_512' title='bbox 1750 275 1909 309; x_wconf 87' lang='lat' dir='ltr'>valerent.</span> <span class='ocrx_word' id='word_1_513' title='bbox 1937 275 2091 322; x_wconf 69' lang='lat' dir='ltr'>Cumque</span> <span class='ocrx_word' id='word_1_514' title='bbox 2102 278 2204 323; x_wconf 88' lang='lat' dir='ltr'>Regi-</span> 
     </span>
     <span class='ocr_line' id='line_1_69' title="bbox 1249 309 2205 368; baseline 0.007 -12"><span class='ocrx_word' id='word_1_515' title='bbox 1249 309 1253 367; x_wconf 52' lang='grc' dir='ltr'>ἦ</span> <span class='ocrx_word' id='word_1_516' title='bbox 1267 320 1383 357; x_wconf 85' lang='lat' dir='ltr'>naldus</span> <span class='ocrx_word' id='word_1_517' title='bbox 1393 324 1556 368; x_wconf 63' lang='lat' dir='ltr'>praediaus</span> <span class='ocrx_word' id='word_1_518' title='bbox 1567 324 1672 368; x_wconf 84' lang='lat' dir='ltr'>Regia</span> <span class='ocrx_word' id='word_1_519' title='bbox 1688 325 1831 368; x_wconf 83' lang='lat' dir='ltr'>quaedam</span> <span class='ocrx_word' id='word_1_520' title='bbox 1852 325 2051 368; x_wconf 72' lang='lat' dir='ltr'>explicuiffet</span> <span class='ocrx_word' id='word_1_521' title='bbox 2067 329 2205 363; x_wconf 78' lang='lat' dir='ltr'>manda-</span> 
     </span>
     <span class='ocr_line' id='line_1_70' title="bbox 1250 371 2205 421; baseline 0.008 -16"><span class='ocrx_word' id='word_1_522' title='bbox 1250 371 1252 373; x_wconf 81' lang='grc'><strong>’</strong></span> <span class='ocrx_word' id='word_1_523' title='bbox 1266 382 1298 406; x_wconf 88' lang='lat' dir='ltr'>ra</span> <span class='ocrx_word' id='word_1_524' title='bbox 1313 397 1324 413; x_wconf 91' lang='lat'>,</span> <span class='ocrx_word' id='word_1_525' title='bbox 1351 374 1385 407; x_wconf 76' lang='grc' dir='ltr'>δε</span> <span class='ocrx_word' id='word_1_526' title='bbox 1398 375 1445 407; x_wconf 86' lang='lat' dir='ltr'>vir</span> <span class='ocrx_word' id='word_1_527' title='bbox 1464 374 1529 409; x_wconf 89' lang='lat' dir='ltr'>Dei</span> <span class='ocrx_word' id='word_1_528' title='bbox 1544 374 1803 417; x_wconf 82' lang='lat' dir='ltr'>prudentiffirnus</span> <span class='ocrx_word' id='word_1_529' title='bbox 1813 375 1886 409; x_wconf 91' lang='lat' dir='ltr'>luce</span> <span class='ocrx_word' id='word_1_530' title='bbox 1895 375 2012 410; x_wconf 72' lang='lat' dir='ltr'>claritis</span> <span class='ocrx_word' id='word_1_531' title='bbox 2020 379 2205 421; x_wconf 61' lang='lat' dir='ltr'>perpendis-¹</span> 
     </span>
     <span class='ocr_line' id='line_1_71' title="bbox 1266 422 2204 470; baseline 0.01 -16"><span class='ocrx_word' id='word_1_532' title='bbox 1266 422 1311 455; x_wconf 89' lang='lat' dir='ltr'>set</span> <span class='ocrx_word' id='word_1_533' title='bbox 1324 447 1335 463; x_wconf 93' lang='lat'>‚</span> <span class='ocrx_word' id='word_1_534' title='bbox 1350 422 1438 466; x_wconf 78' lang='lat' dir='ltr'>quod</span> <span class='ocrx_word' id='word_1_535' title='bbox 1451 435 1509 458; x_wconf 89' lang='lat' dir='ltr'>nec</span> <span class='ocrx_word' id='word_1_536' title='bbox 1521 424 1607 467; x_wconf 85' lang='lat' dir='ltr'>pacis</span> <span class='ocrx_word' id='word_1_537' title='bbox 1615 436 1675 459; x_wconf 90' lang='lat' dir='ltr'>nec</span> <span class='ocrx_word' id='word_1_538' title='bbox 1688 426 1825 468; x_wconf 79' lang='lat' dir='ltr'>alicujus</span> <span class='ocrx_word' id='word_1_539' title='bbox 1835 424 1915 459; x_wconf 90' lang='lat' dir='ltr'>boni</span> <span class='ocrx_word' id='word_1_540' title='bbox 1926 426 2064 469; x_wconf 83' lang='lat' dir='ltr'>speciem</span> <span class='ocrx_word' id='word_1_541' title='bbox 2075 438 2204 470; x_wconf 81' lang='lat' dir='ltr'>praeten-</span> 
     </span>
     <span class='ocr_line' id='line_1_72' title="bbox 1266 471 2201 521; baseline 0.01 -17"><span class='ocrx_word' id='word_1_542' title='bbox 1266 471 1379 507; x_wconf 85' lang='lat' dir='ltr'>derent</span> <span class='ocrx_word' id='word_1_543' title='bbox 1390 497 1400 513; x_wconf 91' lang='lat'><strong>,</strong></span> <span class='ocrx_word' id='word_1_544' title='bbox 1409 474 1556 508; x_wconf 87' lang='lat' dir='ltr'>recolens</span> <span class='ocrx_word' id='word_1_545' title='bbox 1562 474 1660 508; x_wconf 85' lang='lat' dir='ltr'>etiam</span> <span class='ocrx_word' id='word_1_546' title='bbox 1673 475 1761 509; x_wconf 88' lang='lat' dir='ltr'>illius</span> <span class='ocrx_word' id='word_1_547' title='bbox 1770 475 1961 520; x_wconf 85' lang='lat' dir='ltr'>Evangelici</span> <span class='ocrx_word' id='word_1_548' title='bbox 1973 477 2116 520; x_wconf 82' lang='lat' dir='ltr'>quodam</span> <span class='ocrx_word' id='word_1_549' title='bbox 2129 489 2201 521; x_wconf 80' lang='lat' dir='ltr'>prae-</span> 
     </span>
     <span class='ocr_line' id='line_1_73' title="bbox 1268 523 2201 570; baseline 0.008 -16"><span class='ocrx_word' id='word_1_550' title='bbox 1268 523 1357 566; x_wconf 73' lang='lat' dir='ltr'>{agio</span> <span class='ocrx_word' id='word_1_551' title='bbox 1369 524 1551 558; x_wconf 82' lang='lat' dir='ltr'>futurorum</span> <span class='ocrx_word' id='word_1_552' title='bbox 1562 550 1573 565; x_wconf 84' lang='lat'><em>,</em></span> <span class='ocrx_word' id='word_1_553' title='bbox 1590 528 1623 570; x_wconf 84' lang='lat' dir='ltr'><strong><em>J</em></strong></span> <span class='ocrx_word' id='word_1_554' title='bbox 1626 523 1691 567; x_wconf 85' lang='lat' dir='ltr'>esus</span> <span class='ocrx_word' id='word_1_555' title='bbox 1714 537 1774 559; x_wconf 84' lang='lat' dir='ltr'>non</span> <span class='ocrx_word' id='word_1_556' title='bbox 1784 525 1922 560; x_wconf 83' lang='lat' dir='ltr'>credebat</span> <span class='ocrx_word' id='word_1_557' title='bbox 1934 524 2121 570; x_wconf 77' lang='lat' dir='ltr'>semetipsum</span> <span class='ocrx_word' id='word_1_558' title='bbox 2133 533 2179 561; x_wconf 77' lang='lat' dir='ltr'>eis</span> <span class='ocrx_word' id='word_1_559' title='bbox 2188 553 2201 570; x_wconf 90' lang='lat'>,</span> 
     </span>
     <span class='ocr_line' id='line_1_74' title="bbox 1266 572 2202 618; baseline 0.009 -14"><span class='ocrx_word' id='word_1_560' title='bbox 1266 574 1298 604; x_wconf 72' lang='lat' dir='ltr'>eo</span> <span class='ocrx_word' id='word_1_561' title='bbox 1309 574 1390 614; x_wconf 72' lang='lat' dir='ltr'>quad</span> <span class='ocrx_word' id='word_1_562' title='bbox 1398 572 1459 616; x_wconf 68' lang='lat' dir='ltr'>ipse</span> <span class='ocrx_word' id='word_1_563' title='bbox 1469 574 1552 616; x_wconf 69' lang='lat' dir='ltr'>noffi‘t</span> <span class='ocrx_word' id='word_1_564' title='bbox 1564 586 1664 608; x_wconf 88' lang='lat' dir='ltr'>omnes</span> <span class='ocrx_word' id='word_1_565' title='bbox 1674 599 1685 615; x_wconf 91' lang='lat'>‚</span> <span class='ocrx_word' id='word_1_566' title='bbox 1708 575 1860 610; x_wconf 87' lang='lat' dir='ltr'>accerfito</span> <span class='ocrx_word' id='word_1_567' title='bbox 1869 575 2003 611; x_wconf 83' lang='lat' dir='ltr'>ostiario</span> <span class='ocrx_word' id='word_1_568' title='bbox 2016 601 2028 617; x_wconf 93' lang='lat'><strong>,</strong></span> <span class='ocrx_word' id='word_1_569' title='bbox 2045 585 2112 618; x_wconf 73' lang='lat' dir='ltr'>tam</span> <span class='ocrx_word' id='word_1_570' title='bbox 2125 577 2202 613; x_wconf 88' lang='lat' dir='ltr'>Cle-</span> 
     </span>
     <span class='ocr_line' id='line_1_75' title="bbox 1267 621 2204 670; baseline 0.01 -16"><span class='ocrx_word' id='word_1_571' title='bbox 1267 621 1348 655; x_wconf 78' lang='lat' dir='ltr'>ticos</span> <span class='ocrx_word' id='word_1_572' title='bbox 1359 624 1432 657; x_wconf 89' lang='lat' dir='ltr'>suos</span> <span class='ocrx_word' id='word_1_573' title='bbox 1441 625 1538 668; x_wconf 71' lang='lat' dir='ltr'>quam</span> <span class='ocrx_word' id='word_1_574' title='bbox 1552 624 1740 660; x_wconf 78' lang='lat' dir='ltr'>Monachus</span> <span class='ocrx_word' id='word_1_575' title='bbox 1751 650 1761 665; x_wconf 90' lang='lat'>,</span> <span class='ocrx_word' id='word_1_576' title='bbox 1786 627 1843 670; x_wconf 84' lang='lat' dir='ltr'>qui</span> <span class='ocrx_word' id='word_1_577' title='bbox 1865 626 1949 661; x_wconf 72' lang='lat' dir='ltr'>forte</span> <span class='ocrx_word' id='word_1_578' title='bbox 1970 625 2015 660; x_wconf 90' lang='lat' dir='ltr'>ibi</span> <span class='ocrx_word' id='word_1_579' title='bbox 2031 625 2166 663; x_wconf 84' lang='lat' dir='ltr'>aderant</span> <span class='ocrx_word' id='word_1_580' title='bbox 2190 652 2204 670; x_wconf 88' lang='lat'>‚</span> 
     </span>
     <span class='ocr_line' id='line_1_76' title="bbox 1267 671 2204 725; baseline 0.007 -20"><span class='ocrx_word' id='word_1_581' title='bbox 1267 671 1375 706; x_wconf 86' lang='lat' dir='ltr'>Laicis</span> <span class='ocrx_word' id='word_1_582' title='bbox 1397 674 1550 708; x_wconf 89' lang='lat' dir='ltr'>omnibus</span> <span class='ocrx_word' id='word_1_583' title='bbox 1571 676 1704 709; x_wconf 83' lang='lat' dir='ltr'>exclufis</span> <span class='ocrx_word' id='word_1_584' title='bbox 1716 699 1727 716; x_wconf 92' lang='lat'>‚</span> <span class='ocrx_word' id='word_1_585' title='bbox 1753 675 1859 711; x_wconf 78' lang='lat' dir='ltr'>adeffe</span> <span class='ocrx_word' id='word_1_586' title='bbox 1878 677 2026 720; x_wconf 80' lang='lat' dir='ltr'>praecepit</span> <span class='ocrx_word' id='word_1_587' title='bbox 2037 702 2044 708; x_wconf 96' lang='lat'>.</span> <span class='ocrx_word' id='word_1_588' title='bbox 2071 674 2204 725; x_wconf 71' lang='lat' dir='ltr'>Qibus</span> 
     </span>
     <span class='ocr_line' id='line_1_77' title="bbox 1269 722 2204 770; baseline 0.012 -18"><span class='ocrx_word' id='word_1_589' title='bbox 1269 722 1411 765; x_wconf 86' lang='lat' dir='ltr'>ingreffis</span> <span class='ocrx_word' id='word_1_590' title='bbox 1422 747 1434 763; x_wconf 85' lang='lat'><strong>,</strong></span> <span class='ocrx_word' id='word_1_591' title='bbox 1457 725 1504 757; x_wconf 84' lang='lat' dir='ltr'>ait</span> <span class='ocrx_word' id='word_1_592' title='bbox 1518 726 1649 759; x_wconf 61' lang='lat' dir='ltr'>Sanilus</span> <span class='ocrx_word' id='word_1_593' title='bbox 1659 725 1698 759; x_wconf 85' lang='lat' dir='ltr'>ad</span> <span class='ocrx_word' id='word_1_594' title='bbox 1710 726 1870 760; x_wconf 87' lang='lat' dir='ltr'>satellites:</span> <span class='ocrx_word' id='word_1_595' title='bbox 1901 729 1977 761; x_wconf 81' lang='lat' dir='ltr'>Ecce</span> <span class='ocrx_word' id='word_1_596' title='bbox 1990 729 2119 769; x_wconf 74' lang='lat' dir='ltr'>Domini,</span> <span class='ocrx_word' id='word_1_597' title='bbox 2132 739 2204 770; x_wconf 76' lang='lat' dir='ltr'>quae</span> 
     </span>
     <span class='ocr_line' id='line_1_78' title="bbox 1267 770 2201 820; baseline 0.007 -17"><span class='ocrx_word' id='word_1_598' title='bbox 1267 770 1369 810; x_wconf 79' lang='lat' dir='ltr'>vestrae</span> <span class='ocrx_word' id='word_1_599' title='bbox 1375 773 1499 813; x_wconf 77' lang='lat' dir='ltr'>placent</span> <span class='ocrx_word' id='word_1_600' title='bbox 1511 775 1682 815; x_wconf 74' lang='lat' dir='ltr'>voluntati,</span> <span class='ocrx_word' id='word_1_601' title='bbox 1701 775 1821 818; x_wconf 75' lang='lat' dir='ltr'>potestis</span> <span class='ocrx_word' id='word_1_602' title='bbox 1839 781 1880 811; x_wconf 69' lang='lat' dir='ltr'>its</span> <span class='ocrx_word' id='word_1_603' title='bbox 1893 774 2093 820; x_wconf 80' lang='lat' dir='ltr'>praesentt&#39;bus</span> <span class='ocrx_word' id='word_1_604' title='bbox 2104 779 2182 820; x_wconf 72' lang='lat' dir='ltr'>loqui</span> <span class='ocrx_word' id='word_1_605' title='bbox 2193 802 2201 810; x_wconf 87' lang='lat'><strong>.</strong></span> 
     </span>
     <span class='ocr_line' id='line_1_79' title="bbox 1269 822 2205 869; baseline 0.006 -15"><span class='ocrx_word' id='word_1_606' title='bbox 1269 822 1470 866; x_wconf 85' lang='lat' dir='ltr'>Reginaldus</span> <span class='ocrx_word' id='word_1_607' title='bbox 1478 824 1518 857; x_wconf 83' lang='lat' dir='ltr'>ad</span> <span class='ocrx_word' id='word_1_608' title='bbox 1532 824 1595 858; x_wconf 84' lang='lat' dir='ltr'>haec</span> <span class='ocrx_word' id='word_1_609' title='bbox 1604 839 1617 858; x_wconf 86' lang='grc'>.-</span> <span class='ocrx_word' id='word_1_610' title='bbox 1643 829 1673 858; x_wconf 86' lang='lat' dir='ltr'>E</span> <span class='ocrx_word' id='word_1_611' title='bbox 1676 838 1697 858; x_wconf 82' lang='lat' dir='ltr'><em>x</em></span> <span class='ocrx_word' id='word_1_612' title='bbox 1707 836 1762 868; x_wconf 87' lang='lat' dir='ltr'>quo</span> <span class='ocrx_word' id='word_1_613' title='bbox 1770 837 1805 859; x_wconf 87' lang='lat' dir='ltr'>ea</span> <span class='ocrx_word' id='word_1_614' title='bbox 1813 832 1847 859; x_wconf 83' lang='lat' dir='ltr'>in</span> <span class='ocrx_word' id='word_1_615' title='bbox 1853 825 2110 869; x_wconf 68' lang='lat' dir='ltr'>publicumpom&#39;cs</span> <span class='ocrx_word' id='word_1_616' title='bbox 2123 833 2205 861; x_wconf 78' lang='lat' dir='ltr'>venl-</span> 
     </span>
     <span class='ocr_line' id='line_1_80' title="bbox 1267 872 2206 917; baseline 0.009 -14"><span class='ocrx_word' id='word_1_617' title='bbox 1267 882 1299 903; x_wconf 86' lang='lat' dir='ltr'>re</span> <span class='ocrx_word' id='word_1_618' title='bbox 1308 872 1433 916; x_wconf 69' lang='lat' dir='ltr'>delegisti</span> <span class='ocrx_word' id='word_1_619' title='bbox 1441 898 1452 913; x_wconf 94' lang='lat'><em>‚</em></span> <span class='ocrx_word' id='word_1_620' title='bbox 1476 876 1568 916; x_wconf 67' lang='lat' dir='ltr'>quam</span> <span class='ocrx_word' id='word_1_621' title='bbox 1572 873 1686 917; x_wconf 86' lang='lat' dir='ltr'>secreta</span> <span class='ocrx_word' id='word_1_622' title='bbox 1696 883 1790 909; x_wconf 74' lang='lat' dir='ltr'>teneri</span> <span class='ocrx_word' id='word_1_623' title='bbox 1801 902 1811 917; x_wconf 90' lang='lat'>‚</span> <span class='ocrx_word' id='word_1_624' title='bbox 1840 879 1876 910; x_wconf 70' lang='grc' dir='ltr'>ό*</span> <span class='ocrx_word' id='word_1_625' title='bbox 1888 889 1939 911; x_wconf 84' lang='lat' dir='ltr'>nos</span> <span class='ocrx_word' id='word_1_626' title='bbox 1950 878 2138 911; x_wconf 71' lang='lat' dir='ltr'>nihilomim&#39;ts</span> <span class='ocrx_word' id='word_1_627' title='bbox 2147 889 2183 911; x_wconf 87' lang='lat' dir='ltr'>ea</span> <span class='ocrx_word' id='word_1_628' title='bbox 2192 901 2206 916; x_wconf 89' lang='lat'><em>‚</em></span> 
     </span>
    </p>
   </div>
   <div class='ocr_carea' id='block_1_6' title="bbox 1262 921 2206 1013">
    <p class='ocr_par' dir='ltr' id='par_1_12' title="bbox 1262 921 2206 1013">
     <span class='ocr_line' id='line_1_81' title="bbox 1267 921 2206 1006; baseline 0.006 -52"><span class='ocrx_word' id='word_1_629' title='bbox 1267 930 1337 1006; x_wconf 55' lang='lat' dir='ltr'>“gl</span> <span class='ocrx_word' id='word_1_630' title='bbox 1364 921 1452 965; x_wconf 79' lang='lat' dir='ltr'>snper</span> <span class='ocrx_word' id='word_1_631' title='bbox 1475 923 1529 957; x_wconf 79' lang='lat' dir='ltr'>hoc</span> <span class='ocrx_word' id='word_1_632' title='bbox 1542 924 1770 968; x_wconf 76' lang='lat' dir='ltr'>satisfacientes</span> <span class='ocrx_word' id='word_1_633' title='bbox 1792 929 1942 962; x_wconf 73' lang='lat' dir='ltr'>voluntati</span> <span class='ocrx_word' id='word_1_634' title='bbox 1958 953 1970 970; x_wconf 83' lang='lat'>,</span> <span class='ocrx_word' id='word_1_635' title='bbox 2002 926 2206 972; x_wconf 61' lang='lat' dir='ltr'>praesentibus</span> 
     </span>
     <span class='ocr_line' id='line_1_82' title="bbox 1262 979 1466 1013; baseline 0.02 -10"><span class='ocrx_word' id='word_1_636' title='bbox 1262 979 1286 1013; x_wconf 89' lang='lat' dir='ltr'><em>p</em></span> <span class='ocrx_word' id='word_1_637' title='bbox 1337 979 1466 1007; x_wconf 79' lang='lat' dir='ltr'>tcamus.</span> 
     </span>
    </p>
   </div>
   <div class='ocr_carea' id='block_1_7' title="bbox 1444 1073 2038 1112">
    <p class='ocr_par' dir='ltr' id='par_1_13' title="bbox 1444 1073 2038 1112">
     <span class='ocr_line' id='line_1_83' title="bbox 1444 1073 2038 1112; baseline 0.008 -5"><span class='ocrx_word' id='word_1_638' title='bbox 1444 1073 1823 1110; x_wconf 89' lang='lat' dir='ltr'>CAPUT</span> <span class='ocrx_word' id='word_1_639' title='bbox 1921 1076 2038 1112; x_wconf 87' lang='lat' dir='ltr'>XIV.</span> 
     </span>
    </p>
   </div>
   <div class='ocr_carea' id='block_1_8' title="bbox 1474 1174 1989 1219">
    <p class='ocr_par' dir='ltr' id='par_1_14' title="bbox 1474 1174 1989 1219">
     <span class='ocr_line' id='line_1_84' title="bbox 1474 1174 1989 1219; baseline 0.008 -14"><span class='ocrx_word' id='word_1_640' title='bbox 1474 1175 1508 1205; x_wconf 83' lang='lat' dir='ltr'><em>E</em></span> <span class='ocrx_word' id='word_1_641' title='bbox 1509 1174 1649 1215; x_wconf 76' lang='lat' dir='ltr'>xpltcatto</span> <span class='ocrx_word' id='word_1_642' title='bbox 1658 1175 1870 1209; x_wconf 84' lang='lat' dir='ltr'>Mandatorum</span> <span class='ocrx_word' id='word_1_643' title='bbox 1881 1179 1969 1219; x_wconf 69' lang='lat' dir='ltr'>Regis</span> <span class='ocrx_word' id='word_1_644' title='bbox 1981 1201 1989 1209; x_wconf 90' lang='lat'><strong>.</strong></span> 
     </span>
    </p>
   </div>
   <div class='ocr_carea' id='block_1_9' title="bbox 1261 1270 2218 3512">
    <p class='ocr_par' dir='ltr' id='par_1_15' title="bbox 1261 1270 2218 3410">
     <span class='ocr_line' id='line_1_85' title="bbox 1271 1270 2206 1355; baseline 0.004 -50"><span class='ocrx_word' id='word_1_645' title='bbox 1271 1270 1557 1355; x_wconf 86' lang='lat' dir='ltr'>MANDAT</span> <span class='ocrx_word' id='word_1_646' title='bbox 1564 1273 1642 1308; x_wconf 86' lang='lat' dir='ltr'>UM</span> <span class='ocrx_word' id='word_1_647' title='bbox 1653 1275 1710 1308; x_wconf 74' lang='lat' dir='ltr'>tibi·</span> <span class='ocrx_word' id='word_1_648' title='bbox 1718 1276 1738 1306; x_wconf 82' lang='grc' dir='ltr'><em>ἃ</em></span> <span class='ocrx_word' id='word_1_649' title='bbox 1748 1277 1870 1308; x_wconf 80' lang='lat' dir='ltr'>Domino</span> <span class='ocrx_word' id='word_1_650' title='bbox 1879 1278 1958 1320; x_wconf 82' lang='lat' dir='ltr'>Rege</span> <span class='ocrx_word' id='word_1_651' title='bbox 1968 1276 2146 1318; x_wconf 65' lang='lat' dir='ltr'>defnimus,</span> <span class='ocrx_word' id='word_1_652' title='bbox 2153 1282 2206 1319; x_wconf 69' lang='lat' dir='ltr'>qt&#39;tl</span> 
     </span>
     <span class='ocr_line' id='line_1_86' title="bbox 1403 1324 2207 1368; baseline 0.005 -13"><span class='ocrx_word' id='word_1_653' title='bbox 1403 1329 1436 1355; x_wconf 74' lang='lat' dir='ltr'>tn</span> <span class='ocrx_word' id='word_1_654' title='bbox 1442 1324 1583 1365; x_wconf 76' lang='lat' dir='ltr'>partibus</span> <span class='ocrx_word' id='word_1_655' title='bbox 1593 1336 1784 1358; x_wconf 78' lang='lat' dir='ltr'>commoratur</span> <span class='ocrx_word' id='word_1_656' title='bbox 1796 1324 2006 1368; x_wconf 74' lang='lat' dir='ltr'>transmarinis</span> <span class='ocrx_word' id='word_1_657' title='bbox 2016 1351 2027 1368; x_wconf 93' lang='lat'>,</span> <span class='ocrx_word' id='word_1_658' title='bbox 2053 1334 2087 1360; x_wconf 81' lang='lat' dir='ltr'>ut</span> <span class='ocrx_word' id='word_1_659' title='bbox 2103 1327 2147 1359; x_wconf 85' lang='lat' dir='ltr'>ad</span> <span class='ocrx_word' id='word_1_660' title='bbox 2164 1326 2207 1367; x_wconf 46' lang='lat' dir='ltr'>fi*</span> 
     </span>
     <span class='ocr_line' id='line_1_87' title="bbox 1262 1372 2208 1421; baseline 0.006 -17"><span class='ocrx_word' id='word_1_661' title='bbox 1262 1373 1336 1405; x_wconf 67' lang='lat' dir='ltr'>lium</span> <span class='ocrx_word' id='word_1_662' title='bbox 1353 1372 1440 1416; x_wconf 82' lang='lat' dir='ltr'>suum</span> <span class='ocrx_word' id='word_1_663' title='bbox 1459 1385 1568 1407; x_wconf 83' lang='lat' dir='ltr'>novum</span> <span class='ocrx_word' id='word_1_664' title='bbox 1587 1377 1695 1418; x_wconf 85' lang='lat' dir='ltr'>Regem</span> <span class='ocrx_word' id='word_1_665' title='bbox 1713 1374 1905 1418; x_wconf 72' lang='lat' dir='ltr'>cismarinum</span> <span class='ocrx_word' id='word_1_666' title='bbox 1914 1384 2046 1421; x_wconf 83' lang='lat' dir='ltr'>pergas,</span> <span class='ocrx_word' id='word_1_667' title='bbox 2064 1376 2208 1418; x_wconf 75' lang='lat' dir='ltr'>fac‘lurus</span> 
     </span>
     <span class='ocr_line' id='line_1_88' title="bbox 1265 1424 2211 1470; baseline 0.005 -15"><span class='ocrx_word' id='word_1_668' title='bbox 1265 1429 1291 1455; x_wconf 82' lang='lat' dir='ltr'>et</span> <span class='ocrx_word' id='word_1_669' title='bbox 1302 1425 1382 1465; x_wconf 82' lang='lat' dir='ltr'>quod</span> <span class='ocrx_word' id='word_1_670' title='bbox 1393 1425 1518 1457; x_wconf 70' lang='lat' dir='ltr'>Domino</span> <span class='ocrx_word' id='word_1_671' title='bbox 1531 1428 1607 1468; x_wconf 75' lang='lat' dir='ltr'>Regi</span> <span class='ocrx_word' id='word_1_672' title='bbox 1617 1424 1715 1468; x_wconf 80' lang='lat' dir='ltr'>facere</span> <span class='ocrx_word' id='word_1_673' title='bbox 1726 1426 1830 1459; x_wconf 83' lang='lat' dir='ltr'>debes.</span> <span class='ocrx_word' id='word_1_674' title='bbox 1848 1426 1984 1461; x_wconf 64' lang='lat' dir='ltr'>Sanaos</span> <span class='ocrx_word' id='word_1_675' title='bbox 1994 1427 2039 1461; x_wconf 86' lang='lat' dir='ltr'>ait</span> <span class='ocrx_word' id='word_1_676' title='bbox 2051 1439 2064 1459; x_wconf 91' lang='grc'>.·</span> <span class='ocrx_word' id='word_1_677' title='bbox 2078 1429 2124 1460; x_wconf 83' lang='lat' dir='ltr'>Et</span> <span class='ocrx_word' id='word_1_678' title='bbox 2133 1428 2211 1470; x_wconf 75' lang='lat' dir='ltr'>quld</span> 
     </span>
     <span class='ocr_line' id='line_1_89' title="bbox 1264 1470 2212 1521; baseline 0.005 -16"><span class='ocrx_word' id='word_1_679' title='bbox 1264 1470 1302 1512; x_wconf 81' lang='lat' dir='ltr'>est</span> <span class='ocrx_word' id='word_1_680' title='bbox 1313 1474 1391 1515; x_wconf 80' lang='lat' dir='ltr'>quod</span> <span class='ocrx_word' id='word_1_681' title='bbox 1400 1479 1426 1507; x_wconf 79' lang='lat' dir='ltr'>ei</span> <span class='ocrx_word' id='word_1_682' title='bbox 1430 1473 1534 1515; x_wconf 85' lang='lat' dir='ltr'>facere</span> <span class='ocrx_word' id='word_1_683' title='bbox 1542 1475 1630 1508; x_wconf 81' lang='lat' dir='ltr'>debeo</span> <span class='ocrx_word' id='word_1_684' title='bbox 1641 1475 1658 1507; x_wconf 68' lang='grc' dir='ltr'><em>ἓ</em></span> <span class='ocrx_word' id='word_1_685' title='bbox 1695 1476 1737 1510; x_wconf 92' lang='lat' dir='ltr'>Et</span> <span class='ocrx_word' id='word_1_686' title='bbox 1760 1476 1983 1521; x_wconf 84' lang='lat' dir='ltr'>Reginaldus:</span> <span class='ocrx_word' id='word_1_687' title='bbox 2012 1480 2112 1511; x_wconf 72' lang='lat' dir='ltr'>Hoetu</span> <span class='ocrx_word' id='word_1_688' title='bbox 2126 1485 2212 1510; x_wconf 81' lang='lat' dir='ltr'>tuam</span> 
     </span>
     <span class='ocr_line' id='line_1_90' title="bbox 1262 1524 2210 1569; baseline 0.005 -13"><span class='ocrx_word' id='word_1_689' title='bbox 1262 1528 1362 1564; x_wconf 74' lang='lat' dir='ltr'>ponus</span> <span class='ocrx_word' id='word_1_690' title='bbox 1373 1524 1460 1557; x_wconf 82' lang='lat' dir='ltr'>debet</span> <span class='ocrx_word' id='word_1_691' title='bbox 1469 1525 1579 1568; x_wconf 74' lang='lat' dir='ltr'>vemffe</span> <span class='ocrx_word' id='word_1_692' title='bbox 1591 1530 1727 1559; x_wconf 74' lang='lat' dir='ltr'>notitiam</span> <span class='ocrx_word' id='word_1_693' title='bbox 1739 1551 1750 1567; x_wconf 84' lang='lat'>,</span> <span class='ocrx_word' id='word_1_694' title='bbox 1758 1529 1851 1569; x_wconf 66' lang='lat' dir='ltr'>quam</span> <span class='ocrx_word' id='word_1_695' title='bbox 1862 1526 1986 1567; x_wconf 81' lang='lat' dir='ltr'>nostram</span> <span class='ocrx_word' id='word_1_696' title='bbox 1998 1552 2005 1559; x_wconf 92' lang='lat'><strong><em>.</em></strong></span> <span class='ocrx_word' id='word_1_697' title='bbox 2021 1527 2067 1561; x_wconf 89' lang='lat' dir='ltr'>At</span> <span class='ocrx_word' id='word_1_698' title='bbox 2087 1527 2145 1561; x_wconf 86' lang='lat' dir='ltr'>ille</span> <span class='ocrx_word' id='word_1_699' title='bbox 2161 1527 2210 1561; x_wconf 72' lang='lat' dir='ltr'>iri-¹</span> 
     </span>
     <span class='ocr_line' id='line_1_91' title="bbox 1265 1573 2211 1621; baseline 0.004 -15"><span class='ocrx_word' id='word_1_700' title='bbox 1265 1574 1337 1616; x_wconf 89' lang='lat' dir='ltr'>quit</span> <span class='ocrx_word' id='word_1_701' title='bbox 1351 1586 1364 1607; x_wconf 83' lang='lat'>.-</span> <span class='ocrx_word' id='word_1_702' title='bbox 1389 1576 1420 1607; x_wconf 72' lang='lat'>.51</span> <span class='ocrx_word' id='word_1_703' title='bbox 1434 1573 1622 1618; x_wconf 73' lang='lat' dir='ltr'>illudsclrem</span> <span class='ocrx_word' id='word_1_704' title='bbox 1633 1599 1644 1615; x_wconf 92' lang='lat'><em>,</em></span> <span class='ocrx_word' id='word_1_705' title='bbox 1670 1588 1717 1610; x_wconf 89' lang='lat' dir='ltr'>me</span> <span class='ocrx_word' id='word_1_706' title='bbox 1724 1577 1854 1618; x_wconf 52' lang='lat' dir='ltr'>pro-felli)</span> <span class='ocrx_word' id='word_1_707' title='bbox 1867 1579 2038 1611; x_wconf 83' lang='lat' dir='ltr'>nullatenus</span> <span class='ocrx_word' id='word_1_708' title='bbox 2051 1578 2089 1611; x_wconf 73' lang='lat' dir='ltr'>td</span> <span class='ocrx_word' id='word_1_709' title='bbox 2096 1582 2211 1621; x_wconf 63' lang='lat' dir='ltr'>tgnorffi</span> 
     </span>
     <span class='ocr_line' id='line_1_92' title="bbox 1266 1624 2214 1671; baseline 0.004 -16"><span class='ocrx_word' id='word_1_710' title='bbox 1266 1634 1298 1656; x_wconf 82' lang='lat' dir='ltr'>re</span> <span class='ocrx_word' id='word_1_711' title='bbox 1304 1624 1427 1657; x_wconf 75' lang='lat' dir='ltr'>decerem</span> <span class='ocrx_word' id='word_1_712' title='bbox 1438 1647 1446 1655; x_wconf 88' lang='lat'><strong><em>.</em></strong></span> <span class='ocrx_word' id='word_1_713' title='bbox 1472 1625 1581 1657; x_wconf 59' lang='lat' dir='ltr'>Vernm</span> <span class='ocrx_word' id='word_1_714' title='bbox 1589 1625 1719 1664; x_wconf 72' lang='lat' dir='ltr'>exlsttmo</span> <span class='ocrx_word' id='word_1_715' title='bbox 1741 1637 1786 1658; x_wconf 86' lang='lat' dir='ltr'>me</span> <span class='ocrx_word' id='word_1_716' title='bbox 1805 1626 1930 1670; x_wconf 77' lang='lat' dir='ltr'>prorsus</span> <span class='ocrx_word' id='word_1_717' title='bbox 1948 1627 2082 1671; x_wconf 66' lang='lat' dir='ltr'>elfectffe</span> <span class='ocrx_word' id='word_1_718' title='bbox 2091 1651 2102 1667; x_wconf 83' lang='lat'><strong>,</strong></span> <span class='ocrx_word' id='word_1_719' title='bbox 2126 1627 2214 1670; x_wconf 64' lang='lat' dir='ltr'>quta-</span> 
     </span>
     <span class='ocr_line' id='line_1_93' title="bbox 1266 1673 2207 1719; baseline 0.006 -15"><span class='ocrx_word' id='word_1_720' title='bbox 1266 1674 1342 1715; x_wconf 71' lang='lat' dir='ltr'>quid</span> <span class='ocrx_word' id='word_1_721' title='bbox 1348 1673 1485 1714; x_wconf 78' lang='lat' dir='ltr'>etfacere</span> <span class='ocrx_word' id='word_1_722' title='bbox 1495 1673 1582 1707; x_wconf 77' lang='lat' dir='ltr'>debeo</span> <span class='ocrx_word' id='word_1_723' title='bbox 1594 1697 1601 1705; x_wconf 91' lang='lat'><em>.</em></span> <span class='ocrx_word' id='word_1_724' title='bbox 1616 1675 1822 1718; x_wconf 82' lang='lat' dir='ltr'>Reginaldus</span> <span class='ocrx_word' id='word_1_725' title='bbox 1831 1685 1946 1709; x_wconf 80' lang='lat' dir='ltr'>contra</span> <span class='ocrx_word' id='word_1_726' title='bbox 1957 1687 1965 1707; x_wconf 76' lang='lat' dir='ltr'>t</span> <span class='ocrx_word' id='word_1_727' title='bbox 1993 1679 2207 1719; x_wconf 70' lang='lat' dir='ltr'>Nequaquam.</span> 
     </span>
     <span class='ocr_line' id='line_1_94' title="bbox 1268 1722 2214 1768; baseline 0.007 -16"><span class='ocrx_word' id='word_1_728' title='bbox 1268 1722 1365 1753; x_wconf 82' lang='lat' dir='ltr'>Multa</span> <span class='ocrx_word' id='word_1_729' title='bbox 1374 1723 1472 1753; x_wconf 82' lang='lat' dir='ltr'>adbuc</span> <span class='ocrx_word' id='word_1_730' title='bbox 1475 1722 1626 1761; x_wconf 75' lang='lat' dir='ltr'>facienda</span> <span class='ocrx_word' id='word_1_731' title='bbox 1636 1748 1647 1762; x_wconf 92' lang='lat'><strong><em>,</em></strong></span> <span class='ocrx_word' id='word_1_732' title='bbox 1668 1726 1768 1756; x_wconf 30' lang='lat' dir='ltr'>*multa</span> <span class='ocrx_word' id='word_1_733' title='bbox 1773 1723 1848 1765; x_wconf 85' lang='lat' dir='ltr'>sunt</span> <span class='ocrx_word' id='word_1_734' title='bbox 1858 1727 2033 1768; x_wconf 70' lang='lat' dir='ltr'>corrigenda</span> <span class='ocrx_word' id='word_1_735' title='bbox 2049 1750 2056 1757; x_wconf 94' lang='lat'><strong><em>.</em></strong></span> <span class='ocrx_word' id='word_1_736' title='bbox 2083 1725 2214 1766; x_wconf 65' lang='lat' dir='ltr'>Asseve-</span> 
     </span>
     <span class='ocr_line' id='line_1_95' title="bbox 1267 1769 2215 1821; baseline 0.007 -20"><span class='ocrx_word' id='word_1_737' title='bbox 1267 1779 1358 1802; x_wconf 87' lang='lat' dir='ltr'>rante</span> <span class='ocrx_word' id='word_1_738' title='bbox 1369 1769 1470 1812; x_wconf 86' lang='lat' dir='ltr'>igitur</span> <span class='ocrx_word' id='word_1_739' title='bbox 1479 1769 1763 1812; x_wconf 83' lang='lat' dir='ltr'>Archi-Episcopo</span> <span class='ocrx_word' id='word_1_740' title='bbox 1777 1773 1805 1804; x_wconf 84' lang='lat' dir='ltr'>se</span> <span class='ocrx_word' id='word_1_741' title='bbox 1824 1773 1942 1806; x_wconf 83' lang='lat' dir='ltr'>nescire</span> <span class='ocrx_word' id='word_1_742' title='bbox 1951 1772 2031 1815; x_wconf 88' lang='lat' dir='ltr'>quid</span> <span class='ocrx_word' id='word_1_743' title='bbox 2051 1783 2129 1818; x_wconf 74' lang='lat' dir='ltr'>erga</span> <span class='ocrx_word' id='word_1_744' title='bbox 2139 1775 2215 1821; x_wconf 55' lang='lat' dir='ltr'>Maj</span> 
     </span>
     <span class='ocr_line' id='line_1_96' title="bbox 1265 1817 2212 1862; baseline 0.008 -12"><span class='ocrx_word' id='word_1_745' title='bbox 1265 1817 1409 1859; x_wconf 80' lang='lat' dir='ltr'>jestatem</span> <span class='ocrx_word' id='word_1_746' title='bbox 1421 1818 1562 1862; x_wconf 85' lang='lat' dir='ltr'>Regiam</span> <span class='ocrx_word' id='word_1_747' title='bbox 1573 1820 1746 1854; x_wconf 87' lang='lat' dir='ltr'>emendare</span> <span class='ocrx_word' id='word_1_748' title='bbox 1756 1821 1887 1855; x_wconf 86' lang='lat' dir='ltr'>deberet</span> <span class='ocrx_word' id='word_1_749' title='bbox 1900 1846 1912 1861; x_wconf 88' lang='lat'>,</span> <span class='ocrx_word' id='word_1_750' title='bbox 1932 1823 1991 1856; x_wconf 85' lang='lat' dir='ltr'>nifi</span> <span class='ocrx_word' id='word_1_751' title='bbox 2004 1822 2086 1857; x_wconf 87' lang='lat' dir='ltr'>illud</span> <span class='ocrx_word' id='word_1_752' title='bbox 2096 1832 2212 1858; x_wconf 82' lang='lat' dir='ltr'>eorum</span> 
     </span>
     <span class='ocr_line' id='line_1_97' title="bbox 1267 1867 2213 1914; baseline 0.006 -14"><span class='ocrx_word' id='word_1_753' title='bbox 1267 1867 1495 1902; x_wconf 85' lang='lat' dir='ltr'>benevolentia</span> <span class='ocrx_word' id='word_1_754' title='bbox 1506 1893 1517 1909; x_wconf 86' lang='lat'><strong>,</strong></span> <span class='ocrx_word' id='word_1_755' title='bbox 1542 1880 1614 1912; x_wconf 88' lang='lat' dir='ltr'>quae</span> <span class='ocrx_word' id='word_1_756' title='bbox 1625 1869 1738 1914; x_wconf 76' lang='lat' dir='ltr'>ntique</span> <span class='ocrx_word' id='word_1_757' title='bbox 1751 1872 1841 1905; x_wconf 85' lang='lat' dir='ltr'>nulla</span> <span class='ocrx_word' id='word_1_758' title='bbox 1853 1881 1920 1906; x_wconf 85' lang='lat' dir='ltr'>erat</span> <span class='ocrx_word' id='word_1_759' title='bbox 1932 1897 1942 1911; x_wconf 93' lang='lat'>‚</span> <span class='ocrx_word' id='word_1_760' title='bbox 1963 1873 2108 1908; x_wconf 86' lang='lat' dir='ltr'>ediceret</span> <span class='ocrx_word' id='word_1_761' title='bbox 2126 1887 2138 1914; x_wconf 88' lang='lat'>‚·</span> <span class='ocrx_word' id='word_1_762' title='bbox 2164 1873 2213 1908; x_wconf 78' lang='lat' dir='ltr'>ait</span> 
     </span>
     <span class='ocr_line' id='line_1_98' title="bbox 1267 1917 2214 1965; baseline 0.007 -14"><span class='ocrx_word' id='word_1_763' title='bbox 1267 1917 1467 1962; x_wconf 86' lang='lat' dir='ltr'>Reginaldus</span> <span class='ocrx_word' id='word_1_764' title='bbox 1478 1930 1496 1949; x_wconf 63' lang='grc' dir='ltr'>ε»</span> <span class='ocrx_word' id='word_1_765' title='bbox 1519 1918 1607 1953; x_wconf 69' lang='lat' dir='ltr'>Cum</span> <span class='ocrx_word' id='word_1_766' title='bbox 1626 1929 1658 1953; x_wconf 92' lang='lat' dir='ltr'>te</span> <span class='ocrx_word' id='word_1_767' title='bbox 1680 1921 1724 1954; x_wconf 87' lang='lat' dir='ltr'>rei</span> <span class='ocrx_word' id='word_1_768' title='bbox 1747 1918 1843 1965; x_wconf 82' lang='lat' dir='ltr'>hujus</span> <span class='ocrx_word' id='word_1_769' title='bbox 1866 1922 1995 1965; x_wconf 68' lang='lat' dir='ltr'>penitus</span> <span class='ocrx_word' id='word_1_770' title='bbox 2026 1923 2214 1958; x_wconf 84' lang='lat' dir='ltr'>confitearis</span> 
     </span>
     <span class='ocr_line' id='line_1_99' title="bbox 1267 1968 2212 2016; baseline 0.005 -16"><span class='ocrx_word' id='word_1_771' title='bbox 1267 1968 1415 2011; x_wconf 81' lang='lat' dir='ltr'>ignarum</span> <span class='ocrx_word' id='word_1_772' title='bbox 1429 1974 1452 2008; x_wconf 67' lang='lat'>‚²</span> <span class='ocrx_word' id='word_1_773' title='bbox 1467 1979 1528 2003; x_wconf 86' lang='lat' dir='ltr'>nos</span> <span class='ocrx_word' id='word_1_774' title='bbox 1538 1968 1598 2003; x_wconf 89' lang='lat' dir='ltr'>tibi</span> <span class='ocrx_word' id='word_1_775' title='bbox 1611 1970 1691 2011; x_wconf 90' lang='lat' dir='ltr'>quid</span> <span class='ocrx_word' id='word_1_776' title='bbox 1702 1982 1796 2015; x_wconf 82' lang='lat' dir='ltr'>agere</span> <span class='ocrx_word' id='word_1_777' title='bbox 1817 1971 1934 2006; x_wconf 85' lang='lat' dir='ltr'>debeas</span> <span class='ocrx_word' id='word_1_778' title='bbox 1952 1972 2191 2016; x_wconf 84' lang='lat' dir='ltr'>explicabimus</span> <span class='ocrx_word' id='word_1_779' title='bbox 2204 1998 2212 2005; x_wconf 91' lang='lat'><em>.</em></span> 
     </span>
     <span class='ocr_line' id='line_1_100' title="bbox 1266 2018 2213 2069; baseline 0.01 -20"><span class='ocrx_word' id='word_1_780' title='bbox 1266 2019 1397 2050; x_wconf 83' lang='lat' dir='ltr'>Mandat</span> <span class='ocrx_word' id='word_1_781' title='bbox 1407 2018 1463 2050; x_wconf 78' lang='lat' dir='ltr'>ttbt&#39;</span> <span class='ocrx_word' id='word_1_782' title='bbox 1476 2022 1619 2052; x_wconf 78' lang='lat' dir='ltr'>Dominus</span> <span class='ocrx_word' id='word_1_783' title='bbox 1630 2023 1696 2053; x_wconf 80' lang='lat' dir='ltr'>Rex</span> <span class='ocrx_word' id='word_1_784' title='bbox 1709 2022 1798 2060; x_wconf 83' lang='lat' dir='ltr'>noster</span> <span class='ocrx_word' id='word_1_785' title='bbox 1810 2046 1820 2061; x_wconf 84' lang='lat'>‚</span> <span class='ocrx_word' id='word_1_786' title='bbox 1847 2031 1880 2055; x_wconf 80' lang='lat' dir='ltr'>ut</span> <span class='ocrx_word' id='word_1_787' title='bbox 1899 2022 2045 2065; x_wconf 74' lang='lat' dir='ltr'>adfihum</span> <span class='ocrx_word' id='word_1_788' title='bbox 2051 2022 2139 2068; x_wconf 75' lang='lat' dir='ltr'>ficum</span> <span class='ocrx_word' id='word_1_789' title='bbox 2149 2027 2213 2069; x_wconf 50' lang='lat' dir='ltr'>Re„-</span> 
     </span>
     <span class='ocr_line' id='line_1_101' title="bbox 1261 2066 2212 2115; baseline 0.011 -17"><span class='ocrx_word' id='word_1_790' title='bbox 1261 2078 1330 2110; x_wconf 88' lang='lat' dir='ltr'>gem</span> <span class='ocrx_word' id='word_1_791' title='bbox 1341 2091 1353 2107; x_wconf 84' lang='lat'>,</span> <span class='ocrx_word' id='word_1_792' title='bbox 1363 2073 1395 2099; x_wconf 76' lang='lat' dir='ltr'>tn</span> <span class='ocrx_word' id='word_1_793' title='bbox 1404 2066 1513 2108; x_wconf 77' lang='lat' dir='ltr'>finibus</span> <span class='ocrx_word' id='word_1_794' title='bbox 1523 2069 1689 2111; x_wconf 73' lang='lat' dir='ltr'>cismar-ints</span> <span class='ocrx_word' id='word_1_795' title='bbox 1701 2082 1926 2105; x_wconf 86' lang='lat' dir='ltr'>commorantem</span> <span class='ocrx_word' id='word_1_796' title='bbox 1934 2098 1944 2114; x_wconf 93' lang='lat'>,</span> <span class='ocrx_word' id='word_1_797' title='bbox 1959 2076 2131 2115; x_wconf 57' lang='lat' dir='ltr'>quantocitls</span> <span class='ocrx_word' id='word_1_798' title='bbox 2143 2079 2212 2115; x_wconf 68' lang='lat' dir='ltr'>eas,</span> 
     </span>
     <span class='ocr_line' id='line_1_102' title="bbox 1262 2117 2212 2168; baseline 0.009 -19"><span class='ocrx_word' id='word_1_799' title='bbox 1262 2117 1438 2158; x_wconf 72' lang='lat' dir='ltr'>fidelitatem</span> <span class='ocrx_word' id='word_1_800' title='bbox 1448 2124 1474 2151; x_wconf 77' lang='lat' dir='ltr'>et</span> <span class='ocrx_word' id='word_1_801' title='bbox 1485 2118 1648 2160; x_wconf 77' lang='lat' dir='ltr'>interposito</span> <span class='ocrx_word' id='word_1_802' title='bbox 1661 2122 1835 2160; x_wconf 82' lang='lat' dir='ltr'>juramento</span> <span class='ocrx_word' id='word_1_803' title='bbox 1845 2122 1989 2164; x_wconf 64' lang='lat' dir='ltr'>fadurus</span> <span class='ocrx_word' id='word_1_804' title='bbox 1999 2148 2011 2165; x_wconf 91' lang='lat'>‚</span> <span class='ocrx_word' id='word_1_805' title='bbox 2038 2126 2074 2159; x_wconf 62' lang='grc' dir='ltr'>Θ</span> <span class='ocrx_word' id='word_1_806' title='bbox 2096 2136 2164 2168; x_wconf 82' lang='lat' dir='ltr'>qaae</span> <span class='ocrx_word' id='word_1_807' title='bbox 2177 2129 2212 2158; x_wconf 72' lang='lat' dir='ltr'>in</span> 
     </span>
     <span class='ocr_line' id='line_1_103' title="bbox 1267 2167 2207 2218; baseline 0.012 -20"><span class='ocrx_word' id='word_1_808' title='bbox 1267 2171 1389 2210; x_wconf 75' lang='lat' dir='ltr'>Regiam</span> <span class='ocrx_word' id='word_1_809' title='bbox 1410 2169 1532 2209; x_wconf 76' lang='lat' dir='ltr'>peccasti</span> <span class='ocrx_word' id='word_1_810' title='bbox 1549 2168 1732 2209; x_wconf 82' lang='lat' dir='ltr'>Majestatem</span> <span class='ocrx_word' id='word_1_811' title='bbox 1753 2174 1965 2207; x_wconf 82' lang='lat' dir='ltr'>emendaturus</span> <span class='ocrx_word' id='word_1_812' title='bbox 1979 2198 1987 2205; x_wconf 90' lang='lat'>.</span> <span class='ocrx_word' id='word_1_813' title='bbox 2005 2167 2207 2218; x_wconf 70' lang='lat' dir='ltr'>‘Respondit</span> 
     </span>
     <span class='ocr_line' id='line_1_104' title="bbox 1270 2217 2210 2268; baseline 0.006 -18"><span class='ocrx_word' id='word_1_814' title='bbox 1270 2217 1328 2250; x_wconf 77' lang='lat' dir='ltr'>Vi·-</span> <span class='ocrx_word' id='word_1_815' title='bbox 1339 2217 1479 2251; x_wconf 88' lang='lat' dir='ltr'>Domini</span> <span class='ocrx_word' id='word_1_816' title='bbox 1494 2242 1505 2259; x_wconf 93' lang='lat'>,</span> <span class='ocrx_word' id='word_1_817' title='bbox 1529 2220 1615 2252; x_wconf 86' lang='lat' dir='ltr'>&amp;ait</span> <span class='ocrx_word' id='word_1_818' title='bbox 1629 2233 1640 2253; x_wconf 90' lang='lat'>.·</span> <span class='ocrx_word' id='word_1_819' title='bbox 1666 2222 1750 2254; x_wconf 86' lang='lat' dir='ltr'>Unde</span> <span class='ocrx_word' id='word_1_820' title='bbox 1768 2223 1811 2255; x_wconf 72' lang='lat' dir='ltr'>ill!</span> <span class='ocrx_word' id='word_1_821' title='bbox 1818 2222 1998 2263; x_wconf 71' lang='lat' dir='ltr'>fidelitatem</span> <span class='ocrx_word' id='word_1_822' title='bbox 2007 2224 2102 2258; x_wconf 61' lang='grc' dir='ltr'>τιτθὴ·</span> <span class='ocrx_word' id='word_1_823' title='bbox 2115 2223 2210 2268; x_wconf 66' lang='grc' dir='ltr'><em>[ασσ-</em></span> 
     </span>
     <span class='ocr_line' id='line_1_105' title="bbox 1262 2266 2218 2318; baseline 0.01 -20"><span class='ocrx_word' id='word_1_824' title='bbox 1262 2266 1377 2310; x_wconf 70' lang='lat' dir='ltr'>sanHts</span> <span class='ocrx_word' id='word_1_825' title='bbox 1402 2267 1491 2301; x_wconf 84' lang='lat' dir='ltr'>debeo</span> <span class='ocrx_word' id='word_1_826' title='bbox 1512 2269 1703 2312; x_wconf 79' lang='lat' dir='ltr'>confirmare?</span> <span class='ocrx_word' id='word_1_827' title='bbox 1734 2276 1790 2304; x_wconf 72' lang='lat' dir='ltr'>Aut</span> <span class='ocrx_word' id='word_1_828' title='bbox 1814 2278 1846 2304; x_wconf 74' lang='lat' dir='ltr'>tn</span> <span class='ocrx_word' id='word_1_829' title='bbox 1861 2280 1919 2316; x_wconf 80' lang='lat' dir='ltr'>quo</span> <span class='ocrx_word' id='word_1_830' title='bbox 1929 2273 2093 2314; x_wconf 66' lang='lat' dir='ltr'>majestatis</span> <span class='ocrx_word' id='word_1_831' title='bbox 2107 2273 2218 2318; x_wconf 52' lang='grc' dir='ltr'>πεζὴν</span> 
     </span>
     <span class='ocr_line' id='line_1_106' title="bbox 1268 2316 2213 2369; baseline 0.011 -20"><span class='ocrx_word' id='word_1_832' title='bbox 1268 2321 1346 2350; x_wconf 83' lang='lat' dir='ltr'>Reus</span> <span class='ocrx_word' id='word_1_833' title='bbox 1364 2316 1482 2358; x_wconf 68' lang='lat' dir='ltr'>effec‘lus</span> <span class='ocrx_word' id='word_1_834' title='bbox 1484 2319 1582 2363; x_wconf 81' lang='lat' dir='ltr'>sum?</span> <span class='ocrx_word' id='word_1_835' title='bbox 1608 2320 1742 2354; x_wconf 83' lang='lat' dir='ltr'>Satelles</span> <span class='ocrx_word' id='word_1_836' title='bbox 1753 2333 1862 2355; x_wconf 78' lang='lat' dir='ltr'>autem</span> <span class='ocrx_word' id='word_1_837' title='bbox 1885 2322 2052 2364; x_wconf 87' lang='lat' dir='ltr'>posteriori</span> <span class='ocrx_word' id='word_1_838' title='bbox 2063 2324 2213 2369; x_wconf 76' lang='lat' dir='ltr'>quaestio-</span> 
     </span>
     <span class='ocr_line' id='line_1_107' title="bbox 1270 2367 2210 2415; baseline 0.01 -16"><span class='ocrx_word' id='word_1_839' title='bbox 1270 2367 1318 2401; x_wconf 89' lang='lat' dir='ltr'>nis</span> <span class='ocrx_word' id='word_1_840' title='bbox 1328 2378 1415 2409; x_wconf 84' lang='lat' dir='ltr'>parte</span> <span class='ocrx_word' id='word_1_841' title='bbox 1425 2390 1436 2405; x_wconf 92' lang='lat'>,</span> <span class='ocrx_word' id='word_1_842' title='bbox 1462 2378 1560 2410; x_wconf 87' lang='lat' dir='ltr'>quam</span> <span class='ocrx_word' id='word_1_843' title='bbox 1574 2368 1693 2402; x_wconf 90' lang='lat' dir='ltr'>solvere</span> <span class='ocrx_word' id='word_1_844' title='bbox 1707 2371 1895 2404; x_wconf 87' lang='lat' dir='ltr'>nullatenus</span> <span class='ocrx_word' id='word_1_845' title='bbox 1906 2383 2032 2413; x_wconf 86' lang='lat' dir='ltr'>poterat</span> <span class='ocrx_word' id='word_1_846' title='bbox 2047 2397 2056 2411; x_wconf 94' lang='lat'>‚</span> <span class='ocrx_word' id='word_1_847' title='bbox 2082 2372 2210 2415; x_wconf 68' lang='lat' dir='ltr'>omma,</span> 
     </span>
     <span class='ocr_line' id='line_1_108' title="bbox 1268 2417 2214 2463; baseline 0.005 -12"><span class='ocrx_word' id='word_1_848' title='bbox 1268 2418 1310 2451; x_wconf 82' lang='lat' dir='ltr'>fic</span> <span class='ocrx_word' id='word_1_849' title='bbox 1323 2417 1706 2454; x_wconf 63' lang='lat' dir='ltr'>denodavit‘anteriorem</span> <span class='ocrx_word' id='word_1_850' title='bbox 1716 2432 1726 2451; x_wconf 90' lang='lat'><em>:</em></span> <span class='ocrx_word' id='word_1_851' title='bbox 1754 2422 1801 2453; x_wconf 87' lang='lat' dir='ltr'>De</span> <span class='ocrx_word' id='word_1_852' title='bbox 1811 2419 1946 2453; x_wconf 67' lang='lat' dir='ltr'>Baron&#39;ia</span> <span class='ocrx_word' id='word_1_853' title='bbox 1958 2445 1974 2460; x_wconf 75' lang='lat'>,</span> <span class='ocrx_word' id='word_1_854' title='bbox 1994 2432 2084 2463; x_wconf 85' lang='lat' dir='ltr'>quam</span> <span class='ocrx_word' id='word_1_855' title='bbox 2103 2425 2141 2456; x_wconf 87' lang='lat' dir='ltr'>de</span> <span class='ocrx_word' id='word_1_856' title='bbox 2153 2424 2214 2456; x_wconf 67' lang='lat' dir='ltr'>Do*-</span> 
     </span>
     <span class='ocr_line' id='line_1_109' title="bbox 1268 2470 2212 2513; baseline 0.006 -13"><span class='ocrx_word' id='word_1_857' title='bbox 1268 2473 1346 2500; x_wconf 75' lang='lat' dir='ltr'>mlno</span> <span class='ocrx_word' id='word_1_858' title='bbox 1354 2479 1416 2501; x_wconf 86' lang='lat' dir='ltr'>meo</span> <span class='ocrx_word' id='word_1_859' title='bbox 1423 2471 1500 2511; x_wconf 86' lang='lat' dir='ltr'>Rege</span> <span class='ocrx_word' id='word_1_860' title='bbox 1510 2477 1594 2501; x_wconf 84' lang='lat' dir='ltr'>tenes</span> <span class='ocrx_word' id='word_1_861' title='bbox 1605 2493 1615 2507; x_wconf 91' lang='lat'>,</span> <span class='ocrx_word' id='word_1_862' title='bbox 1636 2475 1766 2512; x_wconf 77' lang='lat' dir='ltr'>exigitur</span> <span class='ocrx_word' id='word_1_863' title='bbox 1775 2472 1795 2502; x_wconf 77' lang='grc' dir='ltr'><em>ἃ</em></span> <span class='ocrx_word' id='word_1_864' title='bbox 1806 2479 1834 2502; x_wconf 83' lang='lat' dir='ltr'>te</span> <span class='ocrx_word' id='word_1_865' title='bbox 1845 2470 1909 2502; x_wconf 73' lang='lat' dir='ltr'>cum&#39;</span> <span class='ocrx_word' id='word_1_866' title='bbox 1917 2472 2096 2511; x_wconf 67' lang='lat' dir='ltr'>juramento</span> <span class='ocrx_word' id='word_1_867' title='bbox 2103 2472 2212 2513; x_wconf 54' lang='lat' dir='ltr'>&#39;confite</span> 
     </span>
     <span class='ocr_line' id='line_1_110' title="bbox 1268 2517 2208 2564; baseline 0.006 -14"><span class='ocrx_word' id='word_1_868' title='bbox 1268 2526 1350 2551; x_wconf 87' lang='lat' dir='ltr'>mata</span> <span class='ocrx_word' id='word_1_869' title='bbox 1357 2517 1493 2560; x_wconf 80' lang='lat' dir='ltr'>fidelitas</span> <span class='ocrx_word' id='word_1_870' title='bbox 1508 2540 1512 2545; x_wconf 66' lang='lat'><strong><em>‹</em></strong></span> <span class='ocrx_word' id='word_1_871' title='bbox 1540 2521 1585 2550; x_wconf 89' lang='lat' dir='ltr'>Et</span> <span class='ocrx_word' id='word_1_872' title='bbox 1597 2520 1635 2551; x_wconf 83' lang='lat' dir='ltr'>de</span> <span class='ocrx_word' id='word_1_873' title='bbox 1655 2520 1778 2552; x_wconf 82' lang='lat' dir='ltr'>Clericts</span> <span class='ocrx_word' id='word_1_874' title='bbox 1798 2531 1870 2563; x_wconf 82' lang='lat' dir='ltr'>quos</span> <span class='ocrx_word' id='word_1_875' title='bbox 1885 2526 1918 2553; x_wconf 72' lang='lat' dir='ltr'>tn</span> <span class='ocrx_word' id='word_1_876' title='bbox 1931 2531 2043 2554; x_wconf 84' lang='lat' dir='ltr'>terram</span> <span class='ocrx_word' id='word_1_877' title='bbox 2048 2521 2074 2564; x_wconf 89' lang='lat' dir='ltr'><em>s</em></span> <span class='ocrx_word' id='word_1_878' title='bbox 2068 2534 2139 2555; x_wconf 81' lang='lat' dir='ltr'>uam</span> <span class='ocrx_word' id='word_1_879' title='bbox 2149 2524 2208 2556; x_wconf 81' lang='lat' dir='ltr'>ad-</span> 
     </span>
     <span class='ocr_line' id='line_1_111' title="bbox 1268 2566 2207 2615; baseline 0.007 -16"><span class='ocrx_word' id='word_1_880' title='bbox 1268 2569 1396 2608; x_wconf 78' lang='lat' dir='ltr'>duxisti,</span> <span class='ocrx_word' id='word_1_881' title='bbox 1416 2566 1443 2607; x_wconf 86' lang='lat' dir='ltr'><em>fi</em></span> <span class='ocrx_word' id='word_1_882' title='bbox 1459 2573 1491 2599; x_wconf 80' lang='lat' dir='ltr'>in</span> <span class='ocrx_word' id='word_1_883' title='bbox 1510 2575 1591 2600; x_wconf 83' lang='lat' dir='ltr'>terra</span> <span class='ocrx_word' id='word_1_884' title='bbox 1597 2567 1657 2610; x_wconf 87' lang='lat' dir='ltr'>sua</span> <span class='ocrx_word' id='word_1_885' title='bbox 1667 2580 1817 2603; x_wconf 82' lang='lat' dir='ltr'>remanere</span> <span class='ocrx_word' id='word_1_886' title='bbox 1840 2571 1990 2604; x_wconf 81' lang='lat' dir='ltr'>voluerint</span> <span class='ocrx_word' id='word_1_887' title='bbox 2001 2596 2011 2611; x_wconf 90' lang='lat'><strong>,</strong></span> <span class='ocrx_word' id='word_1_888' title='bbox 2032 2570 2207 2615; x_wconf 69' lang='lat' dir='ltr'>securitatis</span> 
     </span>
     <span class='ocr_line' id='line_1_112' title="bbox 1262 2614 2208 2666; baseline 0.005 -15"><span class='ocrx_word' id='word_1_889' title='bbox 1262 2620 1471 2659; x_wconf 61' lang='lat' dir='ltr'>‚iuramentum</span> <span class='ocrx_word' id='word_1_890' title='bbox 1483 2618 1671 2651; x_wconf 59' lang='lat' dir='ltr'>nibilominus</span> <span class='ocrx_word' id='word_1_891' title='bbox 1681 2625 1826 2663; x_wconf 71' lang='lat' dir='ltr'>exigitur.</span> <span class='ocrx_word' id='word_1_892' title='bbox 1857 2614 2157 2666; x_wconf 70' lang='lat' dir='ltr'>Archi-Episcopus</span> <span class='ocrx_word' id='word_1_893' title='bbox 2166 2623 2208 2656; x_wconf 85' lang='lat' dir='ltr'>ad</span> 
     </span>
     <span class='ocr_line' id='line_1_113' title="bbox 1272 2668 2210 2714; baseline 0.004 -13"><span class='ocrx_word' id='word_1_894' title='bbox 1272 2668 1360 2701; x_wconf 68' lang='lat' dir='ltr'>haeo:</span> <span class='ocrx_word' id='word_1_895' title='bbox 1388 2671 1433 2701; x_wconf 86' lang='lat' dir='ltr'>De</span> <span class='ocrx_word' id='word_1_896' title='bbox 1445 2671 1580 2701; x_wconf 76' lang='lat' dir='ltr'>Baranta</span> <span class='ocrx_word' id='word_1_897' title='bbox 1591 2671 1715 2702; x_wconf 72' lang='lat' dir='ltr'>Domino</span> <span class='ocrx_word' id='word_1_898' title='bbox 1735 2682 1798 2703; x_wconf 84' lang='lat' dir='ltr'>meo</span> <span class='ocrx_word' id='word_1_899' title='bbox 1821 2672 1893 2714; x_wconf 75' lang='lat' dir='ltr'>Regi</span> <span class='ocrx_word' id='word_1_900' title='bbox 1903 2695 1915 2711; x_wconf 88' lang='lat'><em>,</em></span> <span class='ocrx_word' id='word_1_901' title='bbox 1932 2672 2082 2713; x_wconf 74' lang='lat' dir='ltr'>quidquid</span> <span class='ocrx_word' id='word_1_902' title='bbox 2092 2677 2142 2706; x_wconf 74' lang='lat' dir='ltr'>vis</span> <span class='ocrx_word' id='word_1_903' title='bbox 2155 2678 2210 2705; x_wconf 69' lang='lat' dir='ltr'>au!¹</span> 
     </span>
     <span class='ocr_line' id='line_1_114' title="bbox 1270 2717 2211 2762; baseline 0.004 -11"><span class='ocrx_word' id='word_1_904' title='bbox 1270 2724 1346 2751; x_wconf 86' lang='lat' dir='ltr'>ratio</span> <span class='ocrx_word' id='word_1_905' title='bbox 1357 2717 1520 2752; x_wconf 64' lang='lat' dir='ltr'>diHavertt</span> <span class='ocrx_word' id='word_1_906' title='bbox 1531 2744 1540 2759; x_wconf 86' lang='lat'>‚</span> <span class='ocrx_word' id='word_1_907' title='bbox 1561 2718 1666 2760; x_wconf 86' lang='lat' dir='ltr'>facere</span> <span class='ocrx_word' id='word_1_908' title='bbox 1673 2728 1805 2761; x_wconf 86' lang='lat' dir='ltr'>paratus</span> <span class='ocrx_word' id='word_1_909' title='bbox 1822 2718 1904 2762; x_wconf 83' lang='lat' dir='ltr'>sum.</span> <span class='ocrx_word' id='word_1_910' title='bbox 1932 2722 2040 2754; x_wconf 63' lang='lat' dir='ltr'>Veram</span> <span class='ocrx_word' id='word_1_911' title='bbox 2058 2727 2137 2755; x_wconf 80' lang='lat' dir='ltr'>omni</span> <span class='ocrx_word' id='word_1_912' title='bbox 2147 2724 2211 2755; x_wconf 76' lang='lat' dir='ltr'>ani·</span> 
     </span>
     <span class='ocr_line' id='line_1_115' title="bbox 1271 2769 2210 2813; baseline 0.007 -13"><span class='ocrx_word' id='word_1_913' title='bbox 1271 2769 1413 2812; x_wconf 71' lang='lat' dir='ltr'>btgm‘tate</span> <span class='ocrx_word' id='word_1_914' title='bbox 1424 2778 1534 2801; x_wconf 82' lang='lat' dir='ltr'>remota</span> <span class='ocrx_word' id='word_1_915' title='bbox 1542 2777 1599 2810; x_wconf 85' lang='lat' dir='ltr'>pro</span> <span class='ocrx_word' id='word_1_916' title='bbox 1610 2780 1686 2803; x_wconf 88' lang='lat' dir='ltr'>certo</span> <span class='ocrx_word' id='word_1_917' title='bbox 1695 2779 1794 2803; x_wconf 84' lang='lat' dir='ltr'>teneat</span> <span class='ocrx_word' id='word_1_918' title='bbox 1805 2795 1815 2810; x_wconf 90' lang='lat'><strong>,</strong></span> <span class='ocrx_word' id='word_1_919' title='bbox 1840 2771 1922 2813; x_wconf 75' lang='lat' dir='ltr'>quod</span> <span class='ocrx_word' id='word_1_920' title='bbox 1930 2781 1981 2804; x_wconf 88' lang='lat' dir='ltr'>nec</span> <span class='ocrx_word' id='word_1_921' title='bbox 1991 2773 2011 2803; x_wconf 72' lang='grc' dir='ltr'><em>ἃ</em></span> <span class='ocrx_word' id='word_1_922' title='bbox 2022 2783 2067 2804; x_wconf 85' lang='lat' dir='ltr'>me</span> <span class='ocrx_word' id='word_1_923' title='bbox 2078 2796 2088 2811; x_wconf 90' lang='lat'>,</span> <span class='ocrx_word' id='word_1_924' title='bbox 2108 2770 2210 2806; x_wconf 66' lang='lat' dir='ltr'>necab</span> 
     </span>
     <span class='ocr_line' id='line_1_116' title="bbox 1271 2819 2211 2863; baseline 0.005 -12"><span class='ocrx_word' id='word_1_925' title='bbox 1271 2821 1366 2861; x_wconf 73' lang='lat' dir='ltr'>aliquo</span> <span class='ocrx_word' id='word_1_926' title='bbox 1375 2819 1552 2852; x_wconf 72' lang='lat' dir='ltr'>clericorum</span> <span class='ocrx_word' id='word_1_927' title='bbox 1559 2830 1683 2852; x_wconf 85' lang='lat' dir='ltr'>meorum</span> <span class='ocrx_word' id='word_1_928' title='bbox 1685 2822 1894 2859; x_wconf 84' lang='lat' dir='ltr'>juramentum</span> <span class='ocrx_word' id='word_1_929' title='bbox 1907 2822 2030 2863; x_wconf 73' lang='lat' dir='ltr'>aliquod</span> <span class='ocrx_word' id='word_1_930' title='bbox 2035 2827 2144 2862; x_wconf 67' lang='lat' dir='ltr'>poter-tt</span> <span class='ocrx_word' id='word_1_931' title='bbox 2155 2833 2211 2856; x_wconf 73' lang='lat' dir='ltr'>ex-</span> 
     </span>
     <span class='ocr_line' id='line_1_117' title="bbox 1271 2867 2212 2914; baseline 0.002 -13"><span class='ocrx_word' id='word_1_932' title='bbox 1271 2879 1402 2911; x_wconf 81' lang='lat' dir='ltr'>torquere</span> <span class='ocrx_word' id='word_1_933' title='bbox 1412 2893 1420 2901; x_wconf 90' lang='lat'><strong>.</strong></span> <span class='ocrx_word' id='word_1_934' title='bbox 1447 2871 1546 2901; x_wconf 82' lang='lat' dir='ltr'>Multa</span> <span class='ocrx_word' id='word_1_935' title='bbox 1552 2867 1644 2911; x_wconf 85' lang='lat' dir='ltr'>super</span> <span class='ocrx_word' id='word_1_936' title='bbox 1655 2870 1771 2901; x_wconf 82' lang='lat' dir='ltr'>modum</span> <span class='ocrx_word' id='word_1_937' title='bbox 1781 2880 1900 2903; x_wconf 82' lang='lat' dir='ltr'>extorta</span> <span class='ocrx_word' id='word_1_938' title='bbox 1907 2869 1978 2913; x_wconf 83' lang='lat' dir='ltr'>sunt</span> <span class='ocrx_word' id='word_1_939' title='bbox 1989 2895 1999 2911; x_wconf 92' lang='lat'>,</span> <span class='ocrx_word' id='word_1_940' title='bbox 2026 2873 2059 2905; x_wconf 68' lang='lat'>&amp;⁶</span> <span class='ocrx_word' id='word_1_941' title='bbox 2068 2874 2136 2912; x_wconf 84' lang='lat' dir='ltr'>jam</span> <span class='ocrx_word' id='word_1_942' title='bbox 2142 2880 2212 2914; x_wconf 84' lang='lat' dir='ltr'>per-</span> 
     </span>
     <span class='ocr_line' id='line_1_118' title="bbox 1265 2920 2212 2960; baseline 0.003 -8"><span class='ocrx_word' id='word_1_943' title='bbox 1265 2922 1343 2960; x_wconf 74' lang='lat' dir='ltr'>jum</span> <span class='ocrx_word' id='word_1_944' title='bbox 1352 2920 1386 2952; x_wconf 60' lang='grc' dir='ltr'><strong>ὠ</strong></span> <span class='ocrx_word' id='word_1_945' title='bbox 1397 2924 1640 2951; x_wconf 76' lang='lat' dir='ltr'>excommunicati</span> <span class='ocrx_word' id='word_1_946' title='bbox 1650 2924 1790 2952; x_wconf 80' lang='lat' dir='ltr'>nimtrum</span> <span class='ocrx_word' id='word_1_947' title='bbox 1803 2921 1946 2953; x_wconf 78' lang='lat' dir='ltr'>videntur</span> <span class='ocrx_word' id='word_1_948' title='bbox 1966 2924 2103 2954; x_wconf 81' lang='lat' dir='ltr'>excedere</span> <span class='ocrx_word' id='word_1_949' title='bbox 2116 2947 2123 2953; x_wconf 91' lang='lat'><strong>.</strong></span> <span class='ocrx_word' id='word_1_950' title='bbox 2149 2923 2212 2955; x_wconf 75' lang='lat' dir='ltr'>Sed</span> 
     </span>
     <span class='ocr_line' id='line_1_119' title="bbox 1267 2968 2210 3012; baseline 0.002 -11"><span class='ocrx_word' id='word_1_951' title='bbox 1267 2972 1336 3010; x_wconf 86' lang='lat' dir='ltr'>jam</span> <span class='ocrx_word' id='word_1_952' title='bbox 1345 2968 1488 3010; x_wconf 68' lang='lat' dir='ltr'>plurimos</span> <span class='ocrx_word' id='word_1_953' title='bbox 1500 2992 1510 3008; x_wconf 93' lang='lat'>,</span> <span class='ocrx_word' id='word_1_954' title='bbox 1534 2971 1611 3002; x_wconf 85' lang='lat' dir='ltr'>Deos</span> <span class='ocrx_word' id='word_1_955' title='bbox 1630 2975 1751 3012; x_wconf 84' lang='lat' dir='ltr'>gratias</span> <span class='ocrx_word' id='word_1_956' title='bbox 1763 2994 1772 3008; x_wconf 90' lang='lat'>‚</span> <span class='ocrx_word' id='word_1_957' title='bbox 1801 2972 1895 3002; x_wconf 68' lang='lat' dir='ltr'>tama</span> <span class='ocrx_word' id='word_1_958' title='bbox 1918 2971 2040 3004; x_wconf 75' lang='lat' dir='ltr'>crimine</span> <span class='ocrx_word' id='word_1_959' title='bbox 2057 2975 2210 3012; x_wconf 73' lang='lat' dir='ltr'>perjurii,</span> 
     </span>
     <span class='ocr_line' id='line_1_120' title="bbox 1274 3018 2210 3064; baseline 0.002 -12"><span class='ocrx_word' id='word_1_960' title='bbox 1274 3021 1362 3062; x_wconf 81' lang='lat' dir='ltr'>qucim</span> <span class='ocrx_word' id='word_1_961' title='bbox 1369 3018 1571 3051; x_wconf 79' lang='lat' dir='ltr'>anathematis</span> <span class='ocrx_word' id='word_1_962' title='bbox 1583 3020 1697 3051; x_wconf 83' lang='lat' dir='ltr'>vinculo</span> <span class='ocrx_word' id='word_1_963' title='bbox 1708 3019 1856 3062; x_wconf 83' lang='lat' dir='ltr'>colligatos</span> <span class='ocrx_word' id='word_1_964' title='bbox 1876 3018 1992 3062; x_wconf 78' lang='lat' dir='ltr'>absolvi</span> <span class='ocrx_word' id='word_1_965' title='bbox 2004 3045 2014 3060; x_wconf 91' lang='lat'>,</span> <span class='ocrx_word' id='word_1_966' title='bbox 2040 3023 2174 3064; x_wconf 82' lang='lat' dir='ltr'>reliquos</span> <span class='ocrx_word' id='word_1_967' title='bbox 2198 3046 2210 3062; x_wconf 91' lang='lat'>,</span> 
     </span>
     <span class='ocr_line' id='line_1_121' title="bbox 1274 3069 2210 3112; baseline -0.001 -9"><span class='ocrx_word' id='word_1_968' title='bbox 1274 3071 1337 3103; x_wconf 71' lang='lat' dir='ltr'>cam</span> <span class='ocrx_word' id='word_1_969' title='bbox 1350 3072 1493 3101; x_wconf 75' lang='lat' dir='ltr'>Dominus</span> <span class='ocrx_word' id='word_1_970' title='bbox 1506 3074 1643 3101; x_wconf 76' lang='lat' dir='ltr'>annuerit</span> <span class='ocrx_word' id='word_1_971' title='bbox 1653 3092 1663 3107; x_wconf 91' lang='lat'><strong>,</strong></span> <span class='ocrx_word' id='word_1_972' title='bbox 1689 3069 1728 3100; x_wconf 86' lang='lat' dir='ltr'>ab</span> <span class='ocrx_word' id='word_1_973' title='bbox 1747 3070 1858 3101; x_wconf 77' lang='lat' dir='ltr'>eisdem</span> <span class='ocrx_word' id='word_1_974' title='bbox 1881 3072 2019 3110; x_wconf 79' lang='lat' dir='ltr'>periculis</span> <span class='ocrx_word' id='word_1_975' title='bbox 2041 3071 2181 3112; x_wconf 57' lang='lat' dir='ltr'>ejeffutus</span> <span class='ocrx_word' id='word_1_976' title='bbox 2200 3094 2210 3102; x_wconf 82' lang='grc'><strong>.</strong></span> 
     </span>
     <span class='ocr_line' id='line_1_122' title="bbox 1278 3118 2212 3163; baseline 0 -10"><span class='ocrx_word' id='word_1_977' title='bbox 1278 3118 1480 3163; x_wconf 87' lang='lat' dir='ltr'>Reginaldus</span> <span class='ocrx_word' id='word_1_978' title='bbox 1493 3118 1602 3161; x_wconf 89' lang='lat' dir='ltr'>inquit</span> <span class='ocrx_word' id='word_1_979' title='bbox 1614 3130 1621 3149; x_wconf 88' lang='lat'>:</span> <span class='ocrx_word' id='word_1_980' title='bbox 1648 3120 1844 3162; x_wconf 74' lang='lat' dir='ltr'>Intelltgtmus</span> <span class='ocrx_word' id='word_1_981' title='bbox 1855 3121 1936 3161; x_wconf 73' lang='lat' dir='ltr'>quod</span> <span class='ocrx_word' id='word_1_982' title='bbox 1945 3120 2021 3152; x_wconf 77' lang='lat' dir='ltr'>nibil</span> <span class='ocrx_word' id='word_1_983' title='bbox 2029 3130 2135 3159; x_wconf 81' lang='lat' dir='ltr'>eorum,</span> <span class='ocrx_word' id='word_1_984' title='bbox 2144 3131 2212 3163; x_wconf 83' lang='lat' dir='ltr'>quae</span> 
     </span>
     <span class='ocr_line' id='line_1_123' title="bbox 1277 3166 2211 3211; baseline 0 -9"><span class='ocrx_word' id='word_1_985' title='bbox 1277 3172 1331 3202; x_wconf 78' lang='lat' dir='ltr'>tibi·</span> <span class='ocrx_word' id='word_1_986' title='bbox 1338 3167 1540 3210; x_wconf 63' lang='lat' dir='ltr'>proposuimus</span> <span class='ocrx_word' id='word_1_987' title='bbox 1552 3190 1562 3206; x_wconf 89' lang='lat'>,</span> <span class='ocrx_word' id='word_1_988' title='bbox 1580 3166 1721 3209; x_wconf 74' lang='lat' dir='ltr'>fac‘lurus</span> <span class='ocrx_word' id='word_1_989' title='bbox 1738 3168 1778 3209; x_wconf 83' lang='lat' dir='ltr'>fis</span> <span class='ocrx_word' id='word_1_990' title='bbox 1792 3194 1798 3200; x_wconf 93' lang='lat'>.</span> <span class='ocrx_word' id='word_1_991' title='bbox 1828 3171 1979 3204; x_wconf 64' lang='lat' dir='ltr'>Praeteresi</span> <span class='ocrx_word' id='word_1_992' title='bbox 1999 3175 2141 3211; x_wconf 66' lang='lat' dir='ltr'>praecepit</span> <span class='ocrx_word' id='word_1_993' title='bbox 2152 3172 2211 3202; x_wconf 83' lang='lat' dir='ltr'>Do-</span> 
     </span>
     <span class='ocr_line' id='line_1_124' title="bbox 1277 3215 2215 3262; baseline 0.003 -11"><span class='ocrx_word' id='word_1_994' title='bbox 1277 3226 1373 3260; x_wconf 65' lang='lat' dir='ltr'>minus</span> <span class='ocrx_word' id='word_1_995' title='bbox 1387 3222 1454 3251; x_wconf 81' lang='lat' dir='ltr'>Rex</span> <span class='ocrx_word' id='word_1_996' title='bbox 1471 3241 1480 3256; x_wconf 90' lang='lat'><strong>,</strong></span> <span class='ocrx_word' id='word_1_997' title='bbox 1490 3227 1525 3249; x_wconf 81' lang='lat' dir='ltr'>ut</span> <span class='ocrx_word' id='word_1_998' title='bbox 1537 3215 1694 3259; x_wconf 81' lang='lat' dir='ltr'>Eptscopos</span> <span class='ocrx_word' id='word_1_999' title='bbox 1700 3216 1772 3260; x_wconf 83' lang='lat' dir='ltr'>suos</span> <span class='ocrx_word' id='word_1_1000' title='bbox 1780 3220 1800 3250; x_wconf 61' lang='lat' dir='ltr'>a*</span> <span class='ocrx_word' id='word_1_1001' title='bbox 1810 3228 1838 3251; x_wconf 86' lang='lat' dir='ltr'>te</span> <span class='ocrx_word' id='word_1_1002' title='bbox 1853 3218 1962 3262; x_wconf 82' lang='lat' dir='ltr'>ahsque</span> <span class='ocrx_word' id='word_1_1003' title='bbox 1971 3222 2089 3252; x_wconf 75' lang='lat' dir='ltr'>licentia</span> <span class='ocrx_word' id='word_1_1004' title='bbox 2094 3217 2153 3261; x_wconf 84' lang='lat' dir='ltr'>sua</span> <span class='ocrx_word' id='word_1_1005' title='bbox 2162 3220 2215 3254; x_wconf 80' lang='lat' dir='ltr'>vel</span> 
     </span>
     <span class='ocr_line' id='line_1_125' title="bbox 1279 3266 2214 3312; baseline -0.001 -9"><span class='ocrx_word' id='word_1_1006' title='bbox 1279 3273 1534 3303; x_wconf 76' lang='lat' dir='ltr'>excommunicatos</span> <span class='ocrx_word' id='word_1_1007' title='bbox 1545 3269 1597 3300; x_wconf 83' lang='lat' dir='ltr'>vel</span> <span class='ocrx_word' id='word_1_1008' title='bbox 1601 3266 1753 3310; x_wconf 74' lang='lat' dir='ltr'>fiespensos</span> <span class='ocrx_word' id='word_1_1009' title='bbox 1764 3278 1828 3301; x_wconf 85' lang='lat' dir='ltr'>tam</span> <span class='ocrx_word' id='word_1_1010' title='bbox 1843 3271 1864 3301; x_wconf 65' lang='lat' dir='ltr'>a*</span> <span class='ocrx_word' id='word_1_1011' title='bbox 1873 3271 2075 3302; x_wconf 71' lang='lat' dir='ltr'>damnationis</span> <span class='ocrx_word' id='word_1_1012' title='bbox 2085 3294 2094 3309; x_wconf 79' lang='lat'>‚</span> <span class='ocrx_word' id='word_1_1013' title='bbox 2121 3269 2214 3312; x_wconf 63' lang='lat' dir='ltr'>qutim</span> 
     </span>
     <span class='ocr_line' id='line_1_126' title="bbox 1279 3315 2214 3363; baseline -0.001 -11"><span class='ocrx_word' id='word_1_1014' title='bbox 1279 3317 1413 3360; x_wconf 65' lang='lat' dir='ltr'>afilentti</span> <span class='ocrx_word' id='word_1_1015' title='bbox 1423 3315 1717 3360; x_wconf 70' lang='lat' dir='ltr'>abftlvaessententia</span> <span class='ocrx_word' id='word_1_1016' title='bbox 1729 3342 1738 3356; x_wconf 92' lang='lat'><em>‚</em></span> <span class='ocrx_word' id='word_1_1017' title='bbox 1764 3327 1827 3350; x_wconf 85' lang='lat' dir='ltr'>tam</span> <span class='ocrx_word' id='word_1_1018' title='bbox 1834 3318 1925 3361; x_wconf 82' lang='lat' dir='ltr'>super</span> <span class='ocrx_word' id='word_1_1019' title='bbox 1932 3318 1983 3351; x_wconf 84' lang='lat' dir='ltr'>his</span> <span class='ocrx_word' id='word_1_1020' title='bbox 1999 3343 2009 3359; x_wconf 88' lang='lat'><strong>,</strong></span> <span class='ocrx_word' id='word_1_1021' title='bbox 2023 3317 2214 3363; x_wconf 71' lang='lat' dir='ltr'>quamsupet·</span> 
     </span>
     <span class='ocr_line' id='line_1_127' title="bbox 1279 3366 2005 3410; baseline -0.001 -8"><span class='ocrx_word' id='word_1_1022' title='bbox 1279 3371 1348 3403; x_wconf 75' lang='lat' dir='ltr'>altis</span> <span class='ocrx_word' id='word_1_1023' title='bbox 1358 3378 1424 3410; x_wconf 87' lang='lat' dir='ltr'>quae</span> <span class='ocrx_word' id='word_1_1024' title='bbox 1431 3366 1488 3401; x_wconf 73' lang='lat' dir='ltr'>tibi</span> <span class='ocrx_word' id='word_1_1025' title='bbox 1498 3366 1578 3399; x_wconf 87' lang='lat' dir='ltr'>volet</span> <span class='ocrx_word' id='word_1_1026' title='bbox 1590 3366 1711 3406; x_wconf 74' lang='lat' dir='ltr'>obiicere</span> <span class='ocrx_word' id='word_1_1027' title='bbox 1720 3391 1729 3406; x_wconf 95' lang='lat'>‚</span> <span class='ocrx_word' id='word_1_1028' title='bbox 1751 3370 1818 3408; x_wconf 85' lang='lat' dir='ltr'>juri</span> <span class='ocrx_word' id='word_1_1029' title='bbox 1827 3376 1983 3409; x_wconf 67' lang='lat' dir='ltr'>pariturus</span> <span class='ocrx_word' id='word_1_1030' title='bbox 1997 3393 2005 3401; x_wconf 87' lang='lat'><strong>.</strong></span> 
     </span>
    </p>

    <p class='ocr_par' dir='ltr' id='par_1_16' title="bbox 1280 3415 2217 3512">
     <span class='ocr_line' id='line_1_128' title="bbox 1331 3415 2217 3462; baseline -0.001 -11"><span class='ocrx_word' id='word_1_1031' title='bbox 1331 3418 1397 3451; x_wconf 86' lang='lat' dir='ltr'>ET</span> <span class='ocrx_word' id='word_1_1032' title='bbox 1419 3415 1715 3460; x_wconf 84' lang='lat' dir='ltr'>Archi-Episcopus</span> <span class='ocrx_word' id='word_1_1033' title='bbox 1731 3431 1746 3450; x_wconf 83' lang='grc'>..-</span> <span class='ocrx_word' id='word_1_1034' title='bbox 1775 3417 1934 3461; x_wconf 74' lang='lat' dir='ltr'>Epifhopos</span> <span class='ocrx_word' id='word_1_1035' title='bbox 1955 3420 2074 3462; x_wconf 74' lang='lat' dir='ltr'>quidem</span> <span class='ocrx_word' id='word_1_1036' title='bbox 2087 3428 2217 3451; x_wconf 82' lang='lat' dir='ltr'>necana-</span> 
     </span>
     <span class='ocr_line' id='line_1_129' title="bbox 1280 3465 2216 3512; baseline -0.002 -9"><span class='ocrx_word' id='word_1_1037' title='bbox 1280 3469 1483 3504; x_wconf 70' lang='lat' dir='ltr'>thema-tizam</span> <span class='ocrx_word' id='word_1_1038' title='bbox 1496 3490 1507 3508; x_wconf 90' lang='lat'>,</span> <span class='ocrx_word' id='word_1_1039' title='bbox 1529 3465 1587 3509; x_wconf 76' lang='lat' dir='ltr'>sed</span> <span class='ocrx_word' id='word_1_1040' title='bbox 1597 3470 1739 3501; x_wconf 81' lang='lat' dir='ltr'>Dominus</span> <span class='ocrx_word' id='word_1_1041' title='bbox 1750 3468 1839 3508; x_wconf 80' lang='lat' dir='ltr'>noster</span> <span class='ocrx_word' id='word_1_1042' title='bbox 1855 3470 1965 3512; x_wconf 81' lang='lat' dir='ltr'>Papa,</span> <span class='ocrx_word' id='word_1_1043' title='bbox 1987 3467 2216 3512; x_wconf 60' lang='lat' dir='ltr'>cutdggnoscitur</span> 
     </span>
    </p>
   </div>
   <div class='ocr_carea' id='block_1_10' title="bbox 2101 3519 2183 3561">
    <p class='ocr_par' dir='ltr' id='par_1_17' title="bbox 2101 3519 2183 3561">
     <span class='ocr_line' id='line_1_130' title="bbox 2101 3519 2183 3561; baseline 0 -28"><span class='ocrx_word' id='word_1_1044' title='bbox 2101 3519 2183 3561; x_wconf 50' lang='lat' dir='ltr'><em>ff</em></span> 
     </span>
    </p>
   </div>
  </div>
 </body>
</html>
