2358 3776
513 112 554 158 S·
605 108 905 158 THOMAE
952 105 1351 158 CANTUAR.
1403 106 1540 154 LIB.
1578 113 1682 158 III.

1898 130 1995 171 269

126 193 174 245 ᾖε
186 202 260 237 We!
267 200 378 237 cestria
390 226 401 242 ,
428 199 633 236 Pistavienfis
648 198 750 234 Archi
761 218 770 225 -
783 196 955 232 Diaconus
969 216 980 233 ‚
1006 194 1065 228 Ni·
1123 191 1290 229 Christum
1303 191 1337 224 in
1347 191 1498 226 membris
1508 193 1574 227 fere
1584 197 1732 237 quotidie
1754 200 1848 237 video
1873 205 2022 250 crucifigi
2050 207 2065 246 ,'

124 248 230 300 'gellus
245 251 286 286 de
298 253 393 287 Sacc·
406 251 519 299 -Villa
535 277 546 293 ,
573 249 757 285 Richardus
778 247 818 292 de
841 245 1026 291 *Hastinges
1053 269 1065 286 ,

126 304 240 346 Nepos
260 300 417 337 Richardi
440 302 481 336 de
516 301 693 345 Hastinges
726 324 736 340 ,
772 296 930 332 Letardus
953 294 1065 337 Nepos

122 351 315 387 Theobaldi
342 351 655 395 Archi-Episcopi,
683 348 851 391 Robertus
877 346 918 390 de
944 344 1028 378 Broc
1055 369 1065 386 ,

126 402 291 437 Robertus
302 398 585 437 frater-*Wilhelmi
604 402 644 434 de
679 397 873 436 Eineforde,
902 394 1067 428 Robertus

123 451 277 486 Vicarius
298 451 458 487 Gaufredi
487 450 611 485 Archi·
625 448 768 483 Diaconi
790 445 1031 481 Cantuarienfis
1057 468 1068 483 ,

124 500 181 536 ille
191 503 250 545 qui
264 512 353 540 tenet
365 502 542 546 Ecclesiam
563 501 603 534 de
616 497 721 538 Chere
731 523 740 538 ‚
770 496 825 531 ille
838 496 893 536 qui
907 505 994 529 tenet
1007 494 1066 528 Ec-

123 550 250 586 clefiam
261 551 301 585 de
313 543 634 598 Here'‚jkichardus
658 549 699 582 de
721 546 819 592 Luci,
845 545 950 589 Hugo
972 543 1012 578 de
1035 546 1064 578 s.

124 598 250 643 Claro,
275 600 428 643 Thomas
452 599 539 635 filius
572 599 724 634 Bernardi
746 621 757 637 ,
785 594 1003 638 Randulphus
1024 594 1066 628 de

122 648 211 686 Broc
221 677 231 692 ,
259 645 458 697 Wilhelmus
469 650 510 686 de
523 649 742 697 Effert-forde!
758 645 921 692 Robertus
933 645 1067 679 Pincer-

122 710 169 734 na
181 698 372 737 Theobaldi
387 699 512 736 Archi·
525 700 695 744 Episcopi,
724 695 851 730 Alanus
862 695 902 730 de
927 695 1065 730 Reclin-

125 750 200 794 gis,
227 751 436 797 VVilhelmus
447 749 488 785 de
500 750 628 790 Becco,
654 748 708 782 ille
720 747 776 791 qui
789 756 877 780 tenet
891 756 1005 780 terram
1023 745 1064 779 de

122 798 335 835 Mundeham'
359 825 370 840 ‚
396 800 437 836 de
457 800 608 839 Manerio
629 822 639 838 ,
666 797 707 832 de
728 795 895 841 Pagaham
916 821 926 836 ,
968 806 1065 840 quam

123 848 344 886 Rexabstulit
358 849 504 899 Ecclesiae
516 847 739 883 Cantuarienfi
765 857 893 890 propter
907 847 1065 890 Ioannem

121 892 398 938 Mareschallum,
423 892 447 931 si
463 895 638 938 ’est''alius‚
665 897 722 942 qui
742 907 851 931 teneat
875 908 947 930 eam
971 895 1066 940 quam

121 946 222 985 Rex.
250 948 309 982 llle
329 949 384 992 qui
399 958 490 984 tenet
501 958 619 983 terram
629 946 670 982 de
683 948 785 988 Lese,
811 947 853 981 de
874 946 1030 980 Manerio
1055 969 1066 986 ,

121 995 165 1042 de
177 993 366 1037 Ortofordis
376 1024 387 1039 ,
411 996 453 1032 de
467 998 638 1033 Emisdord
650 1023 660 1039 ‚
688 1007 785 1041 quam
798 997 905 1032 tenuit
928 997 1068 1040 Joannes

120 1047 234 1086 Frater
258 1047 457 1088 Wilhelmi,
486 1044 508 1081 si
533 1048 578 1083 est
599 1049 682 1083 alius
698 1048 754 1091 qui
768 1056 856 1081 tenet
866 1056 938 1081 eam
960 1057 1068 1090 praeter

121 1096 254 1146 Regem
266 1122 273 1130 .
302 1099 441 1142 loannes
453 1097 576 1150 Cutqin
586 1122 598 1139 ,
624 1098 739 1133 Guido
752 1096 870 1132 Ruffus
882 1121 893 1137 ,
907 1096 963 1139 qui
976 1107 1067 1130 tene-

121 1155 198 1192 tur,
220 1147 304 1198 ssicut
325 1142 647 1193 caeterisupra‘diffl,
673 1148 834 1193 quidquid
858 1146 994 1191 percepit
1029 1145 1070 1178 de

122 1194 305 1239 redditibus
316 1196 528 1245 'thesaurarii
540 1198 747 1233 Lexoviensis
767 1197 822 1241 ipsi
848 1194 1070 1230 cantuariensi

125 1240 314 1289 restituere.
340 1246 556 1293 lpsi'sunt'qui
570 1258 679 1282 tenent
690 1246 896 1289 possessiones
916 1244 1068 1278 Ecclesia-

123 1294 263 1331 stica's&
286 1295 384 1331 laicas
407 1284 554 1342 Ecclesiae
576 1294 841 1339 Cantuarienfis,
869 1294 902 1326 δε
928 1292 1068 1325 Domini

126 1344 370 1389 Cantuariensis
381 1342 477 1386 ‚quas
489 1343 557 1379 vult
569 1343 693 1386 &petit
704 1353 781 1377 cum
794 1342 887 1376 omni
900 1341 1067 1386 integrita-

121 1402 158 1440 te
170 1388 228 1428 fibi
241 1392 283 1426 ’ἀ
307 1393 370 1428 suis
394 1389 536 1437 restitui.
566 1392 598 1426 A
612 1391 839 1430 Londonienfi
854 1391 928 1425 vero
941 1416 953 1432 ,
979 1390 1070 1435 quid-

120 1441 203 1492 quid
215 1444 355 1487 percepit
366 1443 406 1477 de
420 1442 601 1478 redditibus
618 1442 825 1477 Clericorum
835 1442 967 1475 suorum
978 1465 989 1480 ,
1019 1452 1069 1484 pe-

122 1491 236 1526 titfibi
249 1491 391 1526 restitui.
420 1492 610 1537 Si-quiverd
622 1493 695 1527 sunt
708 1491 783 1530 alii,
809 1491 866 1535 qui
894 1491 1071 1534 receperint

125 1542 333 1587 mffeffiones
345 1542 582 1584 Ecclefiasticas
590 1543 650 1576 sive
664 1537 760 1576 laicas¹
770 1541 810 1578 de
822 1552 920 1575 manu
935 1540 1033 1584 Regis
1059 1565 1071 1580 ,

119 1590 178 1635 vel
191 1590 234 1627 de
245 1592 343 1636 ipsius
364 1592 568 1636 concessione
583 1617 594 1633 ‚
618 1592 816 1635 pertinentes
837 1590 878 1625 ad
897 1590 1071 1624 Ecclesiam

125 1640 422 1682 cantuariensem,
448 1639 728 1684 exeommunicati
752 1643 850 1682 sunt,
876 1640 981 1674 donec
1002 1640 1072 1673 illas

122 1689 252 1730 casdem
261 1691 467 1736 possessiones
475 1691 624 1732 ‚Ecclefiae
636 1691 858 1726 Cantuariensi
871 1691 905 1725 ἀ
919 1691 1072 1724 Domino

124 1741 354 1780 Cantuariensi
374 1738 483 1781 ,Archi
497 1760 507 1767 -
519 1739 680 1784 Episcopo
693 1739 861 1777 restituant
873 1764 884 1779 ,
911 1741 944 1773 δε
958 1739 1072 1772 omnia

122 1782 205 1837 iude
215 1800 363 1835 percepta
375 1813 383 1821 .
409 1786 566 1828 'Praeterea
578 1785 886 1823 excommunicatus
895 1789 938 1820 est
961 1786 1001 1819 ab
1020 1785 1074 1820 e'o-

122 1834 202 1874 dem
225 1837 326 1874 Archi
342 1838 526 1882 -Episcopo
539 1838 728 1879 Wimarus,
753 1837 809 1884 qui
833 1838 893 1871 fuit
923 1836 1072 1870 Clericus

124 1888 270 1924 OEmitis
281 1889 438 1934 Hugonis
446 1913 459 1930 ,
474 1888 582 1923 Adam
595 1888 634 1922 de
645 1886 822 1933 Cheringis
833 1912 844 1928 ,
871 1885 1071 1934 Wilhelmus

125 1938 255 1974 Giffard
268 1964 276 1972 .

289 2036 317 2071 E
346 2037 372 2072 Ρ
398 2038 415 2071 Ι
439 2038 461 2072 S
485 2033 524 2072 T
549 2039 582 2072 O
608 2038 637 2073 L
665 2038 696 2072 A
797 2035 908 2071 LIV.

229 2132 420 2173 Alexandro
448 2138 540 2182 Papae
565 2136 717 2172 Thomas
741 2134 982 2172 Cantuariensis

429 2187 533 2222 Archi
545 2207 555 2213 -
571 2188 767 2232 Episcopus.

130 2285 309 2328 Sanfflffimo
323 2291 450 2320 Domino
477 2288 511 2321 (θ’
538 2289 628 2320 Pam
664 2286 833 2327 Cbarlffimo
855 2311 865 2326 ,
901 2284 1073 2319 alexandro

181 2340 239 2369 Dei
261 2343 368 2381 gratia
393 2335 505 2380 ficmmo
532 2337 667 2380 Pontifici
681 2362 693 2378 ,
718 2337 847 2369 Thomas
870 2339 1072 2369 Camuarien-

176 2386 220 2429 fir
249 2386 385 2428 Ecclefiae
411 2386 542 2427 minister
567 2386 709 2427 humilis,
731 2385 880 2429 salutem,
908 2385 942 2418 <5
959 2395 1073 2417 omnem

186 2447 249 2470 cum
275 2437 431 2470 devotione
458 2435 671 2471 obedientiam.

224 2535 259 2570 D
288 2534 383 2578 pedes
411 2535 590 2578 Maiestatis
614 2536 722 2569 vestrae
743 2535 941 2579 confugiunt
965 2533 1091 2581 miseri,

251 2584 372 2624 nostri,
399 2586 454 2628 qui
468 2595 548 2618 nutu
568 2585 697 2619 Divino
710 2585 858 2620 reservati
868 2587 929 2619 effe
940 2584 1073 2617 credun—

130 2645 205 2675 tur,
231 2645 266 2669 ut
291 2635 424 2669 fratrum
443 2635 572 2668 suorum
604 2633 775 2668 crudeliter
804 2636 1072 2677 interemptorum

131 2685 258 2718 cladem
271 2685 437 2729 deplorare
451 2685 599 2724 valeant,
627 2682 734 2725 &jam
747 2682 813 2717 fere
834 2683 995 2726 pereuntis
1016 2684 1074 2716 Ec-

133 2735 236 2769 clefiae
249 2735 387 2770 miserias
396 2745 561 2778 exponant
573 2733 606 2767 in
620 2733 748 2767 auribus
761 2733 888 2766 vestris.
901 2735 971 2777 Jam
984 2732 1072 2765 enim

133 2796 222 2821 rarus
242 2785 286 2818 est
298 2809 308 2825 ,
336 2786 392 2830 qui
402 2786 499 2819 etiam
511 2795 587 2818 cum
597 2794 715 2828 magna
727 2782 916 2816 difficultate
929 2783 1010 2816 inter
1023 2792 1072 2816 tot

135 2835 454 2878 pericula&m0rtes
478 2835 593 2869 audeat
618 2834 765 2877 prosequi
790 2832 987 2867 neceffitates
1011 2844 1072 2865 no-

137 2883 235 2924 stras,
261 2895 335 2919 curn
349 2885 626 2923 aliiincarcerati,
652 2882 830 2926 aliicapti,
856 2882 911 2917 alii
934 2882 1073 2927 flagella-

138 2933 194 2973 ti,
220 2934 274 2966 alii
297 2936 415 2969 mortui
437 2934 551 2968 diebus
573 2934 636 2968 fere
647 2932 778 2977 singulis
802 2932 989 2967 audiantur.
1031 2932 1071 2965 Et

138 2983 213 3017 Rex
227 2983 411 3028 Anglorum
425 3010 435 3026 ,
461 2986 516 3029 qui
528 2994 694 3018 tantorum
708 2984 867 3016 malorum
879 2983 985 3017 caussa
1010 2983 1089 3023 effe.

138 3033 343 3076 dignoscitur
364 3059 374 3074 ,
412 3046 479 3068 non
501 3033 602 3068 modo
624 3035 766 3077 impunis
790 3043 952 3067 remaneat
972 3057 983 3073 ,
1019 3031 1070 3065 sed

137 3083 280 3128 gaudeat
294 3083 525 3118 inconfusione
549 3083 694 3118 Ecclefiae
712 3108 722 3123 ‚
752 3084 785 3117 ὅ(
806 3084 838 3116 in
863 3082 1012 3127 periculis
1034 3082 1071 3114 ri-

138 3132 213 3167 deat
234 3132 370 3166 alienis.
400 3132 487 3167 Cum
507 3134 587 3174 diu,
614 3134 634 3166 si
659 3133 777 3177 Spiritu
799 3133 864 3166 Dei
886 3143 1032 3178 ageretur
1058 3155 1069 3171 ‚

139 3183 356 3218 mansuetudo
369 3183 491 3222 vestra,
517 3183 551 3216 in
573 3183 674 3217 multa
697 3185 852 3226 patientia
874 3183 1034 3216 sustinens
1061 3207 1070 3222 ,

139 3231 293 3266 debuerat
306 3232 344 3266 ad
357 3233 581 3276 poenitentiam
596 3234 777 3276 provocasse
789 3259 796 3265 .
823 3233 882 3267 Sed
894 3233 949 3267 ille
960 3257 971 3273 ,
992 3232 1071 3266 dum

140 3291 272 3326 peccata
286 3283 422 3324 peccatis
433 3283 465 3316 ὃς
486 3283 613 3316 minora
628 3282 800 3326 majoribus
812 3283 955 3317 cumulat
966 3306 977 3322 ‚
1013 3280 1070 3315 sibi

142 3331 271 3365 videtur
281 3331 492 3366 thesaurizare
504 3334 582 3366 iram
594 3355 605 3371 ,
628 3333 661 3366 δι
682 3343 829 3368 temerata
839 3331 1070 3378 provocatione

142 3381 318 3417 vindictam
333 3407 340 3414 .
367 3381 463 3416 Toto
473 3382 745 3426 quinquennioin
766 3383 938 3418 Ecclesiam
961 3381 1070 3416 debac-

141 3430 276 3467 chatum
289 3430 334 3464 est
347 3455 358 3471 ‚
384 3432 417 3465 ἀ
427 3442 489 3476 ego
501 3457 511 3471 ‚
536 3431 624 3474 quod
636 3431 698 3464 fine
707 3433 823 3470 timore
836 3445 905 3470 non
916 3434 1050 3478 eloquor
1060 3458 1071 3474 ‚

239 3480 350 3522 cbrtst.
363 3485 440 3525 Lupi
457 3486 556 3525 opera
574 3485 652 3516 rom.
677 3484 718 3518 X.

1124 241 1320 288 prophanari
1333 243 1447 276 Sancta
1460 267 1471 283 ,
1499 244 1627 277 lacerari
1640 246 1864 287 &conculcari
1881 255 2060 290 Ecclefiam

1123 294 1177 328 cui
1193 292 1327 326 custosa
1344 293 1495 327 Domino
1510 294 1632 327 fueram
1646 293 1834 341 deputatus,
1856 305 1889 338 &
1915 306 2063 340 nondum

1123 354 1198 383 cum
1210 342 1308 376 Petro
1321 343 1443 376 exserui
1454 341 1600 388 gladium
1615 345 1701 379 verbi
1717 346 1801 386 Dei,
1827 361 1859 383 ut
1872 353 1997 389 Malchi
2011 357 2064 389 sae.

1125 392 1242 427 vientis
1253 393 1431 427 auriculam
1451 404 1671 436 amputarem.
1700 396 1841 443 Qioties
1865 399 1936 443 lego
1958 407 2063 439 zelum

1125 442 1305 482 Ρὶλίηεες,Χ
1325 443 1454 483 Heliae,
1495 442 1665 477 Marathiae
1686 469 1697 485 ,
1733 446 1941 491 filiorumque
1961 454 2026 493 ejus
2054 479 2065 495 ‚

1125 494 1253 537 quoties
1264 493 1367 527 menti
1379 504 1457 527 meae
1469 493 1577 527 fervor
1590 493 1802 537 Apostolicus
1813 497 1955 531 occurrit
1966 523 1977 539 ,
1989 511 2068 541 quo-

1125 544 1184 578 ties
1194 545 1385 578 Sant‘iorurn
1404 542 1557 584 patrum,
1583 545 1686 587 quise
1710 545 1908 590 principibus
1928 548 1962 581 ἃ.
1984 560 2070 592 pote-

1125 592 1258 627 statibus
1279 605 1408 628 murum
1431 594 1652 637 opposuerunt
1675 607 1732 638 pro
1754 597 1868 631 Domo
1887 598 2030 633 Domini
2057 624 2069 640 ‚

1125 644 1213 688 gesta
1227 643 1360 678 revolvo
1382 667 1393 684 ‚
1419 643 1709 689 totiesingemisco
1721 646 1900 689 periculum
1921 660 2031 683 meum
2059 672 2071 688 ,

1126 695 1307 728 &miserim
1329 694 1467 734 animae,
1495 694 1611 729 animae
1634 695 1754 729 scilicet
1777 707 1877 736 meae,
1905 696 2009 733 timeo
2025 698 2072 741 ju.

1127 744 1205 777 stam
1216 756 1256 777 ex
1267 742 1521 778 diffimulatione
1546 743 1717 789 injusta?&
1741 745 1885 781 indebita
1911 748 2071 790 patientia

1127 792 1459 828 condemnationem.
1489 794 1576 828 Cum
1600 789 1688 829 enim
1700 795 1856 830 facientes
1876 797 2071 832 &consen-

1127 845 1246 879 tientes
1256 855 1485 886 comparentur
1498 845 1532 878 in
1542 845 1679 880 crimine
1692 869 1703 885 ,
1729 846 1763 880 δι
1777 847 1831 889 qui
1846 848 2000 889 potestate
2012 848 2074 882 Di-

1129 893 1249 929 vinitus
1260 904 1390 937 accepta
1402 905 1469 927 non
1481 895 1615 940 corrigit
1637 907 1708 939 quae
1729 907 1796 930 non
1819 896 1955 941 ambigit
1974 900 2075 932 corri-

1129 942 1236 989 genda
1248 969 1260 985 ,
1287 944 1524 978 consentientis
1536 946 1629 979 cadat
1645 947 1678 980 in
1691 945 1818 989 culpam
1831 970 1842 987 ‚
1870 948 2076 982 tremendum

1131 993 1210 1028 mihi
1223 993 1319 1027 video
1332 994 1503 1028 imminere
1514 994 1689 1037 judicium,
1715 996 1772 1038 qui
1796 1006 1901 1032 tantas
1924 999 2073 1033 enormi-

1130 1042 1347 1078 tatestamdiu
1360 1043 1564 1084 remiffione,
1591 1046 1678 1087 quod
1694 1057 1805 1081 vereor
1817 1072 1828 1087 ,
1855 1048 1956 1081 nimia
1974 1058 2076 1091 pertu-

1130 1097 1152 1127 li
1167 1093 1387 1128 subditorum·
1418 1095 1505 1129 Nam
1532 1095 1674 1136 Beatus,
1704 1098 1760 1140 qui
1788 1097 1900 1131 talium
1923 1099 2079 1141 parvulos

1132 1146 1296 1178 nascentes
1311 1143 1474 1189 extinguit
1489 1169 1500 1185 ,
1515 1155 1570 1178 aut
1583 1156 1676 1180 natos
1687 1172 1697 1187 ,
1723 1159 1820 1191 quam
1833 1148 1899 1181 cito
1911 1159 2089 1188 tenentur,

1130 1194 1236 1228 allidit
1248 1194 1287 1227 ad
1300 1205 1419 1237 petram
1438 1220 1444 1228 .
1470 1195 1593 1237 Vereor
1604 1221 1614 1236 ‚
1643 1196 1736 1230 Pater
1749 1223 1759 1238 ‚
1787 1210 1826 1232 ne
1839 1198 2030 1241 sanguinem
2041 1198 2088 1231 i1-'

1132 1244 1193 1276 lius
1207 1268 1216 1280 ,
1238 1244 1271 1276 &
1283 1245 1615 1287 commalignantium
1630 1246 1685 1278 fibi
1700 1246 1740 1279 de
1764 1258 1862 1280 manu
1877 1259 1944 1281 mea
1971 1248 2076 1289 requi-

1131 1302 1178 1324 rat
1190 1291 1358 1324 Dominus
1374 1316 1380 1322 .
1410 1292 1536 1324 Timeo
1556 1304 1595 1325 ne
1609 1295 1859 1336 proscriptorum
1873 1298 2001 1330 suorum
2017 1321 2027 1335 ,
2043 1298 2077 1330 &

1131 1342 1164 1375 in
1180 1341 1273 1374 causa
1290 1339 1439 1374 Ecclesiae
1462 1340 1684 1375 laborantium
1712 1344 1810 1384 usque
1837 1345 1877 1378 ad
1900 1356 2039 1380 mortem
2068 1371 2079 1386 ,

1133 1402 1226 1425 neces
1236 1390 1356 1423 multas
1366 1390 1476 1434 exigat
1492 1392 1590 1425 durus
1601 1391 1702 1434 judex
1714 1417 1725 1432 ,
1752 1405 1828 1427 curn
1841 1395 1992 1437 scriptum
2006 1397 2043 1429 sit
2070 1408 2077 1427 :

1131 1441 1290 1484 quoniam
1303 1440 1476 1473 maledielus
1497 1440 1535 1479 est
1556 1464 1567 1479 ‚
1592 1446 1646 1482 qui
1658 1443 1796 1484 gladium
1802 1444 1938 1484 probibet
1957 1447 1977 1475 ἃ
1998 1455 2080 1477 cruo-

1131 1502 1183 1525 re.
1211 1490 1299 1523 Nam
1313 1512 1323 1527 ,
1352 1500 1385 1522 ut
1399 1490 1444 1522 ait
1460 1489 1612 1523 Salomon
1632 1514 1643 1529 ,
1665 1493 1734 1533 ‚Qui
1754 1492 1879 1525 delicate
1899 1501 1996 1527 nutrit
2010 1493 2078 1536 ser-

1132 1551 1224 1578 vum,
1244 1537 1344 1579 posted
1369 1540 1452 1572 illum
1470 1537 1579 1581 sentiet
1600 1547 1816 1574 contumacem.
1851 1543 1892 1576 Et
1921 1542 1986 1578 hoc
2009 1544 2079 1587 qui·

1131 1588 1207 1623 dem
1229 1588 1345 1626 crebris
1379 1588 1520 1622 Ecclesia
1534 1590 1567 1623 ὃς
1580 1590 1761 1624 certissimis
1774 1593 1868 1626 sentit
1881 1594 2082 1637 experimen-

1133 1640 1194 1673 tis.
1223 1638 1339 1682 Siquis
1350 1638 1438 1672 enim
1454 1639 1576 1681 primos
1588 1638 1655 1680 eius
1678 1638 1873 1676 cohibuisset
1898 1646 2037 1687 impetus
2066 1670 2079 1684 ‚

1134 1691 1155 1722 fi
1178 1688 1251 1732 quis
1275 1688 1502 1732 instigantium
1526 1689 1566 1720 ad
1588 1690 1717 1722 mala&
1742 1691 1882 1724 furorem
1906 1705 2081 1736 procuran-

1133 1739 1216 1772 tium
1232 1737 1411 1780 perculiss‘et
1424 1736 1637 1770 temeritatem
1654 1761 1663 1776 ,
1690 1741 1893 1783 nequaquam
1908 1752 1958 1775 tot
1970 1744 2003 1777 ὃς
2015 1754 2087 1777 tan-

1133 1796 1181 1820 tas
1195 1786 1296 1829 pestes
1308 1785 1437 1819 arbores
1451 1784 1603 1829 pestifera:
1615 1788 1845 1832 germinassent
1859 1816 1865 1822 .
1896 1793 1983 1826 Nam
1997 1804 2085 1827 tene-

1135 1846 1243 1870 rorum
1255 1835 1333 1868 vitia
1347 1835 1444 1869 citius
1457 1835 1630 1870 abolentur
1640 1861 1649 1877 ,
1676 1838 1709 1871 ὅ(
1721 1837 1795 1872 cum
1809 1840 2025 1876 diuturnitate
2037 1844 2084 1879 in-

1136 1884 1296 1921 valuerint
1311 1909 1320 1925 ‚
1347 1886 1594 1929 quodammodo
1610 1889 1776 1921 transeunt
1791 1890 1824 1922 in
1840 1902 2007 1925 naturam.
2040 1895 2085 1928 Et

1135 1934 1221 1969 certe
1233 1944 1323 1969 tanta
1335 1936 1438 1969 fuerat
1451 1935 1652 1978 reprimenda
1681 1940 1908 1982 prae-sumptio,
1937 1952 2008 1976 tum
2034 1944 2083 1976 sui

1137 1985 1230 2027 ipsius
1242 1983 1446 2027 corripienda
1458 1987 1675 2027 enormitate,
1706 1987 1775 2022 tum
1795 1992 1871 2033 quia
1894 2000 2000 2026 totum
2022 1993 2085 2027 Or-

1137 2035 1209 2068 bem
1223 2033 1379 2068 Latinum
1402 2036 1584 2079 pernicioso
1604 2042 1781 2082 corrumpit
1803 2042 1970 2084 exemplo.
2013 2043 2083 2077 Au-

1137 2084 1205 2118 diat
1217 2108 1228 2123 ,
1256 2086 1382 2127 quaeso,
1410 2084 1594 2120 Clementia
1615 2086 1714 2121 vestra
1726 2100 1780 2132 per
1794 2090 1979 2125 Dominum
1996 2093 2084 2127 Gra-

1138 2135 1264 2169 tianum
1279 2134 1524 2170 Subdiaconum
1537 2137 1672 2171 vestrum
1686 2164 1696 2179 ‚
1724 2140 1776 2173 cui
1789 2152 1828 2174 ex
1846 2152 1879 2175 re
1897 2152 2017 2176 nomen
2032 2145 2076 2177 es-

1138 2186 1167 2218 se
1179 2184 1338 2217 credimus
1353 2209 1362 2224 ,
1389 2185 1430 2218 εὸ
1442 2186 1532 2228 quod
1547 2188 1699 2231 tanquam
1712 2190 1798 2223 filius
1808 2192 1919 2235 gratim
1940 2194 2080 2226 caussam

1139 2233 1286 2267 Ecclefiae
1308 2234 1491 2269 fideliter&
1510 2238 1685 2279 prudenter
1706 2241 1740 2273 in
1762 2243 1855 2274 omni
1868 2243 2024 2276 modestia
2045 2243 2079 2276 &

1137 2282 1318 2317 sinceritate
1355 2282 1477 2317 studuit
1513 2289 1875 2332 procurarquudiat,
1907 2292 2042 2335 inquam
2069 2317 2084 2333 ‚,

1137 2332 1319 2376 qualiterin
1333 2331 1515 2367 Occidente
1526 2336 1657 2376 nossro,
1688 2338 1745 2371 nisi
1756 2339 1852 2374 citius
1873 2341 1949 2377 Deo
1974 2344 2082 2385 propi‘

1136 2384 1184 2417 tio
1197 2381 1430 2423 subveneritis,
1456 2383 1585 2418 occidat
1602 2386 1760 2421 Ecclesia:
1789 2390 1967 2425 &tandem
1992 2392 2081 2425 mise-

1137 2443 1264 2473 reatur,
1289 2433 1432 2467 &tantis
1445 2435 1580 2467 miseriis
1605 2436 1753 2477 imponat
1776 2438 1874 2471 finem
1898 2465 1904 2470 .
1931 2441 1965 2473 Si
1988 2442 2079 2479 enim

1136 2482 1398 2526 expectaveritis,
1429 2495 1464 2517 ut
1486 2484 1612 2517 Nuncii
1636 2496 1704 2526 eJus
1724 2487 1757 2519 ὅς
1780 2488 1911 2521 malitiae
1934 2480 2080 2524 fautores¹

1138 2544 1204 2567 non
1226 2531 1364 2567 habeant
1387 2533 1557 2566 mendacia
1578 2545 1649 2575 quae
1672 2536 1892 2577 praetendunt,
1920 2539 1954 2573 ὅ(
1980 2540 2077 2575 nobis

1137 2584 1169 2617 ὅ(
1182 2582 1272 2617 vobis
1283 2606 1293 2621 ,
1319 2582 1429 2616 &illis
1444 2583 1506 2615 vita
1521 2583 1665 2616 deficiet.
1696 2585 1738 2618 Et
1751 2588 1785 2619 in
1797 2587 1943 2623 distri-sto
1957 2592 2078 2624 exami-

1138 2645 1176 2666 ne
1191 2630 1331 2678 'cogetur
1345 2631 1480 2674 quilibet
1504 2632 1647 2667 nostrum
1670 2635 1737 2668 fine
1758 2639 1965 2679 personarum
1988 2651 2074 2674 acce-

1136 2684 1248 2727 ptione
1263 2684 1308 2715 sui
1327 2682 1431 2723 operis
1443 2682 1573 2716 reddere
1598 2683 1775 2719 rationem.
1807 2688 1892 2722 Ecce
1916 2701 2003 2724 nunc
2030 2691 2078 2724 di-

1134 2735 1178 2767 cit
1202 2735 1233 2767 se
1257 2744 1322 2766 non
1345 2730 1363 2763 ὲ
1383 2743 1432 2765 me
1454 2732 1584 2776 exigere
1604 2735 1766 2770 rationem
1787 2738 2078 2774 administrationis

1134 2783 1343 2818 Cancellariae
1355 2783 1412 2814 suae
1424 2806 1437 2821 ,
1463 2794 1522 2815 nec
1535 2785 1707 2826 pecunIam
1720 2797 1817 2830 quam
1847 2799 1925 2823 tunc
1941 2801 2077 2834 accepe-

1134 2834 1193 2867 rim
1207 2843 1260 2866 aut
1275 2832 1497 2875 promiserim,
1525 2831 1575 2866 sed
1595 2832 1628 2866 id
1652 2836 1755 2869 solum
1781 2838 1881 2880 petit,
1907 2841 1994 2882 quod
2024 2852 2077 2874 me

1133 2893 1275 2926 tempore
1301 2880 1401 2915 Archi
1417 2900 1426 2907 ·
1441 2883 1652 2926 Episcopatus
1675 2888 1737 2920 mei
1764 2887 1843 2921 dicit
1868 2891 2021 2933 accepiffe
2037 2891 2077 2924 de

1134 2933 1226 2967 rebus
1241 2932 1302 2965 suis
1317 2955 1324 2963 .
1350 2931 1411 2966 Sed
1426 2933 1498 2966 Deo
1512 2934 1708 2977 propitiante
1718 2938 1839 2972 cunstis
1851 2940 1934 2983 apud
1949 2952 2007 2973 nos
2021 2951 2079 2973 no·

1133 2994 1202 3016 tum
1214 2983 1257 3015 est
1268 3008 1278 3022 ‚
1305 2982 1394 3025 quod
1407 2982 1433 3016 ei
1448 2982 1513 3025 jam
1525 2985 1618 3027 super
1632 2985 1695 3019 hoc
1718 2988 1841 3022 reddita
1867 2991 1992 3023 ratione
2005 3001 2073 3023 non

1133 3043 1265 3067 teneor.
1294 3032 1375 3065 ltem
1396 3033 1476 3067 dicit
1500 3035 1530 3067 se
1549 3045 1614 3067 non
1634 3040 1912 3072 controversatum
1939 3040 2000 3073 effe
2035 3040 2075 3074 de

1132 3081 1425 3116 consuetudinibus
1438 3084 1500 3117 suis
1511 3109 1520 3123 ,
1550 3095 1629 3126 quas
1639 3096 1748 3120 tamen
1763 3100 1888 3123 mutato
1903 3087 2074 3123 dumtaxat

1133 3131 1229 3166 verbo
1242 3130 1295 3165 fibi
1309 3133 1422 3166 servari
1438 3134 1519 3175 petit
1544 3134 1680 3168 nomine
1704 3139 1914 3181 Dignitatum.
1946 3139 1985 3171 Et
2009 3149 2072 3182 ego

1131 3181 1264 3227 quidem
1276 3182 1454 3227 dignitates
1475 3183 1730 3227 Regnilibenter
1744 3188 1874 3222 servabo
1888 3212 1897 3226 ‚
1924 3188 2002 3220 ficut
2021 3189 2074 3220 sae-

1132 3232 1204 3276 pius
1216 3232 1344 3271 obtuli,
1366 3231 1454 3275 salvo
1468 3233 1569 3266 ordine
1580 3246 1641 3266 meo
1664 3236 1858 3277 &fidelitate
1870 3236 1999 3277 Ecclefiae
2019 3240 2074 3269 Ro-

1131 3295 1247 3317 mame.
1261 3281 1321 3316 Sed
1334 3294 1367 3314 ut
1382 3292 1500 3315 novam
1516 3282 1688 3324 juramenti
1704 3288 1839 3319 formam
1854 3286 1885 3318 in
1902 3286 2075 3321 Ecclesiam

1131 3332 1196 3366 Dei
1215 3333 1390 3370 inducam,
1416 3331 1554 3366 authore
1579 3335 1674 3373 Deo,
1702 3336 1864 3377 &pietate
1887 3336 1983 3369 vestra
2009 3337 2069 3370 mi-

1132 3381 1164 3415 hi
1187 3383 1406 3425 prospiciente
1431 3406 1443 3421 ‚
1469 3383 1557 3416 nulla
1579 3384 1758 3417 necestitate
1781 3384 1892 3418 induci
1924 3396 2039 3428 potero
2067 3411 2073 3417 .

1132 3432 1222 3467 Nam
1246 3431 1334 3475 quod
1357 3431 1374 3465 ὲ.
1397 3441 1447 3465 me
1468 3444 1555 3467 nunc
1567 3432 1731 3466 obtinebit
1745 3458 1756 3473 ‚
1783 3434 1822 3468 ab
1834 3435 1987 3469 omnibus
2001 3435 2072 3478 Epi-

1634 3481 1661 3514 Z
1715 3493 1732 3529 3
1960 3485 2027 3519 sco-
