<?xml version="1.0" encoding="UTF-8"?>
<!DOCTYPE html PUBLIC "-//W3C//DTD XHTML 1.0 Transitional//EN"
    "http://www.w3.org/TR/xhtml1/DTD/xhtml1-transitional.dtd">
<html xmlns="http://www.w3.org/1999/xhtml" xml:lang="en" lang="en">
 <head>
  <title>
</title>
<meta http-equiv="Content-Type" content="text/html;charset=utf-8" />
  <meta name='ocr-system' content='tesseract 3.04.00' />
  <meta name='ocr-capabilities' content='ocr_page ocr_carea ocr_par ocr_line ocrx_word'/>
</head>
<body>
  <div class='ocr_page' id='page_1' title='image "./operaomniastudio10lupuuoft_0425.png"; bbox 0 0 2358 3776; ppageno 0'>
   <div class='ocr_carea' id='block_1_1' title="bbox 645 118 1533 184">
    <p class='ocr_par' dir='ltr' id='par_1_1' title="bbox 645 118 1533 184">
     <span class='ocr_line' id='line_1_1' title="bbox 645 118 1533 184; baseline 0.001 -7"><span class='ocrx_word' id='word_1_1' title='bbox 645 128 914 184; x_wconf 88' lang='lat' dir='ltr'>RERUM</span> <span class='ocrx_word' id='word_1_2' title='bbox 948 125 1040 174; x_wconf 88' lang='lat' dir='ltr'>ET</span> <span class='ocrx_word' id='word_1_3' title='bbox 1076 118 1533 179; x_wconf 70' lang='lat' dir='ltr'>VERE-ORUM,</span> 
     </span>
    </p>
   </div>
   <div class='ocr_carea' id='block_1_2' title="bbox 592 268 620 305">
    <p class='ocr_par' dir='ltr' id='par_1_2' title="bbox 592 268 620 305">
     <span class='ocr_line' id='line_1_2' title="bbox 592 268 620 305; baseline 0 0"><span class='ocrx_word' id='word_1_4' title='bbox 592 268 620 305; x_wconf 89' lang='lat' dir='ltr'>P</span> 
     </span>
    </p>
   </div>
   <div class='ocr_carea' id='block_1_3' title="bbox 131 411 1080 2959">
    <p class='ocr_par' dir='ltr' id='par_1_3' title="bbox 136 411 1068 506">
     <span class='ocr_line' id='line_1_3' title="bbox 136 411 1068 506; baseline -0.013 -52"><span class='ocrx_word' id='word_1_5' title='bbox 136 416 403 506; x_wconf 83' lang='lat' dir='ltr'>PALLIUM</span> <span class='ocrx_word' id='word_1_6' title='bbox 430 418 475 453; x_wconf 88' lang='lat' dir='ltr'>est</span> <span class='ocrx_word' id='word_1_7' title='bbox 487 418 618 462; x_wconf 75' lang='lat' dir='ltr'>Insigne</span> <span class='ocrx_word' id='word_1_8' title='bbox 629 415 962 461; x_wconf 86' lang='lat' dir='ltr'>Metropolitanorum</span> <span class='ocrx_word' id='word_1_9' title='bbox 976 436 986 453; x_wconf 86' lang='lat'>,</span> <span class='ocrx_word' id='word_1_10' title='bbox 1003 411 1068 451; x_wconf 79' lang='lat'>6.1.</span> 
     </span>
    </p>

    <p class='ocr_par' dir='ltr' id='par_1_4' title="bbox 172 464 1070 612">
     <span class='ocr_line' id='line_1_4' title="bbox 172 464 1068 513; baseline -0.007 -11"><span class='ocrx_word' id='word_1_11' title='bbox 172 485 174 488; x_wconf 93' lang='lat'>·</span> <span class='ocrx_word' id='word_1_12' title='bbox 233 469 266 504; x_wconf 90' lang='lat' dir='ltr'>in</span> <span class='ocrx_word' id='word_1_13' title='bbox 280 468 442 513; x_wconf 83' lang='lat' dir='ltr'>Angliam</span> <span class='ocrx_word' id='word_1_14' title='bbox 465 469 566 507; x_wconf 89' lang='lat' dir='ltr'>mittit</span> <span class='ocrx_word' id='word_1_15' title='bbox 579 468 660 501; x_wconf 89' lang='lat' dir='ltr'>illud</span> <span class='ocrx_word' id='word_1_16' title='bbox 680 466 767 509; x_wconf 89' lang='lat' dir='ltr'>Papa</span> <span class='ocrx_word' id='word_1_17' title='bbox 780 465 819 500; x_wconf 79' lang='lat' dir='ltr'>ad</span> <span class='ocrx_word' id='word_1_18' title='bbox 832 465 875 498; x_wconf 86' lang='lat' dir='ltr'>D.</span> <span class='ocrx_word' id='word_1_19' title='bbox 888 464 1068 502; x_wconf 72' lang='lat' dir='ltr'>Thomam.</span> 
     </span>
     <span class='ocr_line' id='line_1_5' title="bbox 181 515 1070 561; baseline -0.002 -10"><span class='ocrx_word' id='word_1_20' title='bbox 181 519 255 552; x_wconf 83' lang='lat' dir='ltr'><em>ibid.</em></span> <span class='ocrx_word' id='word_1_21' title='bbox 282 517 337 552; x_wconf 84' lang='lat' dir='ltr'>Ad</span> <span class='ocrx_word' id='word_1_22' title='bbox 352 518 710 560; x_wconf 73' lang='lat' dir='ltr'>summaminstautiam</span> <span class='ocrx_word' id='word_1_23' title='bbox 734 515 1070 561; x_wconf 84' lang='lat' dir='ltr'>Regis&amp;Episcopo·</span> 
     </span>
     <span class='ocr_line' id='line_1_6' title="bbox 184 565 1066 612; baseline -0.002 -10"><span class='ocrx_word' id='word_1_24' title='bbox 184 580 265 603; x_wconf 85' lang='lat' dir='ltr'>rum.</span> <span class='ocrx_word' id='word_1_25' title='bbox 959 565 1066 612; x_wconf 88' lang='lat'>136.1.</span> 
     </span>
    </p>

    <p class='ocr_par' dir='ltr' id='par_1_5' title="bbox 135 614 1070 806">
     <span class='ocr_line' id='line_1_7' title="bbox 135 614 1070 662; baseline -0.007 -7"><span class='ocrx_word' id='word_1_26' title='bbox 135 622 264 655; x_wconf 83' lang='lat' dir='ltr'><em>Parcere</em></span> <span class='ocrx_word' id='word_1_27' title='bbox 281 617 427 662; x_wconf 67' lang='lat' dir='ltr'>subjeffls</span> <span class='ocrx_word' id='word_1_28' title='bbox 443 644 454 662; x_wconf 80' lang='lat'>,</span> <span class='ocrx_word' id='word_1_29' title='bbox 482 621 516 654; x_wconf 64' lang='grc' dir='ltr'><strong><em>Θ</em></strong></span> <span class='ocrx_word' id='word_1_30' title='bbox 538 618 683 653; x_wconf 74' lang='lat' dir='ltr'>debellare</span> <span class='ocrx_word' id='word_1_31' title='bbox 699 614 839 661; x_wconf 67' lang='lat' dir='ltr'>superbos·</span> <span class='ocrx_word' id='word_1_32' title='bbox 860 639 872 655; x_wconf 92' lang='lat'>,</span> <span class='ocrx_word' id='word_1_33' title='bbox 896 615 941 651; x_wconf 85' lang='lat' dir='ltr'>est</span> <span class='ocrx_word' id='word_1_34' title='bbox 965 617 1070 660; x_wconf 88' lang='lat' dir='ltr'>genti-</span> 
     </span>
     <span class='ocr_line' id='line_1_8' title="bbox 183 665 1070 708; baseline -0.003 -6"><span class='ocrx_word' id='word_1_35' title='bbox 183 669 266 705; x_wconf 87' lang='lat' dir='ltr'>lium</span> <span class='ocrx_word' id='word_1_36' title='bbox 277 670 454 708; x_wconf 80' lang='lat' dir='ltr'>eminentia</span> <span class='ocrx_word' id='word_1_37' title='bbox 467 670 710 705; x_wconf 84' lang='lat' dir='ltr'>Romanorum.</span> <span class='ocrx_word' id='word_1_38' title='bbox 739 665 780 698; x_wconf 86' lang='lat' dir='ltr'>Et</span> <span class='ocrx_word' id='word_1_39' title='bbox 803 665 847 698; x_wconf 89' lang='lat' dir='ltr'>est</span> <span class='ocrx_word' id='word_1_40' title='bbox 861 667 911 699; x_wconf 87' lang='lat' dir='ltr'>lex</span> <span class='ocrx_word' id='word_1_41' title='bbox 926 665 1046 699; x_wconf 89' lang='lat' dir='ltr'>Christi</span> <span class='ocrx_word' id='word_1_42' title='bbox 1060 691 1070 707; x_wconf 87' lang='lat'>‚</span> 
     </span>
     <span class='ocr_line' id='line_1_9' title="bbox 183 715 1068 767; baseline -0.002 -15"><span class='ocrx_word' id='word_1_43' title='bbox 183 730 282 761; x_wconf 83' lang='lat' dir='ltr'>quam</span> <span class='ocrx_word' id='word_1_44' title='bbox 310 720 417 763; x_wconf 82' lang='lat' dir='ltr'>posuit</span> <span class='ocrx_word' id='word_1_45' title='bbox 450 721 486 758; x_wconf 83' lang='lat' dir='ltr'>in</span> <span class='ocrx_word' id='word_1_46' title='bbox 510 731 565 761; x_wconf 81' lang='lat' dir='ltr'>ore</span> <span class='ocrx_word' id='word_1_47' title='bbox 596 716 697 767; x_wconf 81' lang='lat' dir='ltr'>gladii</span> <span class='ocrx_word' id='word_1_48' title='bbox 722 715 867 757; x_wconf 85' lang='lat' dir='ltr'>Romani</span> <span class='ocrx_word' id='word_1_49' title='bbox 893 716 1068 752; x_wconf 87' lang='lat' dir='ltr'>Pontificis</span> 
     </span>
     <span class='ocr_line' id='line_1_10' title="bbox 183 767 307 806; baseline -0.016 0"><span class='ocrx_word' id='word_1_50' title='bbox 183 767 227 806; x_wconf 89' lang='lat'>28</span> <span class='ocrx_word' id='word_1_51' title='bbox 257 780 307 805; x_wconf 83' lang='lat'>-2.</span> 
     </span>
    </p>

    <p class='ocr_par' dir='ltr' id='par_1_6' title="bbox 139 781 1070 1009">
     <span class='ocr_line' id='line_1_11' title="bbox 139 781 1069 861; baseline -0.002 -9"><span class='ocrx_word' id='word_1_52' title='bbox 139 781 359 860; x_wconf 45' lang='lat' dir='ltr'>Parisiorum,</span> <span class='ocrx_word' id='word_1_53' title='bbox 385 821 418 854; x_wconf 91' lang='lat'>&amp;</span> <span class='ocrx_word' id='word_1_54' title='bbox 440 819 620 852; x_wconf 84' lang='lat' dir='ltr'>studiorum</span> <span class='ocrx_word' id='word_1_55' title='bbox 640 816 1048 861; x_wconf 44' lang='lat' dir='ltr'>istorum‘emporumlaus</span> <span class='ocrx_word' id='word_1_56' title='bbox 1062 841 1069 850; x_wconf 89' lang='grc'><strong>.</strong></span> 
     </span>
     <span class='ocr_line' id='line_1_12' title="bbox 183 867 1070 911; baseline 0 -10"><span class='ocrx_word' id='word_1_57' title='bbox 183 868 312 907; x_wconf 76' lang='lat' dir='ltr'>Laetitia</span> <span class='ocrx_word' id='word_1_58' title='bbox 336 870 423 903; x_wconf 87' lang='lat' dir='ltr'>illius</span> <span class='ocrx_word' id='word_1_59' title='bbox 447 869 556 911; x_wconf 89' lang='lat' dir='ltr'>populi</span> <span class='ocrx_word' id='word_1_60' title='bbox 579 890 590 907; x_wconf 90' lang='lat'>‚</span> <span class='ocrx_word' id='word_1_61' title='bbox 616 871 795 901; x_wconf 84' lang='lat' dir='ltr'>reverentia</span> <span class='ocrx_word' id='word_1_62' title='bbox 821 869 909 902; x_wconf 80' lang='lat' dir='ltr'>Cleri</span> <span class='ocrx_word' id='word_1_63' title='bbox 931 892 942 907; x_wconf 88' lang='lat'>,</span> <span class='ocrx_word' id='word_1_64' title='bbox 969 867 1070 901; x_wconf 89' lang='lat' dir='ltr'>totius</span> 
     </span>
     <span class='ocr_line' id='line_1_13' title="bbox 183 917 1070 964; baseline 0 -13"><span class='ocrx_word' id='word_1_65' title='bbox 183 919 333 955; x_wconf 71' lang='lat' dir='ltr'>Ecclesia:</span> <span class='ocrx_word' id='word_1_66' title='bbox 354 918 500 961; x_wconf 80' lang='lat' dir='ltr'>majestas</span> <span class='ocrx_word' id='word_1_67' title='bbox 522 919 556 960; x_wconf 74' lang='lat' dir='ltr'>&lt;Sc</span> <span class='ocrx_word' id='word_1_68' title='bbox 577 917 684 964; x_wconf 82' lang='lat' dir='ltr'>gloria</span> <span class='ocrx_word' id='word_1_69' title='bbox 698 941 708 958; x_wconf 75' lang='lat'><em>2</em></span> <span class='ocrx_word' id='word_1_70' title='bbox 739 927 971 963; x_wconf 83' lang='lat' dir='ltr'>comparantur</span> <span class='ocrx_word' id='word_1_71' title='bbox 982 918 1070 951; x_wconf 73' lang='lat' dir='ltr'>scalae</span> 
     </span>
     <span class='ocr_line' id='line_1_14' title="bbox 184 967 1069 1009; baseline -0.006 -5"><span class='ocrx_word' id='word_1_72' title='bbox 184 967 296 1009; x_wconf 62' lang='lat' dir='ltr'>Jacob.</span> <span class='ocrx_word' id='word_1_73' title='bbox 993 968 1026 1003; x_wconf 91' lang='lat'>6.</span> <span class='ocrx_word' id='word_1_74' title='bbox 1041 979 1069 1003; x_wconf 85' lang='lat'>1.</span> 
     </span>
    </p>

    <p class='ocr_par' dir='ltr' id='par_1_7' title="bbox 132 980 1068 1114">
     <span class='ocr_line' id='line_1_15' title="bbox 132 980 1068 1065; baseline 0.001 -14"><span class='ocrx_word' id='word_1_75' title='bbox 132 1013 246 1055; x_wconf 81' lang='lat' dir='ltr'>Pastor</span> <span class='ocrx_word' id='word_1_76' title='bbox 263 1028 410 1063; x_wconf 84' lang='lat' dir='ltr'>ternpore</span> <span class='ocrx_word' id='word_1_77' title='bbox 432 1017 661 1065; x_wconf 85' lang='lat' dir='ltr'>persecutionis</span> <span class='ocrx_word' id='word_1_78' title='bbox 682 1044 693 1060; x_wconf 89' lang='lat'>‚</span> <span class='ocrx_word' id='word_1_79' title='bbox 727 1020 840 1063; x_wconf 87' lang='lat' dir='ltr'>fugere</span> <span class='ocrx_word' id='word_1_80' title='bbox 868 1030 938 1054; x_wconf 86' lang='lat' dir='ltr'>non</span> <span class='ocrx_word' id='word_1_81' title='bbox 964 980 1068 1062; x_wconf 55' lang='lat' dir='ltr'>{otest</span> 
     </span>
     <span class='ocr_line' id='line_1_16' title="bbox 183 1077 295 1114; baseline 0 -16"><span class='ocrx_word' id='word_1_82' title='bbox 183 1077 251 1114; x_wconf 59' lang='lat'>194„</span> <span class='ocrx_word' id='word_1_83' title='bbox 263 1077 295 1106; x_wconf 77' lang='lat'>2.</span> 
     </span>
    </p>

    <p class='ocr_par' dir='ltr' id='par_1_8' title="bbox 132 1114 1071 1213">
     <span class='ocr_line' id='line_1_17' title="bbox 132 1114 1071 1163; baseline -0.003 -10"><span class='ocrx_word' id='word_1_84' title='bbox 132 1114 297 1154; x_wconf 81' lang='lat' dir='ltr'>Pastoralc</span> <span class='ocrx_word' id='word_1_85' title='bbox 307 1118 454 1153; x_wconf 84' lang='lat' dir='ltr'>officium</span> <span class='ocrx_word' id='word_1_86' title='bbox 469 1119 559 1154; x_wconf 87' lang='lat' dir='ltr'>nullo</span> <span class='ocrx_word' id='word_1_87' title='bbox 572 1118 675 1154; x_wconf 86' lang='lat' dir='ltr'>modo</span> <span class='ocrx_word' id='word_1_88' title='bbox 686 1119 790 1163; x_wconf 87' lang='lat' dir='ltr'>potest</span> <span class='ocrx_word' id='word_1_89' title='bbox 802 1119 819 1153; x_wconf 75' lang='lat' dir='ltr'>a</span> <span class='ocrx_word' id='word_1_90' title='bbox 832 1128 914 1156; x_wconf 85' lang='lat' dir='ltr'>nutu</span> <span class='ocrx_word' id='word_1_91' title='bbox 940 1118 1071 1152; x_wconf 82' lang='lat' dir='ltr'>saecula-</span> 
     </span>
     <span class='ocr_line' id='line_1_18' title="bbox 183 1166 1064 1213; baseline 0.002 -13"><span class='ocrx_word' id='word_1_92' title='bbox 183 1168 225 1200; x_wconf 87' lang='lat' dir='ltr'>ris</span> <span class='ocrx_word' id='word_1_93' title='bbox 235 1166 394 1212; x_wconf 84' lang='lat' dir='ltr'>Principis</span> <span class='ocrx_word' id='word_1_94' title='bbox 404 1167 592 1213; x_wconf 86' lang='lat' dir='ltr'>dependere.</span> <span class='ocrx_word' id='word_1_95' title='bbox 941 1168 1019 1203; x_wconf 89' lang='lat'>208.</span> <span class='ocrx_word' id='word_1_96' title='bbox 1034 1178 1064 1201; x_wconf 80' lang='lat'>2-</span> 
     </span>
    </p>

    <p class='ocr_par' dir='ltr' id='par_1_9' title="bbox 131 1216 1068 1350">
     <span class='ocr_line' id='line_1_19' title="bbox 131 1216 1067 1263; baseline -0.003 -10"><span class='ocrx_word' id='word_1_97' title='bbox 131 1216 185 1253; x_wconf 66' lang='grc'>88,</span> <span class='ocrx_word' id='word_1_98' title='bbox 195 1216 328 1256; x_wconf 84' lang='lat' dir='ltr'>Parrum</span> <span class='ocrx_word' id='word_1_99' title='bbox 341 1218 428 1263; x_wconf 87' lang='lat' dir='ltr'>gesta</span> <span class='ocrx_word' id='word_1_100' title='bbox 440 1231 506 1253; x_wconf 87' lang='lat' dir='ltr'>non</span> <span class='ocrx_word' id='word_1_101' title='bbox 523 1221 595 1254; x_wconf 88' lang='lat' dir='ltr'>sunt</span> <span class='ocrx_word' id='word_1_102' title='bbox 612 1221 726 1262; x_wconf 87' lang='lat' dir='ltr'>scripta</span> <span class='ocrx_word' id='word_1_103' title='bbox 749 1229 784 1252; x_wconf 94' lang='lat' dir='ltr'>ut</span> <span class='ocrx_word' id='word_1_104' title='bbox 798 1218 908 1253; x_wconf 84' lang='lat' dir='ltr'>fabula</span> <span class='ocrx_word' id='word_1_105' title='bbox 922 1219 982 1252; x_wconf 91' lang='lat' dir='ltr'>sint</span> <span class='ocrx_word' id='word_1_106' title='bbox 999 1229 1067 1250; x_wconf 86' lang='lat' dir='ltr'>nar-</span> 
     </span>
     <span class='ocr_line' id='line_1_20' title="bbox 182 1268 1067 1317; baseline -0.003 -16"><span class='ocrx_word' id='word_1_107' title='bbox 182 1268 344 1307; x_wconf 82' lang='lat' dir='ltr'>rantium:</span> <span class='ocrx_word' id='word_1_108' title='bbox 374 1270 424 1303; x_wconf 91' lang='lat' dir='ltr'>sed</span> <span class='ocrx_word' id='word_1_109' title='bbox 437 1271 588 1317; x_wconf 73' lang='lat' dir='ltr'>exempla</span> <span class='ocrx_word' id='word_1_110' title='bbox 602 1281 729 1308; x_wconf 85' lang='lat' dir='ltr'>morum</span> <span class='ocrx_word' id='word_1_111' title='bbox 745 1293 759 1312; x_wconf 39' lang='grc'>,-</span> <span class='ocrx_word' id='word_1_112' title='bbox 783 1270 818 1307; x_wconf 85' lang='lat'>&amp;</span> <span class='ocrx_word' id='word_1_113' title='bbox 842 1269 946 1303; x_wconf 83' lang='lat' dir='ltr'>forma</span> <span class='ocrx_word' id='word_1_114' title='bbox 961 1268 1067 1299; x_wconf 84' lang='lat' dir='ltr'>viven-</span> 
     </span>
     <span class='ocr_line' id='line_1_21' title="bbox 184 1316 1068 1350; baseline -0.005 0"><span class='ocrx_word' id='word_1_115' title='bbox 184 1316 228 1350; x_wconf 84' lang='lat' dir='ltr'>di.</span> <span class='ocrx_word' id='word_1_116' title='bbox 947 1325 968 1348; x_wconf 92' lang='lat'><em>2</em></span> <span class='ocrx_word' id='word_1_117' title='bbox 994 1325 1068 1350; x_wconf 88' lang='lat'>0.2.</span> 
     </span>
    </p>

    <p class='ocr_par' dir='ltr' id='par_1_10' title="bbox 136 1327 1068 1463">
     <span class='ocr_line' id='line_1_22' title="bbox 136 1327 1068 1410; baseline -0.002 -11"><span class='ocrx_word' id='word_1_118' title='bbox 136 1363 271 1402; x_wconf 74' lang='lat' dir='ltr'>Parrum</span> <span class='ocrx_word' id='word_1_119' title='bbox 295 1365 427 1410; x_wconf 84' lang='lat' dir='ltr'>vestigia</span> <span class='ocrx_word' id='word_1_120' title='bbox 448 1366 506 1408; x_wconf 81' lang='lat' dir='ltr'>qui</span> <span class='ocrx_word' id='word_1_121' title='bbox 525 1362 676 1398; x_wconf 63' lang='lat' dir='ltr'>detracta:</span> <span class='ocrx_word' id='word_1_122' title='bbox 699 1363 842 1405; x_wconf 81' lang='lat' dir='ltr'>imitari,</span> <span class='ocrx_word' id='word_1_123' title='bbox 870 1375 938 1399; x_wconf 89' lang='lat' dir='ltr'>non</span> <span class='ocrx_word' id='word_1_124' title='bbox 951 1327 1068 1407; x_wconf 79' lang='lat' dir='ltr'>pt7&gt;terir</span> 
     </span>
     <span class='ocr_line' id='line_1_23' title="bbox 183 1414 1066 1463; baseline -0.001 -17"><span class='ocrx_word' id='word_1_125' title='bbox 183 1415 304 1451; x_wconf 84' lang='lat' dir='ltr'>intrare</span> <span class='ocrx_word' id='word_1_126' title='bbox 319 1415 474 1458; x_wconf 85' lang='lat' dir='ltr'>Regnum</span> <span class='ocrx_word' id='word_1_127' title='bbox 489 1437 502 1456; x_wconf 29' lang='lat'>,¹</span> <span class='ocrx_word' id='word_1_128' title='bbox 523 1425 592 1463; x_wconf 80' lang='lat' dir='ltr'>quo</span> <span class='ocrx_word' id='word_1_129' title='bbox 603 1414 815 1457; x_wconf 81' lang='lat' dir='ltr'>illigaudent.</span> <span class='ocrx_word' id='word_1_130' title='bbox 951 1421 1019 1460; x_wconf 83' lang='lat'>159.</span> <span class='ocrx_word' id='word_1_131' title='bbox 1035 1424 1066 1446; x_wconf 86' lang='lat'>2.</span> 
     </span>
    </p>

    <p class='ocr_par' dir='ltr' id='par_1_11' title="bbox 134 1462 1071 1654">
     <span class='ocr_line' id='line_1_24' title="bbox 134 1462 1068 1505; baseline -0.003 -6"><span class='ocrx_word' id='word_1_132' title='bbox 134 1462 278 1499; x_wconf 71' lang='lat' dir='ltr'>Paterno,</span> <span class='ocrx_word' id='word_1_133' title='bbox 297 1462 365 1505; x_wconf 86' lang='lat' dir='ltr'>jure</span> <span class='ocrx_word' id='word_1_134' title='bbox 383 1475 532 1498; x_wconf 86' lang='lat' dir='ltr'>tenemur</span> <span class='ocrx_word' id='word_1_135' title='bbox 554 1464 595 1501; x_wconf 88' lang='lat' dir='ltr'>ad</span> <span class='ocrx_word' id='word_1_136' title='bbox 613 1462 733 1500; x_wconf 79' lang='lat' dir='ltr'>Christi</span> <span class='ocrx_word' id='word_1_137' title='bbox 747 1463 968 1498; x_wconf 80' lang='lat' dir='ltr'>obedientiam</span> <span class='ocrx_word' id='word_1_138' title='bbox 982 1476 991 1505; x_wconf 77' lang='lat'>3</span> <span class='ocrx_word' id='word_1_139' title='bbox 1006 1475 1068 1505; x_wconf 87' lang='lat' dir='ltr'>qua</span> 
     </span>
     <span class='ocr_line' id='line_1_25' title="bbox 181 1513 1071 1557; baseline -0.001 -10"><span class='ocrx_word' id='word_1_140' title='bbox 181 1525 254 1550; x_wconf 79' lang='lat' dir='ltr'>uon</span> <span class='ocrx_word' id='word_1_141' title='bbox 275 1513 441 1547; x_wconf 85' lang='lat' dir='ltr'>observata</span> <span class='ocrx_word' id='word_1_142' title='bbox 457 1539 468 1555; x_wconf 92' lang='lat'>,</span> <span class='ocrx_word' id='word_1_143' title='bbox 492 1515 664 1557; x_wconf 84' lang='lat' dir='ltr'>puniemur</span> <span class='ocrx_word' id='word_1_144' title='bbox 686 1513 764 1556; x_wconf 82' lang='lat' dir='ltr'>justa</span> <span class='ocrx_word' id='word_1_145' title='bbox 800 1513 1071 1547; x_wconf 84' lang='lat' dir='ltr'>exhaeredationis</span> 
     </span>
     <span class='ocr_line' id='line_1_26' title="bbox 183 1563 1070 1607; baseline 0 -10"><span class='ocrx_word' id='word_1_146' title='bbox 183 1574 279 1607; x_wconf 82' lang='lat' dir='ltr'>poena</span> <span class='ocrx_word' id='word_1_147' title='bbox 304 1588 312 1596; x_wconf 87' lang='lat'>.</span> <span class='ocrx_word' id='word_1_148' title='bbox 339 1563 448 1602; x_wconf 83' lang='lat' dir='ltr'>Potest</span> <span class='ocrx_word' id='word_1_149' title='bbox 471 1565 561 1599; x_wconf 89' lang='lat' dir='ltr'>enim</span> <span class='ocrx_word' id='word_1_150' title='bbox 599 1563 696 1603; x_wconf 74' lang='lat' dir='ltr'>Pater</span> <span class='ocrx_word' id='word_1_151' title='bbox 730 1563 930 1598; x_wconf 74' lang='lat' dir='ltr'>exhaeredare</span> <span class='ocrx_word' id='word_1_152' title='bbox 966 1563 1070 1602; x_wconf 87' lang='lat' dir='ltr'>filium</span> 
     </span>
     <span class='ocr_line' id='line_1_27' title="bbox 186 1612 306 1654; baseline -0.017 -4"><span class='ocrx_word' id='word_1_153' title='bbox 186 1624 202 1654; x_wconf 72' lang='grc' dir='ltr'>ι</span> <span class='ocrx_word' id='word_1_154' title='bbox 231 1612 262 1650; x_wconf 82' lang='grc'>6,.</span> <span class='ocrx_word' id='word_1_155' title='bbox 281 1624 306 1650; x_wconf 87' lang='lat' dir='ltr'>r.</span> 
     </span>
    </p>

    <p class='ocr_par' dir='ltr' id='par_1_12' title="bbox 137 1623 1073 1758">
     <span class='ocr_line' id='line_1_28' title="bbox 137 1623 1072 1714; baseline 0 -16"><span class='ocrx_word' id='word_1_156' title='bbox 137 1623 437 1707; x_wconf 73' lang='lat' dir='ltr'>Pati3projustitia,</span> <span class='ocrx_word' id='word_1_157' title='bbox 462 1664 508 1703; x_wconf 86' lang='lat' dir='ltr'>est</span> <span class='ocrx_word' id='word_1_158' title='bbox 520 1664 704 1709; x_wconf 82' lang='lat' dir='ltr'>praemium:</span> <span class='ocrx_word' id='word_1_159' title='bbox 734 1663 810 1714; x_wconf 83' lang='lat' dir='ltr'>quia</span> <span class='ocrx_word' id='word_1_160' title='bbox 823 1663 938 1701; x_wconf 64' lang='lat' dir='ltr'>talium,</span> <span class='ocrx_word' id='word_1_161' title='bbox 951 1663 995 1698; x_wconf 90' lang='lat' dir='ltr'>est</span> <span class='ocrx_word' id='word_1_162' title='bbox 1010 1664 1072 1698; x_wconf 90' lang='lat' dir='ltr'>Re-</span> 
     </span>
     <span class='ocr_line' id='line_1_29' title="bbox 189 1715 1073 1758; baseline 0.003 -11"><span class='ocrx_word' id='word_1_163' title='bbox 189 1722 291 1758; x_wconf 81' lang='lat' dir='ltr'>gnum</span> <span class='ocrx_word' id='word_1_164' title='bbox 307 1715 484 1749; x_wconf 86' lang='lat' dir='ltr'>Coelorum.</span> <span class='ocrx_word' id='word_1_165' title='bbox 962 1716 1030 1750; x_wconf 84' lang='lat'>116-</span> <span class='ocrx_word' id='word_1_166' title='bbox 1046 1724 1073 1750; x_wconf 89' lang='lat'>1-</span> 
     </span>
    </p>

    <p class='ocr_par' dir='ltr' id='par_1_13' title="bbox 135 1761 1075 1908">
     <span class='ocr_line' id='line_1_30' title="bbox 135 1761 1074 1808; baseline -0.002 -10"><span class='ocrx_word' id='word_1_167' title='bbox 135 1761 299 1799; x_wconf 72' lang='lat' dir='ltr'>Petientia</span> <span class='ocrx_word' id='word_1_168' title='bbox 324 1766 431 1798; x_wconf 88' lang='lat' dir='ltr'>minus</span> <span class='ocrx_word' id='word_1_169' title='bbox 452 1765 624 1805; x_wconf 80' lang='lat' dir='ltr'>ordinata,</span> <span class='ocrx_word' id='word_1_170' title='bbox 665 1765 738 1808; x_wconf 87' lang='lat' dir='ltr'>plus</span> <span class='ocrx_word' id='word_1_171' title='bbox 762 1764 834 1797; x_wconf 87' lang='lat' dir='ltr'>vitii</span> <span class='ocrx_word' id='word_1_172' title='bbox 858 1763 956 1797; x_wconf 89' lang='lat' dir='ltr'>habet</span> <span class='ocrx_word' id='word_1_173' title='bbox 975 1773 1074 1808; x_wconf 88' lang='lat' dir='ltr'>quam</span> 
     </span>
     <span class='ocr_line' id='line_1_31' title="bbox 184 1812 1073 1862; baseline -0.001 -15"><span class='ocrx_word' id='word_1_174' title='bbox 184 1814 319 1852; x_wconf 81' lang='lat' dir='ltr'>virtutis.</span> <span class='ocrx_word' id='word_1_175' title='bbox 352 1812 425 1862; x_wconf 87' lang='lat'>138.</span> <span class='ocrx_word' id='word_1_176' title='bbox 438 1826 470 1850; x_wconf 83' lang='lat'>2.</span> <span class='ocrx_word' id='word_1_177' title='bbox 499 1815 664 1852; x_wconf 83' lang='lat' dir='ltr'>Patienter</span> <span class='ocrx_word' id='word_1_178' title='bbox 680 1814 847 1858; x_wconf 75' lang='lat' dir='ltr'>agendum</span> <span class='ocrx_word' id='word_1_179' title='bbox 859 1814 904 1848; x_wconf 73' lang='lat' dir='ltr'>e&#39;st</span> <span class='ocrx_word' id='word_1_180' title='bbox 918 1838 927 1854; x_wconf 89' lang='lat'>‚</span> <span class='ocrx_word' id='word_1_181' title='bbox 955 1815 1073 1847; x_wconf 87' lang='lat' dir='ltr'>&amp;cou-</span> 
     </span>
     <span class='ocr_line' id='line_1_32' title="bbox 182 1861 1075 1908; baseline 0 -11"><span class='ocrx_word' id='word_1_182' title='bbox 182 1862 310 1901; x_wconf 84' lang='lat' dir='ltr'>stanter.</span> <span class='ocrx_word' id='word_1_183' title='bbox 379 1861 394 1867; x_wconf 57' lang='grc'>“’</span> <span class='ocrx_word' id='word_1_184' title='bbox 715 1862 718 1864; x_wconf 41' lang='grc'><strong>“</strong></span> <span class='ocrx_word' id='word_1_185' title='bbox 948 1873 1025 1908; x_wconf 79' lang='lat'><em>224-</em></span> <span class='ocrx_word' id='word_1_186' title='bbox 1049 1872 1075 1896; x_wconf 85' lang='lat'>1·</span> 
     </span>
    </p>

    <p class='ocr_par' dir='ltr' id='par_1_14' title="bbox 134 1911 1075 2156">
     <span class='ocr_line' id='line_1_33' title="bbox 134 1911 1075 1958; baseline -0.003 -9"><span class='ocrx_word' id='word_1_187' title='bbox 134 1911 300 1951; x_wconf 68' lang='lat' dir='ltr'>Patientia</span> <span class='ocrx_word' id='word_1_188' title='bbox 320 1916 351 1948; x_wconf 91' lang='lat' dir='ltr'>in</span> <span class='ocrx_word' id='word_1_189' title='bbox 368 1913 541 1950; x_wconf 80' lang='lat' dir='ltr'>tolerando</span> <span class='ocrx_word' id='word_1_190' title='bbox 551 1913 640 1958; x_wconf 90' lang='lat' dir='ltr'>quod</span> <span class='ocrx_word' id='word_1_191' title='bbox 653 1911 1075 1950; x_wconf 79' lang='lat' dir='ltr'>Ecclesiasticainvadantur</span> 
     </span>
     <span class='ocr_line' id='line_1_34' title="bbox 183 1961 1073 2009; baseline -0.002 -10"><span class='ocrx_word' id='word_1_192' title='bbox 183 1964 203 1999; x_wconf 62' lang='grc' dir='ltr'>ἡ</span> <span class='ocrx_word' id='word_1_193' title='bbox 226 1964 403 2006; x_wconf 76' lang='lat' dir='ltr'>Principe,</span> <span class='ocrx_word' id='word_1_194' title='bbox 430 1965 473 1998; x_wconf 87' lang='lat' dir='ltr'>est</span> <span class='ocrx_word' id='word_1_195' title='bbox 494 1966 716 2009; x_wconf 73' lang='lat' dir='ltr'>negligentia:</span> <span class='ocrx_word' id='word_1_196' title='bbox 746 1961 828 1996; x_wconf 89' lang='lat' dir='ltr'>nihil</span> <span class='ocrx_word' id='word_1_197' title='bbox 850 1962 895 1995; x_wconf 87' lang='lat' dir='ltr'>est</span> <span class='ocrx_word' id='word_1_198' title='bbox 921 1962 1073 1997; x_wconf 84' lang='lat' dir='ltr'>omitten-</span> 
     </span>
     <span class='ocr_line' id='line_1_35' title="bbox 190 2013 1073 2058; baseline -0.001 -11"><span class='ocrx_word' id='word_1_199' title='bbox 190 2014 293 2048; x_wconf 89' lang='lat' dir='ltr'>dum.</span> <span class='ocrx_word' id='word_1_200' title='bbox 325 2015 378 2052; x_wconf 83' lang='lat' dir='ltr'>Ne</span> <span class='ocrx_word' id='word_1_201' title='bbox 405 2015 537 2058; x_wconf 87' lang='lat' dir='ltr'>quidem</span> <span class='ocrx_word' id='word_1_202' title='bbox 559 2013 957 2052; x_wconf 85' lang='lat' dir='ltr'>timoreconsiscationis,</span> <span class='ocrx_word' id='word_1_203' title='bbox 984 2013 1073 2046; x_wconf 89' lang='lat' dir='ltr'>exilii</span> 
     </span>
     <span class='ocr_line' id='line_1_36' title="bbox 183 2063 1075 2112; baseline -0.004 -12"><span class='ocrx_word' id='word_1_204' title='bbox 183 2064 221 2100; x_wconf 71' lang='grc' dir='ltr'>δε</span> <span class='ocrx_word' id='word_1_205' title='bbox 241 2066 375 2099; x_wconf 85' lang='lat' dir='ltr'>mortis.</span> <span class='ocrx_word' id='word_1_206' title='bbox 404 2065 569 2112; x_wconf 81' lang='lat' dir='ltr'>Exemplo</span> <span class='ocrx_word' id='word_1_207' title='bbox 592 2090 603 2110; x_wconf 80' lang='lat'>,</span> <span class='ocrx_word' id='word_1_208' title='bbox 644 2065 833 2112; x_wconf 65' lang='lat' dir='ltr'>praeiverunt·</span> <span class='ocrx_word' id='word_1_209' title='bbox 853 2063 1021 2097; x_wconf 84' lang='lat' dir='ltr'>Dominus</span> <span class='ocrx_word' id='word_1_210' title='bbox 1044 2064 1075 2096; x_wconf 74' lang='grc' dir='ltr'>ὅ(</span> 
     </span>
     <span class='ocr_line' id='line_1_37' title="bbox 187 2113 1075 2156; baseline 0 -10"><span class='ocrx_word' id='word_1_211' title='bbox 187 2113 352 2156; x_wconf 85' lang='lat' dir='ltr'>Apostoli.</span> <span class='ocrx_word' id='word_1_212' title='bbox 957 2123 1075 2151; x_wconf 67' lang='lat' dir='ltr'>tot-2.</span> 
     </span>
    </p>

    <p class='ocr_par' dir='ltr' id='par_1_15' title="bbox 138 2164 1077 2211">
     <span class='ocr_line' id='line_1_38' title="bbox 138 2164 1077 2211; baseline 0.001 -14"><span class='ocrx_word' id='word_1_213' title='bbox 138 2164 337 2207; x_wconf 80' lang='lat' dir='ltr'>Pauperibus</span> <span class='ocrx_word' id='word_1_214' title='bbox 350 2175 415 2198; x_wconf 92' lang='lat' dir='ltr'>non</span> <span class='ocrx_word' id='word_1_215' title='bbox 431 2165 475 2198; x_wconf 86' lang='lat' dir='ltr'>est</span> <span class='ocrx_word' id='word_1_216' title='bbox 490 2164 630 2199; x_wconf 84' lang='lat' dir='ltr'>multum</span> <span class='ocrx_word' id='word_1_217' title='bbox 645 2164 852 2210; x_wconf 87' lang='lat' dir='ltr'>litigandum.</span> <span class='ocrx_word' id='word_1_218' title='bbox 959 2174 1034 2211; x_wconf 52' lang='lat'>195.</span> <span class='ocrx_word' id='word_1_219' title='bbox 1052 2174 1077 2199; x_wconf 88' lang='lat'>1.</span> 
     </span>
    </p>

    <p class='ocr_par' dir='ltr' id='par_1_16' title="bbox 137 2213 1077 2508">
     <span class='ocr_line' id='line_1_39' title="bbox 137 2213 1074 2260; baseline 0.003 -14"><span class='ocrx_word' id='word_1_220' title='bbox 137 2213 298 2256; x_wconf 78' lang='lat' dir='ltr'>Pauperes</span> <span class='ocrx_word' id='word_1_221' title='bbox 309 2213 432 2249; x_wconf 69' lang='lat' dir='ltr'>Christi</span> <span class='ocrx_word' id='word_1_222' title='bbox 443 2216 500 2260; x_wconf 84' lang='lat' dir='ltr'>qui</span> <span class='ocrx_word' id='word_1_223' title='bbox 514 2215 637 2249; x_wconf 83' lang='lat' dir='ltr'>deridet</span> <span class='ocrx_word' id='word_1_224' title='bbox 650 2240 661 2256; x_wconf 86' lang='lat'>‚</span> <span class='ocrx_word' id='word_1_225' title='bbox 688 2215 885 2251; x_wconf 82' lang='lat' dir='ltr'>deridebitur</span> <span class='ocrx_word' id='word_1_226' title='bbox 896 2214 931 2249; x_wconf 83' lang='lat' dir='ltr'>in</span> <span class='ocrx_word' id='word_1_227' title='bbox 944 2214 1074 2256; x_wconf 86' lang='lat' dir='ltr'>judicio.</span> 
     </span>
     <span class='ocr_line' id='line_1_40' title="bbox 188 2262 1077 2310; baseline 0.001 -14"><span class='ocrx_word' id='word_1_228' title='bbox 188 2264 260 2310; x_wconf 87' lang='lat' dir='ltr'>Qui</span> <span class='ocrx_word' id='word_1_229' title='bbox 284 2262 348 2298; x_wconf 87' lang='lat' dir='ltr'>boc</span> <span class='ocrx_word' id='word_1_230' title='bbox 372 2265 428 2299; x_wconf 83' lang='lat' dir='ltr'>fibi</span> <span class='ocrx_word' id='word_1_231' title='bbox 455 2277 523 2301; x_wconf 86' lang='lat' dir='ltr'>non</span> <span class='ocrx_word' id='word_1_232' title='bbox 541 2266 725 2310; x_wconf 82' lang='lat' dir='ltr'>persuadet,</span> <span class='ocrx_word' id='word_1_233' title='bbox 755 2264 882 2298; x_wconf 90' lang='lat' dir='ltr'>videtur</span> <span class='ocrx_word' id='word_1_234' title='bbox 894 2264 1077 2298; x_wconf 83' lang='lat' dir='ltr'>existimare</span> 
     </span>
     <span class='ocr_line' id='line_1_41' title="bbox 184 2314 1074 2362; baseline 0.001 -15"><span class='ocrx_word' id='word_1_235' title='bbox 184 2314 339 2350; x_wconf 79' lang='lat' dir='ltr'>mortales</span> <span class='ocrx_word' id='word_1_236' title='bbox 353 2325 417 2349; x_wconf 87' lang='lat' dir='ltr'>non</span> <span class='ocrx_word' id='word_1_237' title='bbox 434 2315 615 2349; x_wconf 86' lang='lat' dir='ltr'>morituros.</span> <span class='ocrx_word' id='word_1_238' title='bbox 648 2326 723 2362; x_wconf 87' lang='lat'>117.</span> <span class='ocrx_word' id='word_1_239' title='bbox 741 2327 767 2352; x_wconf 88' lang='lat'>1·</span> <span class='ocrx_word' id='word_1_240' title='bbox 791 2315 860 2348; x_wconf 85' lang='lat' dir='ltr'>Illis</span> <span class='ocrx_word' id='word_1_241' title='bbox 874 2315 1074 2350; x_wconf 90' lang='lat' dir='ltr'>benefacien-</span> 
     </span>
     <span class='ocr_line' id='line_1_42' title="bbox 194 2364 1076 2410; baseline -0.001 -13"><span class='ocrx_word' id='word_1_242' title='bbox 194 2373 264 2404; x_wconf 85' lang='lat' dir='ltr'>tes,</span> <span class='ocrx_word' id='word_1_243' title='bbox 294 2364 423 2408; x_wconf 85' lang='lat' dir='ltr'>publica</span> <span class='ocrx_word' id='word_1_244' title='bbox 449 2365 622 2410; x_wconf 79' lang='lat' dir='ltr'>Evangelii</span> <span class='ocrx_word' id='word_1_245' title='bbox 643 2376 754 2400; x_wconf 88' lang='lat' dir='ltr'>manet</span> <span class='ocrx_word' id='word_1_246' title='bbox 766 2364 958 2406; x_wconf 81' lang='lat' dir='ltr'>retributio,</span> <span class='ocrx_word' id='word_1_247' title='bbox 980 2375 1076 2408; x_wconf 88' lang='lat' dir='ltr'>quam</span> 
     </span>
     <span class='ocr_line' id='line_1_43' title="bbox 185 2414 1076 2453; baseline -0.001 -6"><span class='ocrx_word' id='word_1_248' title='bbox 185 2415 391 2450; x_wconf 80' lang='lat' dir='ltr'>confirmavit</span> <span class='ocrx_word' id='word_1_249' title='bbox 416 2415 565 2451; x_wconf 84' lang='lat' dir='ltr'>Christus</span> <span class='ocrx_word' id='word_1_250' title='bbox 586 2414 764 2450; x_wconf 70' lang='lat' dir='ltr'>charactere</span> <span class='ocrx_word' id='word_1_251' title='bbox 787 2415 902 2451; x_wconf 86' lang='lat' dir='ltr'>Crucis</span> <span class='ocrx_word' id='word_1_252' title='bbox 926 2416 988 2449; x_wconf 79' lang='lat' dir='ltr'>suae</span> <span class='ocrx_word' id='word_1_253' title='bbox 1011 2438 1019 2453; x_wconf 88' lang='lat'>,</span> <span class='ocrx_word' id='word_1_254' title='bbox 1044 2414 1076 2446; x_wconf 75' lang='grc' dir='ltr'>ὅ(</span> 
     </span>
     <span class='ocr_line' id='line_1_44' title="bbox 184 2462 1077 2508; baseline 0.002 -12"><span class='ocrx_word' id='word_1_255' title='bbox 184 2462 351 2507; x_wconf 83' lang='lat' dir='ltr'>insignivit</span> <span class='ocrx_word' id='word_1_256' title='bbox 368 2465 525 2508; x_wconf 69' lang='lat' dir='ltr'>sanguine</span> <span class='ocrx_word' id='word_1_257' title='bbox 541 2466 681 2508; x_wconf 85' lang='lat' dir='ltr'>proprio.</span> <span class='ocrx_word' id='word_1_258' title='bbox 957 2465 1029 2508; x_wconf 46' lang='lat' dir='ltr'>185⁷v</span> <span class='ocrx_word' id='word_1_259' title='bbox 1051 2474 1077 2499; x_wconf 68' lang='grc' dir='ltr'>ι,</span> 
     </span>
    </p>

    <p class='ocr_par' dir='ltr' id='par_1_17' title="bbox 137 2510 1078 2709">
     <span class='ocr_line' id='line_1_45' title="bbox 137 2510 1078 2559; baseline 0.002 -15"><span class='ocrx_word' id='word_1_260' title='bbox 137 2511 315 2558; x_wconf 74' lang='lat' dir='ltr'>Paupertas</span> <span class='ocrx_word' id='word_1_261' title='bbox 328 2510 408 2545; x_wconf 86' lang='lat' dir='ltr'>nihil</span> <span class='ocrx_word' id='word_1_262' title='bbox 435 2513 528 2546; x_wconf 88' lang='lat' dir='ltr'>habet</span> <span class='ocrx_word' id='word_1_263' title='bbox 554 2513 665 2549; x_wconf 87' lang='lat' dir='ltr'>durius</span> <span class='ocrx_word' id='word_1_264' title='bbox 678 2514 709 2547; x_wconf 89' lang='lat' dir='ltr'>in</span> <span class='ocrx_word' id='word_1_265' title='bbox 723 2515 778 2553; x_wconf 89' lang='lat' dir='ltr'>se,</span> <span class='ocrx_word' id='word_1_266' title='bbox 802 2523 899 2559; x_wconf 86' lang='lat' dir='ltr'>quam</span> <span class='ocrx_word' id='word_1_267' title='bbox 918 2514 1008 2558; x_wconf 86' lang='lat' dir='ltr'>quod</span> <span class='ocrx_word' id='word_1_268' title='bbox 1023 2514 1078 2546; x_wconf 90' lang='lat' dir='ltr'>ho-</span> 
     </span>
     <span class='ocr_line' id='line_1_46' title="bbox 188 2563 1068 2609; baseline 0.002 -14"><span class='ocrx_word' id='word_1_269' title='bbox 188 2563 292 2597; x_wconf 77' lang='lat' dir='ltr'>mines</span> <span class='ocrx_word' id='word_1_270' title='bbox 305 2563 457 2595; x_wconf 59' lang='lat' dir='ltr'>ridiculos</span> <span class='ocrx_word' id='word_1_271' title='bbox 470 2563 576 2597; x_wconf 73' lang='lat' dir='ltr'>faciat.</span> <span class='ocrx_word' id='word_1_272' title='bbox 609 2575 683 2609; x_wconf 81' lang='lat'>175·</span> <span class='ocrx_word' id='word_1_273' title='bbox 703 2574 727 2597; x_wconf 91' lang='lat'>1.</span> <span class='ocrx_word' id='word_1_274' title='bbox 758 2566 792 2596; x_wconf 92' lang='lat' dir='ltr'>ln</span> <span class='ocrx_word' id='word_1_275' title='bbox 808 2574 994 2607; x_wconf 70' lang='lat' dir='ltr'>paupertate</span> <span class='ocrx_word' id='word_1_276' title='bbox 1008 2575 1068 2597; x_wconf 89' lang='lat' dir='ltr'>rne-</span> 
     </span>
     <span class='ocr_line' id='line_1_47' title="bbox 191 2611 654 2659; baseline -0.004 -12"><span class='ocrx_word' id='word_1_277' title='bbox 191 2612 254 2647; x_wconf 88' lang='lat' dir='ltr'>lius</span> <span class='ocrx_word' id='word_1_278' title='bbox 293 2611 462 2646; x_wconf 81' lang='lat' dir='ltr'>Christum</span> <span class='ocrx_word' id='word_1_279' title='bbox 492 2613 654 2659; x_wconf 84' lang='lat' dir='ltr'>sequimur</span> 
     </span>
     <span class='ocr_line' id='line_1_48' title="bbox 192 2666 310 2709; baseline -0.051 -10"><span class='ocrx_word' id='word_1_280' title='bbox 192 2666 310 2709; x_wconf 82' lang='lat'>176.1.</span> 
     </span>
    </p>

    <p class='ocr_par' dir='ltr' id='par_1_18' title="bbox 140 2712 1080 2959">
     <span class='ocr_line' id='line_1_49' title="bbox 140 2712 1080 2758; baseline 0.003 -14"><span class='ocrx_word' id='word_1_281' title='bbox 140 2712 316 2758; x_wconf 71' lang='lat' dir='ltr'>Paupertas</span> <span class='ocrx_word' id='word_1_282' title='bbox 339 2712 488 2757; x_wconf 85' lang='lat' dir='ltr'>obligat,</span> <span class='ocrx_word' id='word_1_283' title='bbox 515 2712 595 2748; x_wconf 87' lang='lat' dir='ltr'>dum</span> <span class='ocrx_word' id='word_1_284' title='bbox 619 2723 748 2755; x_wconf 89' lang='lat' dir='ltr'>propter</span> <span class='ocrx_word' id='word_1_285' title='bbox 770 2713 926 2753; x_wconf 88' lang='lat' dir='ltr'>divitias,</span> <span class='ocrx_word' id='word_1_286' title='bbox 951 2713 1080 2747; x_wconf 53' lang='lat' dir='ltr'>debere*</span> 
     </span>
     <span class='ocr_line' id='line_1_50' title="bbox 190 2762 1079 2807; baseline 0 -9"><span class='ocrx_word' id='word_1_287' title='bbox 190 2773 263 2798; x_wconf 80' lang='lat' dir='ltr'>mus</span> <span class='ocrx_word' id='word_1_288' title='bbox 275 2763 382 2796; x_wconf 75' lang='lat' dir='ltr'>Deum</span> <span class='ocrx_word' id='word_1_289' title='bbox 400 2763 584 2798; x_wconf 83' lang='lat' dir='ltr'>offendere.</span> <span class='ocrx_word' id='word_1_290' title='bbox 610 2762 712 2798; x_wconf 86' lang='lat' dir='ltr'>Tunc</span> <span class='ocrx_word' id='word_1_291' title='bbox 735 2764 825 2797; x_wconf 89' lang='lat' dir='ltr'>enim</span> <span class='ocrx_word' id='word_1_292' title='bbox 849 2774 939 2807; x_wconf 67' lang='lat' dir='ltr'>urget</span> <span class='ocrx_word' id='word_1_293' title='bbox 955 2764 1079 2798; x_wconf 81' lang='lat' dir='ltr'>Exem-</span> 
     </span>
     <span class='ocr_line' id='line_1_51' title="bbox 191 2812 1079 2857; baseline 0.005 -13"><span class='ocrx_word' id='word_1_294' title='bbox 191 2812 282 2856; x_wconf 87' lang='lat' dir='ltr'>plum</span> <span class='ocrx_word' id='word_1_295' title='bbox 297 2812 413 2855; x_wconf 76' lang='lat' dir='ltr'>Joseph</span> <span class='ocrx_word' id='word_1_296' title='bbox 427 2837 436 2852; x_wconf 87' lang='lat'><em>‚</em></span> <span class='ocrx_word' id='word_1_297' title='bbox 464 2815 518 2856; x_wconf 88' lang='lat' dir='ltr'>qui</span> <span class='ocrx_word' id='word_1_298' title='bbox 537 2813 667 2855; x_wconf 88' lang='lat' dir='ltr'>pallium</span> <span class='ocrx_word' id='word_1_299' title='bbox 691 2814 820 2857; x_wconf 87' lang='lat' dir='ltr'>reliquit</span> <span class='ocrx_word' id='word_1_300' title='bbox 845 2816 877 2848; x_wconf 90' lang='lat' dir='ltr'>in</span> <span class='ocrx_word' id='word_1_301' title='bbox 893 2825 990 2847; x_wconf 88' lang='lat' dir='ltr'>manu</span> <span class='ocrx_word' id='word_1_302' title='bbox 1006 2826 1079 2848; x_wconf 83' lang='lat' dir='ltr'>mu·-</span> 
     </span>
     <span class='ocr_line' id='line_1_52' title="bbox 191 2862 1076 2906; baseline 0.006 -12"><span class='ocrx_word' id='word_1_303' title='bbox 191 2862 279 2898; x_wconf 76' lang='lat' dir='ltr'>lieris</span> <span class='ocrx_word' id='word_1_304' title='bbox 291 2863 483 2904; x_wconf 86' lang='lat' dir='ltr'>impudicae,</span> <span class='ocrx_word' id='word_1_305' title='bbox 510 2862 543 2895; x_wconf 91' lang='lat'>&amp;</span> <span class='ocrx_word' id='word_1_306' title='bbox 565 2863 797 2905; x_wconf 64' lang='lat' dir='ltr'>adolescentis,</span> <span class='ocrx_word' id='word_1_307' title='bbox 824 2865 878 2906; x_wconf 91' lang='lat' dir='ltr'>qui</span> <span class='ocrx_word' id='word_1_308' title='bbox 905 2864 1010 2898; x_wconf 67' lang='lat' dir='ltr'>relicta</span> <span class='ocrx_word' id='word_1_309' title='bbox 1023 2865 1076 2899; x_wconf 86' lang='lat' dir='ltr'>fin·</span> 
     </span>
     <span class='ocr_line' id='line_1_53' title="bbox 191 2911 1078 2959; baseline 0.008 -16"><span class='ocrx_word' id='word_1_310' title='bbox 191 2911 279 2945; x_wconf 86' lang='lat' dir='ltr'>done</span> <span class='ocrx_word' id='word_1_311' title='bbox 304 2936 314 2951; x_wconf 87' lang='lat'>,</span> <span class='ocrx_word' id='word_1_312' title='bbox 343 2913 448 2947; x_wconf 84' lang='lat' dir='ltr'>nudus</span> <span class='ocrx_word' id='word_1_313' title='bbox 486 2913 629 2958; x_wconf 83' lang='lat' dir='ltr'>profugit</span> <span class='ocrx_word' id='word_1_314' title='bbox 665 2914 683 2949; x_wconf 69' lang='lat' dir='ltr'>a</span> <span class='ocrx_word' id='word_1_315' title='bbox 720 2914 802 2948; x_wconf 82' lang='lat' dir='ltr'>facie</span> <span class='ocrx_word' id='word_1_316' title='bbox 841 2915 1078 2959; x_wconf 64' lang='lat' dir='ltr'>persecutorum</span> 
     </span>
    </p>
   </div>
   <div class='ocr_carea' id='block_1_4' title="bbox 192 2960 1077 3013">
    <p class='ocr_par' dir='ltr' id='par_1_19' title="bbox 192 2960 1077 3013">
     <span class='ocr_line' id='line_1_54' title="bbox 192 2960 1077 3013; baseline 0.001 -17"><span class='ocrx_word' id='word_1_317' title='bbox 192 2960 328 2996; x_wconf 79' lang='lat' dir='ltr'>Christi.</span> <span class='ocrx_word' id='word_1_318' title='bbox 962 2964 1035 3013; x_wconf 87' lang='lat'>176.</span> <span class='ocrx_word' id='word_1_319' title='bbox 1053 2980 1077 3001; x_wconf 57' lang='grc' dir='ltr'>ι.</span> 
     </span>
    </p>
   </div>
   <div class='ocr_carea' id='block_1_5' title="bbox 690 2612 1077 2661">
    <p class='ocr_par' dir='ltr' id='par_1_20' title="bbox 690 2612 1077 2661">
     <span class='ocr_line' id='line_1_55' title="bbox 690 2612 1077 2661; baseline 0 -15"><span class='ocrx_word' id='word_1_320' title='bbox 690 2638 700 2654; x_wconf 82' lang='grc'>,</span> <span class='ocrx_word' id='word_1_321' title='bbox 737 2625 837 2661; x_wconf 84' lang='lat' dir='ltr'>quarn</span> <span class='ocrx_word' id='word_1_322' title='bbox 876 2614 909 2648; x_wconf 89' lang='lat' dir='ltr'>in</span> <span class='ocrx_word' id='word_1_323' title='bbox 945 2612 1077 2651; x_wconf 82' lang='lat' dir='ltr'>divitiis.</span> 
     </span>
    </p>
   </div>
   <div class='ocr_carea' id='block_1_6' title="bbox 140 3010 1920 3112">
    <p class='ocr_par' dir='ltr' id='par_1_21' title="bbox 140 3010 1920 3112">
     <span class='ocr_line' id='line_1_56' title="bbox 140 3010 1542 3058; baseline -0.008 -9"><span class='ocrx_word' id='word_1_324' title='bbox 140 3013 318 3053; x_wconf 77' lang='lat' dir='ltr'>Paupertas</span> <span class='ocrx_word' id='word_1_325' title='bbox 332 3010 468 3045; x_wconf 88' lang='lat' dir='ltr'>humilis</span> <span class='ocrx_word' id='word_1_326' title='bbox 484 3012 713 3048; x_wconf 83' lang='lat' dir='ltr'>remuneranda</span> <span class='ocrx_word' id='word_1_327' title='bbox 734 3012 865 3058; x_wconf 87' lang='lat' dir='ltr'>quidem</span> <span class='ocrx_word' id='word_1_328' title='bbox 887 3014 931 3048; x_wconf 88' lang='lat' dir='ltr'>est</span> <span class='ocrx_word' id='word_1_329' title='bbox 945 3039 955 3054; x_wconf 95' lang='lat'>‚</span> <span class='ocrx_word' id='word_1_330' title='bbox 985 3015 1078 3049; x_wconf 85' lang='lat' dir='ltr'>sed&amp;</span> <span class='ocrx_word' id='word_1_331' title='bbox 1143 3010 1291 3047; x_wconf 79' lang='lat' dir='ltr'>Pericula</span> <span class='ocrx_word' id='word_1_332' title='bbox 1304 3013 1376 3046; x_wconf 88' lang='lat' dir='ltr'>sunt</span> <span class='ocrx_word' id='word_1_333' title='bbox 1388 3012 1542 3046; x_wconf 64' lang='lat' dir='ltr'>cavenda,</span> 
     </span>
     <span class='ocr_line' id='line_1_57' title="bbox 752 3043 1920 3112; baseline -0.01 -6"><span class='ocrx_word' id='word_1_334' title='bbox 752 3058 754 3060; x_wconf 12' lang='lat' dir='ltr'><em>r</em></span> <span class='ocrx_word' id='word_1_335' title='bbox 955 3068 1024 3112; x_wconf 83' lang='lat'>360</span> <span class='ocrx_word' id='word_1_336' title='bbox 1049 3057 1097 3100; x_wconf 72' lang='lat' dir='ltr'>1.l</span> <span class='ocrx_word' id='word_1_337' title='bbox 1123 3043 1365 3095; x_wconf 79' lang='lat' dir='ltr'>lPericulosum</span> <span class='ocrx_word' id='word_1_338' title='bbox 1403 3061 1448 3096; x_wconf 86' lang='lat' dir='ltr'>est</span> <span class='ocrx_word' id='word_1_339' title='bbox 1487 3063 1571 3095; x_wconf 91' lang='lat' dir='ltr'>inter</span> <span class='ocrx_word' id='word_1_340' title='bbox 1599 3062 1717 3106; x_wconf 85' lang='lat' dir='ltr'>impios</span> <span class='ocrx_word' id='word_1_341' title='bbox 1741 3067 1803 3100; x_wconf 80' lang='lat' dir='ltr'>esse</span> <span class='ocrx_word' id='word_1_342' title='bbox 1831 3067 1920 3111; x_wconf 75' lang='lat' dir='ltr'>pium</span> 
     </span>
    </p>
   </div>
   <div class='ocr_carea' id='block_1_7' title="bbox 140 3061 774 3154">
    <p class='ocr_par' dir='ltr' id='par_1_22' title="bbox 140 3061 774 3154">
     <span class='ocr_line' id='line_1_58' title="bbox 191 3061 568 3104; baseline 0 -10"><span class='ocrx_word' id='word_1_343' title='bbox 191 3061 324 3103; x_wconf 85' lang='lat' dir='ltr'>superba</span> <span class='ocrx_word' id='word_1_344' title='bbox 337 3062 379 3094; x_wconf 84' lang='lat' dir='ltr'>est</span> <span class='ocrx_word' id='word_1_345' title='bbox 393 3062 568 3104; x_wconf 83' lang='lat' dir='ltr'>punienda.</span> 
     </span>
     <span class='ocr_line' id='line_1_59' title="bbox 140 3112 774 3154; baseline 0.002 -8"><span class='ocrx_word' id='word_1_346' title='bbox 140 3113 212 3147; x_wconf 85' lang='lat' dir='ltr'>Pax</span> <span class='ocrx_word' id='word_1_347' title='bbox 227 3112 342 3154; x_wconf 81' lang='lat' dir='ltr'>sperata</span> <span class='ocrx_word' id='word_1_348' title='bbox 358 3112 508 3146; x_wconf 88' lang='lat' dir='ltr'>solatium</span> <span class='ocrx_word' id='word_1_349' title='bbox 521 3113 564 3146; x_wconf 82' lang='lat' dir='ltr'>est</span> <span class='ocrx_word' id='word_1_350' title='bbox 577 3113 774 3147; x_wconf 79' lang='lat' dir='ltr'>bellantium.</span> 
     </span>
    </p>
   </div>
   <div class='ocr_carea' id='block_1_8' title="bbox 977 3123 1076 3159">
    <p class='ocr_par' dir='ltr' id='par_1_23' title="bbox 977 3123 1076 3159">
     <span class='ocr_line' id='line_1_60' title="bbox 977 3123 1076 3159; baseline -0.02 -9"><span class='ocrx_word' id='word_1_351' title='bbox 977 3123 1030 3159; x_wconf 84' lang='lat'>71.</span> <span class='ocrx_word' id='word_1_352' title='bbox 1050 3125 1076 3150; x_wconf 77' lang='grc' dir='ltr'>ι.</span> 
     </span>
    </p>
   </div>
   <div class='ocr_carea' id='block_1_9' title="bbox 139 3161 1674 3205">
    <p class='ocr_par' dir='ltr' id='par_1_24' title="bbox 139 3161 1674 3205">
     <span class='ocr_line' id='line_1_61' title="bbox 139 3161 1674 3205; baseline 0.003 -10"><span class='ocrx_word' id='word_1_353' title='bbox 139 3162 211 3199; x_wconf 86' lang='lat' dir='ltr'>Pax</span> <span class='ocrx_word' id='word_1_354' title='bbox 228 3161 500 3204; x_wconf 82' lang='lat' dir='ltr'>exoptabilisest,</span> <span class='ocrx_word' id='word_1_355' title='bbox 529 3163 582 3197; x_wconf 81' lang='lat' dir='ltr'>sed</span> <span class='ocrx_word' id='word_1_356' title='bbox 604 3174 671 3205; x_wconf 84' lang='lat' dir='ltr'>quae</span> <span class='ocrx_word' id='word_1_357' title='bbox 697 3178 756 3198; x_wconf 87' lang='lat' dir='ltr'>nec</span> <span class='ocrx_word' id='word_1_358' title='bbox 771 3165 915 3199; x_wconf 80' lang='lat' dir='ltr'>simulata</span> <span class='ocrx_word' id='word_1_359' title='bbox 933 3167 990 3202; x_wconf 79' lang='lat' dir='ltr'>fit,</span> <span class='ocrx_word' id='word_1_360' title='bbox 1020 3177 1078 3201; x_wconf 87' lang='lat' dir='ltr'>nec</span> <span class='ocrx_word' id='word_1_361' title='bbox 1142 3161 1328 3197; x_wconf 71' lang='lat' dir='ltr'>persecutio</span> <span class='ocrx_word' id='word_1_362' title='bbox 1364 3161 1445 3205; x_wconf 68' lang='grc' dir='ltr'>Ρπῖῑ</span> <span class='ocrx_word' id='word_1_363' title='bbox 1479 3161 1625 3194; x_wconf 73' lang='lat' dir='ltr'>favorem</span> <span class='ocrx_word' id='word_1_364' title='bbox 1664 3187 1674 3203; x_wconf 90' lang='lat'>,</span> 
     </span>
    </p>
   </div>
   <div class='ocr_carea' id='block_1_10' title="bbox 138 3212 1078 3509">
    <p class='ocr_par' dir='ltr' id='par_1_25' title="bbox 138 3212 1078 3509">
     <span class='ocr_line' id='line_1_62' title="bbox 189 3212 1075 3260; baseline 0.007 -16"><span class='ocrx_word' id='word_1_365' title='bbox 189 3222 433 3249; x_wconf 79' lang='lat' dir='ltr'>momentanea.</span> <span class='ocrx_word' id='word_1_366' title='bbox 461 3213 520 3247; x_wconf 83' lang='lat' dir='ltr'>llla</span> <span class='ocrx_word' id='word_1_367' title='bbox 543 3213 583 3247; x_wconf 81' lang='lat' dir='ltr'>ab</span> <span class='ocrx_word' id='word_1_368' title='bbox 602 3212 779 3250; x_wconf 81' lang='lat' dir='ltr'>adversatio</span> <span class='ocrx_word' id='word_1_369' title='bbox 802 3217 942 3260; x_wconf 78' lang='lat' dir='ltr'>pendet3</span> <span class='ocrx_word' id='word_1_370' title='bbox 981 3213 1075 3250; x_wconf 73' lang='lat' dir='ltr'>haeca</span> 
     </span>
     <span class='ocr_line' id='line_1_63' title="bbox 191 3262 1075 3312; baseline 0.002 -17"><span class='ocrx_word' id='word_1_371' title='bbox 191 3262 278 3298; x_wconf 87' lang='lat' dir='ltr'>Deo.</span> <span class='ocrx_word' id='word_1_372' title='bbox 959 3275 1032 3312; x_wconf 87' lang='lat'>¹70·</span> <span class='ocrx_word' id='word_1_373' title='bbox 1057 3282 1075 3298; x_wconf 88' lang='grc'>;.</span> 
     </span>
     <span class='ocr_line' id='line_1_64' title="bbox 138 3310 1074 3351; baseline 0.003 -6"><span class='ocrx_word' id='word_1_374' title='bbox 138 3310 208 3347; x_wconf 87' lang='lat' dir='ltr'>Pax</span> <span class='ocrx_word' id='word_1_375' title='bbox 224 3310 366 3348; x_wconf 85' lang='lat' dir='ltr'>humana</span> <span class='ocrx_word' id='word_1_376' title='bbox 384 3323 449 3345; x_wconf 85' lang='lat' dir='ltr'>non</span> <span class='ocrx_word' id='word_1_377' title='bbox 462 3313 505 3347; x_wconf 87' lang='lat' dir='ltr'>est</span> <span class='ocrx_word' id='word_1_378' title='bbox 519 3313 678 3347; x_wconf 80' lang='lat' dir='ltr'>diuturna.</span> <span class='ocrx_word' id='word_1_379' title='bbox 979 3327 1030 3351; x_wconf 82' lang='lat'>11.</span> <span class='ocrx_word' id='word_1_380' title='bbox 1046 3324 1074 3349; x_wconf 67' lang='lat'>2,</span> 
     </span>
     <span class='ocr_line' id='line_1_65' title="bbox 138 3361 1074 3408; baseline 0 -12"><span class='ocrx_word' id='word_1_381' title='bbox 138 3361 258 3399; x_wconf 84' lang='lat' dir='ltr'>Pacem</span> <span class='ocrx_word' id='word_1_382' title='bbox 272 3373 378 3397; x_wconf 87' lang='lat' dir='ltr'>veram</span> <span class='ocrx_word' id='word_1_383' title='bbox 393 3388 401 3402; x_wconf 92' lang='lat'>,</span> <span class='ocrx_word' id='word_1_384' title='bbox 430 3363 508 3398; x_wconf 86' lang='lat' dir='ltr'>sicut</span> <span class='ocrx_word' id='word_1_385' title='bbox 522 3363 670 3400; x_wconf 84' lang='lat' dir='ltr'>Mundus</span> <span class='ocrx_word' id='word_1_386' title='bbox 683 3365 806 3408; x_wconf 73' lang='lat' dir='ltr'>nescit,</span> <span class='ocrx_word' id='word_1_387' title='bbox 827 3367 869 3401; x_wconf 85' lang='lat' dir='ltr'>sic</span> <span class='ocrx_word' id='word_1_388' title='bbox 882 3366 966 3400; x_wconf 82' lang='lat' dir='ltr'>solus</span> <span class='ocrx_word' id='word_1_389' title='bbox 983 3364 1074 3398; x_wconf 73' lang='lat' dir='ltr'>Chri·</span> 
     </span>
     <span class='ocr_line' id='line_1_66' title="bbox 192 3413 1078 3461; baseline 0.005 -16"><span class='ocrx_word' id='word_1_390' title='bbox 192 3413 256 3445; x_wconf 84' lang='lat' dir='ltr'>ssus</span> <span class='ocrx_word' id='word_1_391' title='bbox 268 3414 430 3456; x_wconf 80' lang='lat' dir='ltr'>agnoscit.</span> <span class='ocrx_word' id='word_1_392' title='bbox 967 3426 1034 3461; x_wconf 72' lang='lat'>25?-</span> <span class='ocrx_word' id='word_1_393' title='bbox 1060 3425 1078 3449; x_wconf 89' lang='lat'>1.</span> 
     </span>
     <span class='ocr_line' id='line_1_67' title="bbox 139 3460 1074 3509; baseline 0.006 -14"><span class='ocrx_word' id='word_1_394' title='bbox 139 3461 217 3500; x_wconf 75' lang='lat' dir='ltr'>Paci</span> <span class='ocrx_word' id='word_1_395' title='bbox 240 3463 318 3507; x_wconf 82' lang='lat' dir='ltr'>saepe</span> <span class='ocrx_word' id='word_1_396' title='bbox 340 3463 411 3509; x_wconf 86' lang='lat' dir='ltr'>plus</span> <span class='ocrx_word' id='word_1_397' title='bbox 434 3460 561 3509; x_wconf 87' lang='lat' dir='ltr'>prodest</span> <span class='ocrx_word' id='word_1_398' title='bbox 589 3464 805 3500; x_wconf 86' lang='lat' dir='ltr'>mansuetudo</span> <span class='ocrx_word' id='word_1_399' title='bbox 830 3490 842 3509; x_wconf 75' lang='lat'>,</span> <span class='ocrx_word' id='word_1_400' title='bbox 877 3475 973 3509; x_wconf 83' lang='lat' dir='ltr'>quam</span> <span class='ocrx_word' id='word_1_401' title='bbox 997 3467 1074 3501; x_wconf 76' lang='lat' dir='ltr'>seve</span> 
     </span>
    </p>
   </div>
   <div class='ocr_carea' id='block_1_11' title="bbox 1129 154 2073 1254">
    <p class='ocr_par' dir='ltr' id='par_1_26' title="bbox 1129 154 2073 1254">
     <span class='ocr_line' id='line_1_68' title="bbox 1884 154 1982 199; baseline -0.031 0"><span class='ocrx_word' id='word_1_402' title='bbox 1884 154 1982 199; x_wconf 75' lang='lat'>403</span> 
     </span>
     <span class='ocr_line' id='line_1_69' title="bbox 1176 210 2058 269; baseline 0.012 -22"><span class='ocrx_word' id='word_1_403' title='bbox 1176 210 1260 248; x_wconf 76' lang='lat' dir='ltr'>ritas.</span> <span class='ocrx_word' id='word_1_404' title='bbox 1935 231 2014 269; x_wconf 80' lang='lat'>255.</span> <span class='ocrx_word' id='word_1_405' title='bbox 2028 235 2058 258; x_wconf 87' lang='lat'>2·</span> 
     </span>
     <span class='ocr_line' id='line_1_70' title="bbox 1129 259 2059 315; baseline 0.008 -20"><span class='ocrx_word' id='word_1_406' title='bbox 1129 262 1247 301; x_wconf 85' lang='lat' dir='ltr'>Pacem</span> <span class='ocrx_word' id='word_1_407' title='bbox 1273 260 1419 295; x_wconf 86' lang='lat' dir='ltr'>Ecclesiae</span> <span class='ocrx_word' id='word_1_408' title='bbox 1441 259 1594 305; x_wconf 85' lang='lat' dir='ltr'>Episcopi</span> <span class='ocrx_word' id='word_1_409' title='bbox 1617 273 1685 301; x_wconf 85' lang='lat' dir='ltr'>nou</span> <span class='ocrx_word' id='word_1_410' title='bbox 1707 269 1908 310; x_wconf 75' lang='lat' dir='ltr'>prodendam</span> <span class='ocrx_word' id='word_1_411' title='bbox 1930 283 2059 315; x_wconf 76' lang='lat' dir='ltr'>accepe-</span> 
     </span>
     <span class='ocr_line' id='line_1_71' title="bbox 1179 312 2059 358; baseline 0.008 -15"><span class='ocrx_word' id='word_1_412' title='bbox 1179 320 1275 351; x_wconf 87' lang='lat' dir='ltr'>runt,</span> <span class='ocrx_word' id='word_1_413' title='bbox 1303 312 1356 345; x_wconf 87' lang='lat' dir='ltr'>sed</span> <span class='ocrx_word' id='word_1_414' title='bbox 1369 312 1626 345; x_wconf 85' lang='lat' dir='ltr'>custodiendam.</span> <span class='ocrx_word' id='word_1_415' title='bbox 1949 322 2059 358; x_wconf 78' lang='lat'>126-1-</span> 
     </span>
     <span class='ocr_line' id='line_1_72' title="bbox 1130 361 2059 416; baseline 0.015 -23"><span class='ocrx_word' id='word_1_416' title='bbox 1130 361 1214 395; x_wconf 81' lang='lat' dir='ltr'>Pace</span> <span class='ocrx_word' id='word_1_417' title='bbox 1226 372 1282 404; x_wconf 90' lang='lat' dir='ltr'>pro</span> <span class='ocrx_word' id='word_1_418' title='bbox 1293 362 1484 403; x_wconf 88' lang='lat' dir='ltr'>communi,</span> <span class='ocrx_word' id='word_1_419' title='bbox 1512 362 1606 406; x_wconf 82' lang='lat' dir='ltr'>poffit</span> <span class='ocrx_word' id='word_1_420' title='bbox 1617 373 1699 398; x_wconf 90' lang='lat' dir='ltr'>unus</span> <span class='ocrx_word' id='word_1_421' title='bbox 1719 364 1917 409; x_wconf 76' lang='lat' dir='ltr'>litigantium</span> <span class='ocrx_word' id='word_1_422' title='bbox 1931 384 2059 416; x_wconf 84' lang='lat' dir='ltr'>promo·</span> 
     </span>
     <span class='ocr_line' id='line_1_73' title="bbox 1145 412 2060 469; baseline 0.011 -26"><span class='ocrx_word' id='word_1_423' title='bbox 1145 428 1149 434; x_wconf 77' lang='lat'><em>‹</em></span> <span class='ocrx_word' id='word_1_424' title='bbox 1179 412 1495 450; x_wconf 80' lang='lat' dir='ltr'>veriutamoveatur.</span> <span class='ocrx_word' id='word_1_425' title='bbox 1937 432 2060 469; x_wconf 78' lang='lat'><em>2041-</em></span> 
     </span>
     <span class='ocr_line' id='line_1_74' title="bbox 1129 460 2062 516; baseline 0.01 -20"><span class='ocrx_word' id='word_1_426' title='bbox 1129 460 1200 496; x_wconf 81' lang='lat' dir='ltr'>Pax</span> <span class='ocrx_word' id='word_1_427' title='bbox 1223 461 1307 495; x_wconf 90' lang='lat' dir='ltr'>inter</span> <span class='ocrx_word' id='word_1_428' title='bbox 1331 463 1373 496; x_wconf 91' lang='lat' dir='ltr'>D.</span> <span class='ocrx_word' id='word_1_429' title='bbox 1392 461 1588 502; x_wconf 87' lang='lat' dir='ltr'>Thomam,</span> <span class='ocrx_word' id='word_1_430' title='bbox 1615 463 1647 497; x_wconf 88' lang='lat'>&amp;</span> <span class='ocrx_word' id='word_1_431' title='bbox 1670 464 1852 500; x_wconf 86' lang='lat' dir='ltr'>Henricum</span> <span class='ocrx_word' id='word_1_432' title='bbox 1877 469 1917 501; x_wconf 90' lang='lat'>11.</span> <span class='ocrx_word' id='word_1_433' title='bbox 1931 472 2062 516; x_wconf 80' lang='lat' dir='ltr'>Angliae</span> 
     </span>
     <span class='ocr_line' id='line_1_75' title="bbox 1179 511 2065 560; baseline 0.01 -16"><span class='ocrx_word' id='word_1_434' title='bbox 1179 511 1326 556; x_wconf 85' lang='lat' dir='ltr'>Regem.</span> <span class='ocrx_word' id='word_1_435' title='bbox 1365 513 1473 556; x_wconf 85' lang='lat' dir='ltr'>Reges</span> <span class='ocrx_word' id='word_1_436' title='bbox 1503 514 1536 546; x_wconf 71' lang='grc' dir='ltr'>ἃ</span> <span class='ocrx_word' id='word_1_437' title='bbox 1561 514 1726 557; x_wconf 78' lang='lat' dir='ltr'>Principes</span> <span class='ocrx_word' id='word_1_438' title='bbox 1751 515 1797 548; x_wconf 87' lang='lat' dir='ltr'>illi</span> <span class='ocrx_word' id='word_1_439' title='bbox 1821 528 1950 560; x_wconf 80' lang='lat' dir='ltr'>operam</span> <span class='ocrx_word' id='word_1_440' title='bbox 1971 520 2065 556; x_wconf 75' lang='lat' dir='ltr'>dede-</span> 
     </span>
     <span class='ocr_line' id='line_1_76' title="bbox 1179 559 2064 612; baseline 0.01 -18"><span class='ocrx_word' id='word_1_441' title='bbox 1179 573 1263 595; x_wconf 90' lang='lat' dir='ltr'>runt.</span> <span class='ocrx_word' id='word_1_442' title='bbox 1294 559 1376 597; x_wconf 70' lang='lat'>801.</span> <span class='ocrx_word' id='word_1_443' title='bbox 1405 559 1460 597; x_wconf 86' lang='lat'>81.</span> <span class='ocrx_word' id='word_1_444' title='bbox 1483 573 1514 595; x_wconf 90' lang='lat'>2.</span> <span class='ocrx_word' id='word_1_445' title='bbox 1544 563 1695 597; x_wconf 89' lang='lat' dir='ltr'>Summus</span> <span class='ocrx_word' id='word_1_446' title='bbox 1717 564 1872 601; x_wconf 78' lang='lat' dir='ltr'>Pontifex</span> <span class='ocrx_word' id='word_1_447' title='bbox 1905 592 1916 608; x_wconf 88' lang='lat'>‚</span> <span class='ocrx_word' id='word_1_448' title='bbox 1953 579 2064 612; x_wconf 82' lang='lat' dir='ltr'>quater</span> 
     </span>
     <span class='ocr_line' id='line_1_77' title="bbox 1179 612 2067 658; baseline 0.01 -14"><span class='ocrx_word' id='word_1_449' title='bbox 1179 612 1265 645; x_wconf 85' lang='lat' dir='ltr'>mifir</span> <span class='ocrx_word' id='word_1_450' title='bbox 1291 613 1434 656; x_wconf 88' lang='lat' dir='ltr'>legatos.</span> <span class='ocrx_word' id='word_1_451' title='bbox 1473 613 1569 646; x_wconf 76' lang='lat' dir='ltr'>Vide.</span> <span class='ocrx_word' id='word_1_452' title='bbox 1601 614 1747 658; x_wconf 82' lang='lat' dir='ltr'>Legatos</span> <span class='ocrx_word' id='word_1_453' title='bbox 1768 616 1869 651; x_wconf 86' lang='lat' dir='ltr'>mittit</span> <span class='ocrx_word' id='word_1_454' title='bbox 1895 618 2067 654; x_wconf 86' lang='lat' dir='ltr'>Romanus</span> 
     </span>
     <span class='ocr_line' id='line_1_78' title="bbox 1181 661 2069 713; baseline 0.008 -18"><span class='ocrx_word' id='word_1_455' title='bbox 1181 661 1362 696; x_wconf 82' lang='lat' dir='ltr'>Pontifex.</span> <span class='ocrx_word' id='word_1_456' title='bbox 1402 662 1476 696; x_wconf 86' lang='lat' dir='ltr'>Rex</span> <span class='ocrx_word' id='word_1_457' title='bbox 1509 664 1640 707; x_wconf 80' lang='lat' dir='ltr'>Angliae</span> <span class='ocrx_word' id='word_1_458' title='bbox 1672 665 1804 699; x_wconf 85' lang='lat' dir='ltr'>tandem</span> <span class='ocrx_word' id='word_1_459' title='bbox 1842 668 2030 713; x_wconf 86' lang='lat' dir='ltr'>intelligens</span> <span class='ocrx_word' id='word_1_460' title='bbox 2057 694 2069 709; x_wconf 90' lang='lat'>,</span> 
     </span>
     <span class='ocr_line' id='line_1_79' title="bbox 1181 711 2073 762; baseline 0.009 -18"><span class='ocrx_word' id='word_1_461' title='bbox 1181 712 1268 754; x_wconf 89' lang='lat' dir='ltr'>quod</span> <span class='ocrx_word' id='word_1_462' title='bbox 1283 711 1369 754; x_wconf 85' lang='lat' dir='ltr'>Papa</span> <span class='ocrx_word' id='word_1_463' title='bbox 1383 724 1448 746; x_wconf 91' lang='lat' dir='ltr'>non</span> <span class='ocrx_word' id='word_1_464' title='bbox 1463 724 1605 755; x_wconf 83' lang='lat' dir='ltr'>parceret</span> <span class='ocrx_word' id='word_1_465' title='bbox 1618 714 1665 746; x_wconf 88' lang='lat' dir='ltr'>illi</span> <span class='ocrx_word' id='word_1_466' title='bbox 1678 739 1688 755; x_wconf 93' lang='lat'>‚</span> <span class='ocrx_word' id='word_1_467' title='bbox 1716 715 1795 749; x_wconf 90' lang='lat' dir='ltr'>sicut</span> <span class='ocrx_word' id='word_1_468' title='bbox 1808 729 1912 762; x_wconf 89' lang='lat' dir='ltr'>neque</span> <span class='ocrx_word' id='word_1_469' title='bbox 1926 717 2073 762; x_wconf 72' lang='lat' dir='ltr'>pepercit</span> 
     </span>
     <span class='ocr_line' id='line_1_80' title="bbox 1181 762 2067 809; baseline 0.011 -17"><span class='ocrx_word' id='word_1_470' title='bbox 1181 762 1355 800; x_wconf 83' lang='lat' dir='ltr'>Frederico</span> <span class='ocrx_word' id='word_1_471' title='bbox 1368 763 1591 807; x_wconf 72' lang='lat' dir='ltr'>eat-Augusto:</span> <span class='ocrx_word' id='word_1_472' title='bbox 1619 763 1710 798; x_wconf 71' lang='lat' dir='ltr'>illico</span> <span class='ocrx_word' id='word_1_473' title='bbox 1733 778 1843 809; x_wconf 84' lang='lat' dir='ltr'>pacem</span> <span class='ocrx_word' id='word_1_474' title='bbox 1866 769 1967 809; x_wconf 75' lang='lat' dir='ltr'>facit,</span> <span class='ocrx_word' id='word_1_475' title='bbox 1995 780 2067 803; x_wconf 89' lang='lat' dir='ltr'>non</span> 
     </span>
     <span class='ocr_line' id='line_1_81' title="bbox 1182 813 2068 855; baseline 0.011 -12"><span class='ocrx_word' id='word_1_476' title='bbox 1182 813 1372 854; x_wconf 75' lang='lat' dir='ltr'>praesumens</span> <span class='ocrx_word' id='word_1_477' title='bbox 1393 814 1524 855; x_wconf 88' lang='lat' dir='ltr'>quidem</span> <span class='ocrx_word' id='word_1_478' title='bbox 1561 814 1677 849; x_wconf 89' lang='lat' dir='ltr'>mutire</span> <span class='ocrx_word' id='word_1_479' title='bbox 1697 815 1737 849; x_wconf 89' lang='lat' dir='ltr'>de</span> <span class='ocrx_word' id='word_1_480' title='bbox 1760 815 2068 853; x_wconf 85' lang='lat' dir='ltr'>Consuetudinibus</span> 
     </span>
     <span class='ocr_line' id='line_1_82' title="bbox 1182 862 2066 913; baseline 0.007 -18"><span class='ocrx_word' id='word_1_481' title='bbox 1182 862 1254 895; x_wconf 88' lang='lat' dir='ltr'>suis.</span> <span class='ocrx_word' id='word_1_482' title='bbox 1282 871 1392 908; x_wconf 83' lang='lat'>341-1·</span> <span class='ocrx_word' id='word_1_483' title='bbox 1421 863 1861 906; x_wconf 83' lang='lat' dir='ltr'>AdmittitD.Thomamad</span> <span class='ocrx_word' id='word_1_484' title='bbox 1874 870 2066 913; x_wconf 87' lang='lat' dir='ltr'>alloquium.</span> 
     </span>
     <span class='ocr_line' id='line_1_83' title="bbox 1183 910 2069 961; baseline 0.009 -15"><span class='ocrx_word' id='word_1_485' title='bbox 1183 910 1311 946; x_wconf 78' lang='lat' dir='ltr'>Primus</span> <span class='ocrx_word' id='word_1_486' title='bbox 1325 912 1460 952; x_wconf 87' lang='lat' dir='ltr'>salutat,</span> <span class='ocrx_word' id='word_1_487' title='bbox 1487 914 1614 948; x_wconf 68' lang='lat' dir='ltr'>detecto</span> <span class='ocrx_word' id='word_1_488' title='bbox 1630 916 1757 958; x_wconf 85' lang='lat' dir='ltr'>capite,</span> <span class='ocrx_word' id='word_1_489' title='bbox 1785 918 1921 961; x_wconf 83' lang='lat' dir='ltr'>loquens</span> <span class='ocrx_word' id='word_1_490' title='bbox 1932 919 2069 954; x_wconf 80' lang='lat' dir='ltr'>familia-</span> 
     </span>
     <span class='ocr_line' id='line_1_84' title="bbox 1183 962 2067 1009; baseline 0.01 -15"><span class='ocrx_word' id='word_1_491' title='bbox 1183 963 1260 995; x_wconf 78' lang='lat' dir='ltr'>riter</span> <span class='ocrx_word' id='word_1_492' title='bbox 1280 986 1292 1002; x_wconf 95' lang='lat'>,</span> <span class='ocrx_word' id='word_1_493' title='bbox 1329 973 1366 995; x_wconf 92' lang='lat' dir='ltr'>ac</span> <span class='ocrx_word' id='word_1_494' title='bbox 1404 962 1426 997; x_wconf 87' lang='lat' dir='ltr'>si</span> <span class='ocrx_word' id='word_1_495' title='bbox 1450 964 1541 998; x_wconf 81' lang='lat' dir='ltr'>nulla</span> <span class='ocrx_word' id='word_1_496' title='bbox 1564 976 1708 1009; x_wconf 85' lang='lat' dir='ltr'>unquam</span> <span class='ocrx_word' id='word_1_497' title='bbox 1744 968 1850 1003; x_wconf 72' lang='lat' dir='ltr'>fuisset</span> <span class='ocrx_word' id='word_1_498' title='bbox 1871 969 2067 1006; x_wconf 84' lang='lat' dir='ltr'>inimicitia.</span> 
     </span>
     <span class='ocr_line' id='line_1_85' title="bbox 1183 1011 2069 1064; baseline 0.012 -22"><span class='ocrx_word' id='word_1_499' title='bbox 1183 1011 1281 1046; x_wconf 89' lang='lat' dir='ltr'>Flent</span> <span class='ocrx_word' id='word_1_500' title='bbox 1314 1023 1429 1047; x_wconf 88' lang='lat' dir='ltr'>omnes</span> <span class='ocrx_word' id='word_1_501' title='bbox 1460 1025 1522 1056; x_wconf 83' lang='lat' dir='ltr'>prae</span> <span class='ocrx_word' id='word_1_502' title='bbox 1553 1016 1674 1058; x_wconf 89' lang='lat' dir='ltr'>gaudio</span> <span class='ocrx_word' id='word_1_503' title='bbox 1700 1042 1705 1048; x_wconf 95' lang='lat'>.</span> <span class='ocrx_word' id='word_1_504' title='bbox 1745 1017 1910 1055; x_wconf 86' lang='lat' dir='ltr'>Mirantur</span> <span class='ocrx_word' id='word_1_505' title='bbox 1938 1020 2069 1064; x_wconf 77' lang='lat' dir='ltr'>Regem</span> 
     </span>
     <span class='ocr_line' id='line_1_86' title="bbox 1182 1063 2068 1111; baseline 0.011 -17"><span class='ocrx_word' id='word_1_506' title='bbox 1182 1063 1376 1098; x_wconf 76' lang='lat' dir='ltr'>conversum</span> <span class='ocrx_word' id='word_1_507' title='bbox 1399 1063 1451 1097; x_wconf 91' lang='lat' dir='ltr'>die</span> <span class='ocrx_word' id='word_1_508' title='bbox 1463 1063 1612 1100; x_wconf 81' lang='lat' dir='ltr'>S.Mariae</span> <span class='ocrx_word' id='word_1_509' title='bbox 1626 1066 1855 1111; x_wconf 79' lang='lat' dir='ltr'>Magdalenae.</span> <span class='ocrx_word' id='word_1_510' title='bbox 1892 1063 1963 1102; x_wconf 73' lang='lat' dir='ltr'>ibid.</span> <span class='ocrx_word' id='word_1_511' title='bbox 1994 1071 2068 1104; x_wconf 82' lang='lat' dir='ltr'>Rex</span> 
     </span>
     <span class='ocr_line' id='line_1_87' title="bbox 1183 1111 2071 1162; baseline 0.01 -16"><span class='ocrx_word' id='word_1_512' title='bbox 1183 1111 1325 1156; x_wconf 78' lang='lat' dir='ltr'>benigne</span> <span class='ocrx_word' id='word_1_513' title='bbox 1337 1112 1425 1147; x_wconf 90' lang='lat' dir='ltr'>audit</span> <span class='ocrx_word' id='word_1_514' title='bbox 1446 1115 1489 1147; x_wconf 85' lang='lat' dir='ltr'>D.</span> <span class='ocrx_word' id='word_1_515' title='bbox 1513 1113 1684 1153; x_wconf 84' lang='lat' dir='ltr'>Thomam</span> <span class='ocrx_word' id='word_1_516' title='bbox 1709 1119 1935 1162; x_wconf 83' lang='lat' dir='ltr'>corripientem</span> <span class='ocrx_word' id='word_1_517' title='bbox 1957 1121 2071 1155; x_wconf 86' lang='lat' dir='ltr'>&amp;mo-</span> 
     </span>
     <span class='ocr_line' id='line_1_88' title="bbox 1185 1163 2069 1211; baseline 0.01 -17"><span class='ocrx_word' id='word_1_518' title='bbox 1185 1174 1345 1202; x_wconf 87' lang='lat' dir='ltr'>nentem,</span> <span class='ocrx_word' id='word_1_519' title='bbox 1373 1173 1407 1196; x_wconf 92' lang='lat' dir='ltr'>ut</span> <span class='ocrx_word' id='word_1_520' title='bbox 1446 1163 1532 1201; x_wconf 88' lang='lat' dir='ltr'>bona</span> <span class='ocrx_word' id='word_1_521' title='bbox 1565 1166 1711 1204; x_wconf 82' lang='lat' dir='ltr'>restituat</span> <span class='ocrx_word' id='word_1_522' title='bbox 1732 1194 1743 1210; x_wconf 87' lang='lat'>‚</span> <span class='ocrx_word' id='word_1_523' title='bbox 1771 1170 1804 1204; x_wconf 71' lang='grc' dir='ltr'>ὅ(</span> <span class='ocrx_word' id='word_1_524' title='bbox 1842 1171 1970 1211; x_wconf 89' lang='lat' dir='ltr'>filium,</span> <span class='ocrx_word' id='word_1_525' title='bbox 1999 1182 2069 1204; x_wconf 87' lang='lat' dir='ltr'>non</span> 
     </span>
     <span class='ocr_line' id='line_1_89' title="bbox 1185 1212 2071 1254; baseline 0.011 -10"><span class='ocrx_word' id='word_1_526' title='bbox 1185 1212 1266 1245; x_wconf 70' lang='lat' dir='ltr'>bene</span> <span class='ocrx_word' id='word_1_527' title='bbox 1288 1224 1482 1250; x_wconf 81' lang='lat' dir='ltr'>coronatum</span> <span class='ocrx_word' id='word_1_528' title='bbox 1503 1217 1618 1250; x_wconf 87' lang='lat' dir='ltr'>iterum</span> <span class='ocrx_word' id='word_1_529' title='bbox 1645 1220 1795 1252; x_wconf 85' lang='lat' dir='ltr'>coronari</span> <span class='ocrx_word' id='word_1_530' title='bbox 1818 1221 1923 1254; x_wconf 86' lang='lat' dir='ltr'>faciat.</span> <span class='ocrx_word' id='word_1_531' title='bbox 1949 1221 2071 1254; x_wconf 57' lang='lat' dir='ltr'>ibid&amp;</span> 
     </span>
    </p>
   </div>
   <div class='ocr_carea' id='block_1_12' title="bbox 1179 1260 2072 1360">
    <p class='ocr_par' dir='ltr' id='par_1_27' title="bbox 1179 1260 2072 1360">
     <span class='ocr_line' id='line_1_90' title="bbox 1179 1260 2072 1313; baseline 0.013 -21"><span class='ocrx_word' id='word_1_532' title='bbox 1179 1260 1241 1304; x_wconf 72' lang='lat' dir='ltr'>ftq.</span> <span class='ocrx_word' id='word_1_533' title='bbox 1272 1263 1472 1305; x_wconf 79' lang='lat' dir='ltr'>Acquiescit.</span> <span class='ocrx_word' id='word_1_534' title='bbox 1504 1275 1580 1313; x_wconf 82' lang='lat'>342.</span> <span class='ocrx_word' id='word_1_535' title='bbox 1599 1278 1626 1301; x_wconf 78' lang='grc' dir='ltr'>ι.</span> <span class='ocrx_word' id='word_1_536' title='bbox 1654 1269 1894 1312; x_wconf 47' lang='lat' dir='ltr'>345=1sTssm</span> <span class='ocrx_word' id='word_1_537' title='bbox 1922 1272 1964 1303; x_wconf 90' lang='lat' dir='ltr'>D.</span> <span class='ocrx_word' id='word_1_538' title='bbox 1976 1270 2072 1303; x_wconf 84' lang='lat' dir='ltr'>Tho·</span> 
     </span>
     <span class='ocr_line' id='line_1_91' title="bbox 1183 1312 2070 1360; baseline 0.015 -20"><span class='ocrx_word' id='word_1_539' title='bbox 1183 1320 1252 1342; x_wconf 87' lang='lat' dir='ltr'>mas</span> <span class='ocrx_word' id='word_1_540' title='bbox 1272 1322 1358 1351; x_wconf 91' lang='lat' dir='ltr'>equo</span> <span class='ocrx_word' id='word_1_541' title='bbox 1383 1312 1534 1343; x_wconf 79' lang='lat' dir='ltr'>desiliens</span> <span class='ocrx_word' id='word_1_542' title='bbox 1548 1336 1557 1349; x_wconf 84' lang='lat'><em>‚</em></span> <span class='ocrx_word' id='word_1_543' title='bbox 1587 1313 1772 1347; x_wconf 79' lang='lat' dir='ltr'>humiliavit</span> <span class='ocrx_word' id='word_1_544' title='bbox 1793 1320 1823 1348; x_wconf 89' lang='lat' dir='ltr'>se</span> <span class='ocrx_word' id='word_1_545' title='bbox 1847 1319 1886 1349; x_wconf 84' lang='lat' dir='ltr'>ad</span> <span class='ocrx_word' id='word_1_546' title='bbox 1899 1321 1993 1360; x_wconf 86' lang='lat' dir='ltr'>pedes</span> <span class='ocrx_word' id='word_1_547' title='bbox 2006 1318 2070 1353; x_wconf 87' lang='lat' dir='ltr'>Re-</span> 
     </span>
    </p>
   </div>
   <div class='ocr_carea' id='block_1_13' title="bbox 1140 1358 2130 3511">
    <p class='ocr_par' dir='ltr' id='par_1_28' title="bbox 1140 1358 2130 3511">
     <span class='ocr_line' id='line_1_92' title="bbox 1185 1358 2074 1409; baseline 0.011 -17"><span class='ocrx_word' id='word_1_548' title='bbox 1185 1362 1250 1403; x_wconf 90' lang='lat' dir='ltr'>gis:</span> <span class='ocrx_word' id='word_1_549' title='bbox 1281 1358 1420 1402; x_wconf 90' lang='lat' dir='ltr'>Rexque</span> <span class='ocrx_word' id='word_1_550' title='bbox 1432 1360 1773 1404; x_wconf 77' lang='lat' dir='ltr'>visusillachrymari,</span> <span class='ocrx_word' id='word_1_551' title='bbox 1800 1376 1925 1409; x_wconf 85' lang='lat' dir='ltr'>arrepto</span> <span class='ocrx_word' id='word_1_552' title='bbox 1938 1368 2074 1409; x_wconf 81' lang='lat' dir='ltr'>scansili,</span> 
     </span>
     <span class='ocr_line' id='line_1_93' title="bbox 1185 1408 2072 1459; baseline 0.015 -20"><span class='ocrx_word' id='word_1_553' title='bbox 1185 1410 1294 1451; x_wconf 88' lang='lat' dir='ltr'>coegit</span> <span class='ocrx_word' id='word_1_554' title='bbox 1318 1420 1392 1441; x_wconf 86' lang='lat' dir='ltr'>eum</span> <span class='ocrx_word' id='word_1_555' title='bbox 1414 1408 1599 1443; x_wconf 82' lang='lat' dir='ltr'>ascendere:</span> <span class='ocrx_word' id='word_1_556' title='bbox 1627 1422 1747 1455; x_wconf 79' lang='lat' dir='ltr'>rogans</span> <span class='ocrx_word' id='word_1_557' title='bbox 1768 1415 1947 1451; x_wconf 83' lang='lat' dir='ltr'>amicitiam</span> <span class='ocrx_word' id='word_1_558' title='bbox 1972 1418 2072 1459; x_wconf 86' lang='lat' dir='ltr'>pristi-</span> 
     </span>
     <span class='ocr_line' id='line_1_94' title="bbox 1187 1458 2070 1514; baseline 0.015 -24"><span class='ocrx_word' id='word_1_559' title='bbox 1187 1468 1263 1493; x_wconf 84' lang='lat' dir='ltr'>nam</span> <span class='ocrx_word' id='word_1_560' title='bbox 1289 1458 1411 1494; x_wconf 83' lang='lat' dir='ltr'>restitui</span> <span class='ocrx_word' id='word_1_561' title='bbox 1436 1483 1446 1498; x_wconf 88' lang='lat'>,</span> <span class='ocrx_word' id='word_1_562' title='bbox 1474 1459 1526 1497; x_wconf 82' lang='lat' dir='ltr'>sed</span> <span class='ocrx_word' id='word_1_563' title='bbox 1546 1471 1656 1493; x_wconf 87' lang='lat' dir='ltr'>coram</span> <span class='ocrx_word' id='word_1_564' title='bbox 1668 1462 1742 1499; x_wconf 81' lang='lat' dir='ltr'>aliis</span> <span class='ocrx_word' id='word_1_565' title='bbox 1754 1462 1917 1501; x_wconf 75' lang='lat' dir='ltr'>honorari.</span> <span class='ocrx_word' id='word_1_566' title='bbox 1945 1475 2023 1514; x_wconf 83' lang='lat'>342.</span> <span class='ocrx_word' id='word_1_567' title='bbox 2038 1481 2070 1505; x_wconf 86' lang='lat'>2.</span> 
     </span>
     <span class='ocr_line' id='line_1_95' title="bbox 1189 1508 2073 1554; baseline 0.015 -15"><span class='ocrx_word' id='word_1_568' title='bbox 1189 1509 1261 1542; x_wconf 85' lang='lat' dir='ltr'>Rex</span> <span class='ocrx_word' id='word_1_569' title='bbox 1284 1508 1317 1543; x_wconf 89' lang='lat'>&amp;</span> <span class='ocrx_word' id='word_1_570' title='bbox 1339 1509 1381 1542; x_wconf 87' lang='lat' dir='ltr'>D.</span> <span class='ocrx_word' id='word_1_571' title='bbox 1395 1508 1593 1547; x_wconf 79' lang='lat' dir='ltr'>Thomas&amp;</span> <span class='ocrx_word' id='word_1_572' title='bbox 1605 1511 1657 1543; x_wconf 81' lang='lat' dir='ltr'>alii</span> <span class='ocrx_word' id='word_1_573' title='bbox 1672 1536 1683 1551; x_wconf 92' lang='lat'>,</span> <span class='ocrx_word' id='word_1_574' title='bbox 1712 1514 1745 1546; x_wconf 89' lang='lat' dir='ltr'>in</span> <span class='ocrx_word' id='word_1_575' title='bbox 1765 1514 1919 1553; x_wconf 84' lang='lat' dir='ltr'>omnibus</span> <span class='ocrx_word' id='word_1_576' title='bbox 1930 1518 2073 1554; x_wconf 73' lang='lat' dir='ltr'>omnino,</span> 
     </span>
     <span class='ocr_line' id='line_1_96' title="bbox 1186 1556 2069 1610; baseline 0.011 -17"><span class='ocrx_word' id='word_1_577' title='bbox 1186 1556 1400 1593; x_wconf 85' lang='lat' dir='ltr'>observabant</span> <span class='ocrx_word' id='word_1_578' title='bbox 1423 1560 1693 1602; x_wconf 86' lang='lat' dir='ltr'>praescriptionem</span> <span class='ocrx_word' id='word_1_579' title='bbox 1730 1564 1820 1597; x_wconf 89' lang='lat' dir='ltr'>Sedis</span> <span class='ocrx_word' id='word_1_580' title='bbox 1851 1566 2069 1610; x_wconf 85' lang='lat' dir='ltr'>Apostolicae.</span> 
     </span>
     <span class='ocr_line' id='line_1_97' title="bbox 1189 1607 2069 1666; baseline 0.015 -27"><span class='ocrx_word' id='word_1_581' title='bbox 1189 1618 1298 1657; x_wconf 83' lang='lat'>343.1.</span> <span class='ocrx_word' id='word_1_582' title='bbox 1326 1607 1394 1641; x_wconf 86' lang='lat' dir='ltr'>Pax</span> <span class='ocrx_word' id='word_1_583' title='bbox 1417 1610 1610 1643; x_wconf 87' lang='lat' dir='ltr'>conceditur</span> <span class='ocrx_word' id='word_1_584' title='bbox 1632 1613 1788 1647; x_wconf 84' lang='lat' dir='ltr'>omnibus</span> <span class='ocrx_word' id='word_1_585' title='bbox 1802 1617 1962 1651; x_wconf 53' lang='lat' dir='ltr'>exulibus».</span> <span class='ocrx_word' id='word_1_586' title='bbox 1990 1628 2069 1666; x_wconf 79' lang='lat'>345.</span> 
     </span>
     <span class='ocr_line' id='line_1_98' title="bbox 1192 1659 2073 1707; baseline 0.015 -17"><span class='ocrx_word' id='word_1_587' title='bbox 1192 1669 1220 1699; x_wconf 69' lang='grc' dir='ltr'>ι.</span> <span class='ocrx_word' id='word_1_588' title='bbox 1236 1660 1308 1691; x_wconf 86' lang='lat' dir='ltr'>Rex</span> <span class='ocrx_word' id='word_1_589' title='bbox 1333 1659 1469 1692; x_wconf 80' lang='lat' dir='ltr'>discedit</span> <span class='ocrx_word' id='word_1_590' title='bbox 1491 1660 1507 1692; x_wconf 69' lang='lat' dir='ltr'>a</span> <span class='ocrx_word' id='word_1_591' title='bbox 1531 1660 1571 1692; x_wconf 92' lang='lat' dir='ltr'>D.</span> <span class='ocrx_word' id='word_1_592' title='bbox 1607 1660 1744 1696; x_wconf 83' lang='lat' dir='ltr'>Thoma</span> <span class='ocrx_word' id='word_1_593' title='bbox 1764 1667 1862 1707; x_wconf 83' lang='lat' dir='ltr'>petita</span> <span class='ocrx_word' id='word_1_594' title='bbox 1876 1666 2073 1703; x_wconf 60' lang='lat' dir='ltr'>benedictio-</span> 
     </span>
     <span class='ocr_line' id='line_1_99' title="bbox 1187 1709 2074 1762; baseline 0.016 -24"><span class='ocrx_word' id='word_1_595' title='bbox 1187 1719 1239 1742; x_wconf 84' lang='lat' dir='ltr'>ne.</span> <span class='ocrx_word' id='word_1_596' title='bbox 1266 1709 1336 1742; x_wconf 72' lang='lat' dir='ltr'>ibid.</span> <span class='ocrx_word' id='word_1_597' title='bbox 1369 1710 1410 1742; x_wconf 88' lang='lat' dir='ltr'>D.</span> <span class='ocrx_word' id='word_1_598' title='bbox 1436 1709 1591 1746; x_wconf 85' lang='lat' dir='ltr'>Thomas</span> <span class='ocrx_word' id='word_1_599' title='bbox 1611 1722 1719 1747; x_wconf 80' lang='lat' dir='ltr'>manet</span> <span class='ocrx_word' id='word_1_600' title='bbox 1747 1715 1948 1755; x_wconf 77' lang='lat' dir='ltr'>aliquamdiu</span> <span class='ocrx_word' id='word_1_601' title='bbox 1988 1718 2074 1762; x_wconf 83' lang='lat' dir='ltr'>apud</span> 
     </span>
     <span class='ocr_line' id='line_1_100' title="bbox 1188 1757 2074 1812; baseline 0.016 -24"><span class='ocrx_word' id='word_1_602' title='bbox 1188 1758 1337 1801; x_wconf 82' lang='lat' dir='ltr'>Regem,</span> <span class='ocrx_word' id='word_1_603' title='bbox 1364 1769 1400 1791; x_wconf 89' lang='lat' dir='ltr'>ut</span> <span class='ocrx_word' id='word_1_604' title='bbox 1415 1757 1571 1794; x_wconf 86' lang='lat' dir='ltr'>omnibus</span> <span class='ocrx_word' id='word_1_605' title='bbox 1593 1770 1709 1796; x_wconf 86' lang='lat' dir='ltr'>notum</span> <span class='ocrx_word' id='word_1_606' title='bbox 1733 1763 1831 1804; x_wconf 72' lang='lat' dir='ltr'>esser,</span> <span class='ocrx_word' id='word_1_607' title='bbox 1859 1767 1947 1807; x_wconf 76' lang='lat' dir='ltr'>quod</span> <span class='ocrx_word' id='word_1_608' title='bbox 1962 1779 2074 1812; x_wconf 86' lang='lat' dir='ltr'>pacem</span> 
     </span>
     <span class='ocr_line' id='line_1_101' title="bbox 1187 1809 2075 1861; baseline 0.015 -21"><span class='ocrx_word' id='word_1_609' title='bbox 1187 1809 1353 1844; x_wconf 70' lang='lat' dir='ltr'>inivissent</span> <span class='ocrx_word' id='word_1_610' title='bbox 1393 1819 1516 1843; x_wconf 81' lang='lat' dir='ltr'>veram.</span> <span class='ocrx_word' id='word_1_611' title='bbox 1553 1819 1660 1857; x_wconf 64' lang='grc'>3431,</span> <span class='ocrx_word' id='word_1_612' title='bbox 1686 1813 1812 1850; x_wconf 83' lang='lat' dir='ltr'>Laetitia</span> <span class='ocrx_word' id='word_1_613' title='bbox 1850 1817 1944 1859; x_wconf 74' lang='lat' dir='ltr'>supet</span> <span class='ocrx_word' id='word_1_614' title='bbox 1971 1830 2075 1861; x_wconf 82' lang='lat' dir='ltr'>pace.</span> 
     </span>
     <span class='ocr_line' id='line_1_102' title="bbox 1186 1857 2075 1914; baseline 0.015 -25"><span class='ocrx_word' id='word_1_615' title='bbox 1186 1857 1343 1893; x_wconf 84' lang='lat' dir='ltr'>Gaudent</span> <span class='ocrx_word' id='word_1_616' title='bbox 1366 1858 1473 1899; x_wconf 76' lang='lat' dir='ltr'>Papa,</span> <span class='ocrx_word' id='word_1_617' title='bbox 1500 1870 1576 1892; x_wconf 89' lang='lat' dir='ltr'>cum</span> <span class='ocrx_word' id='word_1_618' title='bbox 1603 1861 1840 1901; x_wconf 86' lang='lat' dir='ltr'>Cardinalibus.</span> <span class='ocrx_word' id='word_1_619' title='bbox 1889 1874 1965 1914; x_wconf 86' lang='lat'>349</span> <span class='ocrx_word' id='word_1_620' title='bbox 1981 1877 2013 1906; x_wconf 88' lang='lat'>2.</span> <span class='ocrx_word' id='word_1_621' title='bbox 2041 1870 2075 1903; x_wconf 78' lang='grc' dir='ltr'>δε</span> 
     </span>
     <span class='ocr_line' id='line_1_103' title="bbox 1190 1908 2075 1954; baseline 0.016 -16"><span class='ocrx_word' id='word_1_622' title='bbox 1190 1908 1351 1950; x_wconf 83' lang='lat' dir='ltr'>Episcopi.</span> <span class='ocrx_word' id='word_1_623' title='bbox 1382 1918 1486 1954; x_wconf 73' lang='lat'><strong>35¹·2·</strong></span> <span class='ocrx_word' id='word_1_624' title='bbox 1516 1908 1641 1943; x_wconf 86' lang='lat' dir='ltr'>Verum</span> <span class='ocrx_word' id='word_1_625' title='bbox 1663 1910 1731 1945; x_wconf 86' lang='lat' dir='ltr'>Pax</span> <span class='ocrx_word' id='word_1_626' title='bbox 1751 1924 1818 1946; x_wconf 86' lang='lat' dir='ltr'>non</span> <span class='ocrx_word' id='word_1_627' title='bbox 1843 1916 1907 1950; x_wconf 85' lang='lat' dir='ltr'>fuit</span> <span class='ocrx_word' id='word_1_628' title='bbox 1926 1914 2075 1952; x_wconf 69' lang='lat' dir='ltr'>vomnino</span> 
     </span>
     <span class='ocr_line' id='line_1_104' title="bbox 1188 1959 2076 2012; baseline 0.017 -24"><span class='ocrx_word' id='word_1_629' title='bbox 1188 1959 1339 2000; x_wconf 85' lang='lat' dir='ltr'>syncera:</span> <span class='ocrx_word' id='word_1_630' title='bbox 1379 1969 1476 2000; x_wconf 89' lang='lat' dir='ltr'>prout</span> <span class='ocrx_word' id='word_1_631' title='bbox 1510 1959 1658 2002; x_wconf 86' lang='lat' dir='ltr'>probavit</span> <span class='ocrx_word' id='word_1_632' title='bbox 1694 1962 1812 1998; x_wconf 84' lang='lat' dir='ltr'>exitus.</span> <span class='ocrx_word' id='word_1_633' title='bbox 1841 1972 1961 2012; x_wconf 57' lang='lat'>3521.</span> <span class='ocrx_word' id='word_1_634' title='bbox 1991 1969 2076 2004; x_wconf 79' lang='lat' dir='ltr'>Noa</span> 
     </span>
     <span class='ocr_line' id='line_1_105' title="bbox 1187 2008 2077 2053; baseline 0.016 -14"><span class='ocrx_word' id='word_1_635' title='bbox 1187 2008 1276 2042; x_wconf 89' lang='lat' dir='ltr'>enirn</span> <span class='ocrx_word' id='word_1_636' title='bbox 1291 2009 1402 2045; x_wconf 82' lang='lat' dir='ltr'>secutae</span> <span class='ocrx_word' id='word_1_637' title='bbox 1414 2010 1486 2047; x_wconf 83' lang='lat' dir='ltr'>sunt</span> <span class='ocrx_word' id='word_1_638' title='bbox 1513 2009 1742 2046; x_wconf 85' lang='lat' dir='ltr'>restitutiones.</span> <span class='ocrx_word' id='word_1_639' title='bbox 1771 2014 1844 2048; x_wconf 72' lang='lat' dir='ltr'>ibid.</span> <span class='ocrx_word' id='word_1_640' title='bbox 1874 2018 2004 2053; x_wconf 74' lang='lat' dir='ltr'>Scilicet</span> <span class='ocrx_word' id='word_1_641' title='bbox 2031 2020 2077 2052; x_wconf 86' lang='lat' dir='ltr'>fa-</span> 
     </span>
     <span class='ocr_line' id='line_1_106' title="bbox 1190 2058 2076 2107; baseline 0.015 -17"><span class='ocrx_word' id='word_1_642' title='bbox 1190 2059 1238 2094; x_wconf 65' lang='lat' dir='ltr'>sta</span> <span class='ocrx_word' id='word_1_643' title='bbox 1251 2069 1318 2094; x_wconf 83' lang='lat' dir='ltr'>erat</span> <span class='ocrx_word' id='word_1_644' title='bbox 1341 2058 1409 2092; x_wconf 89' lang='lat' dir='ltr'>Pax</span> <span class='ocrx_word' id='word_1_645' title='bbox 1434 2060 1467 2093; x_wconf 87' lang='lat' dir='ltr'>in</span> <span class='ocrx_word' id='word_1_646' title='bbox 1482 2070 1573 2103; x_wconf 81' lang='lat' dir='ltr'>prato</span> <span class='ocrx_word' id='word_1_647' title='bbox 1593 2062 1728 2104; x_wconf 84' lang='lat' dir='ltr'>quidem</span> <span class='ocrx_word' id='word_1_648' title='bbox 1756 2066 1995 2107; x_wconf 61' lang='lat' dir='ltr'>amoenissimo,</span> <span class='ocrx_word' id='word_1_649' title='bbox 2023 2069 2076 2103; x_wconf 90' lang='lat' dir='ltr'>sed</span> 
     </span>
     <span class='ocr_line' id='line_1_107' title="bbox 1191 2108 2079 2161; baseline 0.014 -20"><span class='ocrx_word' id='word_1_650' title='bbox 1191 2108 1492 2151; x_wconf 77' lang='lat' dir='ltr'>quodabincolis,</span> <span class='ocrx_word' id='word_1_651' title='bbox 1517 2121 1559 2145; x_wconf 89' lang='lat' dir='ltr'>ex</span> <span class='ocrx_word' id='word_1_652' title='bbox 1570 2112 1729 2161; x_wconf 79' lang='lat' dir='ltr'>antique,</span> <span class='ocrx_word' id='word_1_653' title='bbox 1756 2115 1924 2151; x_wconf 85' lang='lat' dir='ltr'>dicebatur</span> <span class='ocrx_word' id='word_1_654' title='bbox 1945 2120 2079 2156; x_wconf 71' lang='lat' dir='ltr'>Pratum</span> 
     </span>
     <span class='ocr_line' id='line_1_108' title="bbox 1184 2161 2077 2207; baseline 0.015 -17"><span class='ocrx_word' id='word_1_655' title='bbox 1184 2161 1383 2200; x_wconf 81' lang='lat' dir='ltr'>proditorum.</span> <span class='ocrx_word' id='word_1_656' title='bbox 1806 2176 1808 2179; x_wconf 82' lang='grc'>’</span> <span class='ocrx_word' id='word_1_657' title='bbox 1903 2162 1905 2164; x_wconf 30' lang='lat'><strong><em>¹</em></strong></span> <span class='ocrx_word' id='word_1_658' title='bbox 1950 2179 2026 2204; x_wconf 78' lang='lat'>102.</span> <span class='ocrx_word' id='word_1_659' title='bbox 2043 2181 2077 2207; x_wconf 86' lang='lat'>2.</span> 
     </span>
     <span class='ocr_line' id='line_1_109' title="bbox 1142 2208 2079 2256; baseline 0.016 -15"><span class='ocrx_word' id='word_1_660' title='bbox 1142 2208 1317 2248; x_wconf 79' lang='lat' dir='ltr'>Peccatum</span> <span class='ocrx_word' id='word_1_661' title='bbox 1345 2220 1413 2244; x_wconf 89' lang='lat' dir='ltr'>non</span> <span class='ocrx_word' id='word_1_662' title='bbox 1435 2210 1613 2246; x_wconf 89' lang='lat' dir='ltr'>dimittitur</span> <span class='ocrx_word' id='word_1_663' title='bbox 1624 2213 1682 2248; x_wconf 89' lang='lat' dir='ltr'>nisi</span> <span class='ocrx_word' id='word_1_664' title='bbox 1704 2216 1889 2252; x_wconf 86' lang='lat' dir='ltr'>restituatur</span> <span class='ocrx_word' id='word_1_665' title='bbox 1913 2218 2079 2256; x_wconf 55' lang='lat' dir='ltr'>ablatumt</span> 
     </span>
     <span class='ocr_line' id='line_1_110' title="bbox 1190 2269 2026 2299; baseline 0.011 -3"><span class='ocrx_word' id='word_1_666' title='bbox 1190 2270 1258 2296; x_wconf 80' lang='lat'>100-</span> <span class='ocrx_word' id='word_1_667' title='bbox 1271 2272 1304 2299; x_wconf 72' lang='lat'>2.</span> <span class='ocrx_word' id='word_1_668' title='bbox 1775 2288 1779 2291; x_wconf 93' lang='lat'>-</span> <span class='ocrx_word' id='word_1_669' title='bbox 1857 2279 1859 2282; x_wconf 91' lang='lat'>·</span> <span class='ocrx_word' id='word_1_670' title='bbox 2023 2269 2026 2274; x_wconf 86' lang='lat'>&#39;</span> 
     </span>
     <span class='ocr_line' id='line_1_111' title="bbox 1142 2308 2078 2358; baseline 0.014 -15"><span class='ocrx_word' id='word_1_671' title='bbox 1142 2310 1281 2347; x_wconf 70' lang='lat' dir='ltr'>Peccata</span> <span class='ocrx_word' id='word_1_672' title='bbox 1296 2311 1350 2345; x_wconf 84' lang='lat' dir='ltr'>sua</span> <span class='ocrx_word' id='word_1_673' title='bbox 1360 2308 1630 2358; x_wconf 82' lang='lat' dir='ltr'>delinquentibus</span> <span class='ocrx_word' id='word_1_674' title='bbox 1642 2318 1844 2353; x_wconf 83' lang='lat' dir='ltr'>annunciare</span> <span class='ocrx_word' id='word_1_675' title='bbox 1864 2311 2015 2353; x_wconf 85' lang='lat' dir='ltr'>tenentur</span> <span class='ocrx_word' id='word_1_676' title='bbox 2025 2321 2078 2356; x_wconf 84' lang='lat' dir='ltr'>Sa-</span> 
     </span>
     <span class='ocr_line' id='line_1_112' title="bbox 1190 2362 2077 2417; baseline 0.012 -24"><span class='ocrx_word' id='word_1_677' title='bbox 1190 2362 1346 2394; x_wconf 86' lang='lat' dir='ltr'>cerdotes.</span> <span class='ocrx_word' id='word_1_678' title='bbox 1957 2371 2032 2417; x_wconf 79' lang='lat'>298.</span> <span class='ocrx_word' id='word_1_679' title='bbox 2050 2383 2077 2408; x_wconf 90' lang='lat'>1.</span> 
     </span>
     <span class='ocr_line' id='line_1_113' title="bbox 1140 2410 2077 2463; baseline 0.002 -17"><span class='ocrx_word' id='word_1_680' title='bbox 1140 2410 1297 2447; x_wconf 86' lang='lat' dir='ltr'>Peccator</span> <span class='ocrx_word' id='word_1_681' title='bbox 1318 2411 1445 2444; x_wconf 79' lang='lat' dir='ltr'>facilius</span> <span class='ocrx_word' id='word_1_682' title='bbox 1466 2410 1608 2452; x_wconf 88' lang='lat' dir='ltr'>desperat</span> <span class='ocrx_word' id='word_1_683' title='bbox 1622 2423 1718 2455; x_wconf 87' lang='lat' dir='ltr'>quam</span> <span class='ocrx_word' id='word_1_684' title='bbox 1733 2413 1841 2456; x_wconf 85' lang='lat' dir='ltr'>justus.</span> <span class='ocrx_word' id='word_1_685' title='bbox 1866 2423 1933 2463; x_wconf 80' lang='lat'>175.</span> <span class='ocrx_word' id='word_1_686' title='bbox 1949 2428 1979 2453; x_wconf 87' lang='lat'>2-</span> <span class='ocrx_word' id='word_1_687' title='bbox 2004 2420 2077 2455; x_wconf 80' lang='lat' dir='ltr'>Pec-</span> 
     </span>
     <span class='ocr_line' id='line_1_114' title="bbox 1190 2461 2074 2515; baseline 0.01 -21"><span class='ocrx_word' id='word_1_688' title='bbox 1190 2463 1308 2495; x_wconf 82' lang='lat' dir='ltr'>catoris</span> <span class='ocrx_word' id='word_1_689' title='bbox 1330 2461 1442 2493; x_wconf 85' lang='lat' dir='ltr'>omnia</span> <span class='ocrx_word' id='word_1_690' title='bbox 1466 2471 1562 2502; x_wconf 88' lang='lat' dir='ltr'>opera</span> <span class='ocrx_word' id='word_1_691' title='bbox 1589 2472 1654 2495; x_wconf 91' lang='lat' dir='ltr'>non</span> <span class='ocrx_word' id='word_1_692' title='bbox 1684 2464 1754 2497; x_wconf 89' lang='lat' dir='ltr'>sunt</span> <span class='ocrx_word' id='word_1_693' title='bbox 1779 2477 1919 2508; x_wconf 87' lang='lat' dir='ltr'>peccata.</span> <span class='ocrx_word' id='word_1_694' title='bbox 1949 2480 2074 2515; x_wconf 63' lang='lat'>2152.</span> 
     </span>
     <span class='ocr_line' id='line_1_115' title="bbox 1192 2510 2074 2561; baseline 0.012 -18"><span class='ocrx_word' id='word_1_695' title='bbox 1192 2512 1345 2545; x_wconf 81' lang='lat' dir='ltr'>Peccator</span> <span class='ocrx_word' id='word_1_696' title='bbox 1359 2534 1370 2549; x_wconf 70' lang='lat'>².</span> <span class='ocrx_word' id='word_1_697' title='bbox 1398 2510 1429 2541; x_wconf 91' lang='lat' dir='ltr'>in</span> <span class='ocrx_word' id='word_1_698' title='bbox 1446 2511 1620 2553; x_wconf 87' lang='lat' dir='ltr'>prosperis,</span> <span class='ocrx_word' id='word_1_699' title='bbox 1652 2513 1755 2557; x_wconf 89' lang='lat' dir='ltr'>longo</span> <span class='ocrx_word' id='word_1_700' title='bbox 1767 2526 1915 2559; x_wconf 82' lang='lat' dir='ltr'>tempore</span> <span class='ocrx_word' id='word_1_701' title='bbox 1926 2521 2040 2554; x_wconf 89' lang='lat' dir='ltr'>crescit</span> <span class='ocrx_word' id='word_1_702' title='bbox 2062 2544 2074 2561; x_wconf 91' lang='lat'>‚</span> 
     </span>
     <span class='ocr_line' id='line_1_116' title="bbox 1193 2559 2077 2611; baseline 0.011 -17"><span class='ocrx_word' id='word_1_703' title='bbox 1193 2560 1270 2594; x_wconf 88' lang='lat' dir='ltr'>ficut</span> <span class='ocrx_word' id='word_1_704' title='bbox 1294 2559 1406 2601; x_wconf 82' lang='lat' dir='ltr'>arbor3</span> <span class='ocrx_word' id='word_1_705' title='bbox 1437 2560 1488 2592; x_wconf 89' lang='lat' dir='ltr'>sed</span> <span class='ocrx_word' id='word_1_706' title='bbox 1513 2572 1581 2603; x_wconf 81' lang='lat' dir='ltr'>quae</span> <span class='ocrx_word' id='word_1_707' title='bbox 1604 2573 1668 2596; x_wconf 87' lang='lat' dir='ltr'>una</span> <span class='ocrx_word' id='word_1_708' title='bbox 1692 2563 1770 2598; x_wconf 87' lang='lat' dir='ltr'>hora</span> <span class='ocrx_word' id='word_1_709' title='bbox 1796 2567 1949 2609; x_wconf 87' lang='lat' dir='ltr'>extirpari</span> <span class='ocrx_word' id='word_1_710' title='bbox 1962 2570 2077 2611; x_wconf 86' lang='lat' dir='ltr'>potest.</span> 
     </span>
     <span class='ocr_line' id='line_1_117' title="bbox 1193 2609 2075 2657; baseline 0.014 -17"><span class='ocrx_word' id='word_1_711' title='bbox 1193 2609 1293 2657; x_wconf 81' lang='lat'>158.1.</span> <span class='ocrx_word' id='word_1_712' title='bbox 1329 2609 1485 2643; x_wconf 69' lang='lat' dir='ltr'>Peccator</span> <span class='ocrx_word' id='word_1_713' title='bbox 1507 2611 1655 2653; x_wconf 88' lang='lat' dir='ltr'>publicus</span> <span class='ocrx_word' id='word_1_714' title='bbox 1678 2614 1804 2656; x_wconf 76' lang='lat' dir='ltr'>pubiice</span> <span class='ocrx_word' id='word_1_715' title='bbox 1826 2616 1921 2650; x_wconf 79' lang='lat' dir='ltr'>debet</span> <span class='ocrx_word' id='word_1_716' title='bbox 1943 2620 2075 2654; x_wconf 87' lang='lat' dir='ltr'>absolvi.</span> 
     </span>
     <span class='ocr_line' id='line_1_118' title="bbox 1195 2659 2130 2712; baseline 0.014 -20"><span class='ocrx_word' id='word_1_717' title='bbox 1195 2672 1304 2706; x_wconf 81' lang='lat'>250-1·</span> <span class='ocrx_word' id='word_1_718' title='bbox 1334 2659 1490 2692; x_wconf 80' lang='lat' dir='ltr'>Peccator</span> <span class='ocrx_word' id='word_1_719' title='bbox 1516 2662 1572 2695; x_wconf 87' lang='lat' dir='ltr'>nisi</span> <span class='ocrx_word' id='word_1_720' title='bbox 1596 2665 1779 2707; x_wconf 67' lang='lat' dir='ltr'>poeniteat²</span> <span class='ocrx_word' id='word_1_721' title='bbox 1804 2665 1926 2701; x_wconf 81' lang='lat' dir='ltr'>absolvi</span> <span class='ocrx_word' id='word_1_722' title='bbox 1941 2680 2007 2703; x_wconf 88' lang='lat' dir='ltr'>non</span> <span class='ocrx_word' id='word_1_723' title='bbox 2023 2682 2078 2712; x_wconf 89' lang='lat' dir='ltr'>po·</span> <span class='ocrx_word' id='word_1_724' title='bbox 2126 2672 2130 2676; x_wconf 64' lang='grc'><em>”</em></span> 
     </span>
     <span class='ocr_line' id='line_1_119' title="bbox 1191 2709 2076 2764; baseline 0.009 -19"><span class='ocrx_word' id='word_1_725' title='bbox 1191 2711 1247 2745; x_wconf 82' lang='lat' dir='ltr'>test</span> <span class='ocrx_word' id='word_1_726' title='bbox 1263 2710 1303 2743; x_wconf 87' lang='lat' dir='ltr'>ab</span> <span class='ocrx_word' id='word_1_727' title='bbox 1317 2710 1384 2752; x_wconf 86' lang='lat' dir='ltr'>ipso</span> <span class='ocrx_word' id='word_1_728' title='bbox 1397 2711 1440 2744; x_wconf 91' lang='lat' dir='ltr'>D.</span> <span class='ocrx_word' id='word_1_729' title='bbox 1456 2709 1563 2745; x_wconf 87' lang='lat' dir='ltr'>Petro.</span> <span class='ocrx_word' id='word_1_730' title='bbox 1976 2728 2076 2764; x_wconf 82' lang='lat'>213.1.</span> 
     </span>
     <span class='ocr_line' id='line_1_120' title="bbox 1142 2759 2080 2807; baseline 0.007 -12"><span class='ocrx_word' id='word_1_731' title='bbox 1142 2759 1327 2795; x_wconf 87' lang='lat' dir='ltr'>Peccabiles</span> <span class='ocrx_word' id='word_1_732' title='bbox 1347 2761 1403 2803; x_wconf 89' lang='lat' dir='ltr'>qui</span> <span class='ocrx_word' id='word_1_733' title='bbox 1430 2772 1497 2794; x_wconf 88' lang='lat' dir='ltr'>non</span> <span class='ocrx_word' id='word_1_734' title='bbox 1519 2762 1621 2796; x_wconf 88' lang='lat' dir='ltr'>credit</span> <span class='ocrx_word' id='word_1_735' title='bbox 1641 2763 1740 2798; x_wconf 84' lang='lat' dir='ltr'>etiam</span> <span class='ocrx_word' id='word_1_736' title='bbox 1762 2767 1944 2807; x_wconf 88' lang='lat' dir='ltr'>maximos,</span> <span class='ocrx_word' id='word_1_737' title='bbox 1973 2770 2080 2802; x_wconf 84' lang='lat' dir='ltr'>Davi·-</span> 
     </span>
     <span class='ocr_line' id='line_1_121' title="bbox 1192 2810 2081 2857; baseline 0.01 -14"><span class='ocrx_word' id='word_1_738' title='bbox 1192 2811 1266 2844; x_wconf 89' lang='lat' dir='ltr'>dem</span> <span class='ocrx_word' id='word_1_739' title='bbox 1290 2810 1458 2853; x_wconf 86' lang='lat' dir='ltr'>respiciat,</span> <span class='ocrx_word' id='word_1_740' title='bbox 1483 2811 1516 2845; x_wconf 88' lang='lat'>&amp;</span> <span class='ocrx_word' id='word_1_741' title='bbox 1541 2811 1676 2848; x_wconf 89' lang='lat' dir='ltr'>Petrum</span> <span class='ocrx_word' id='word_1_742' title='bbox 1700 2816 1734 2852; x_wconf 68' lang='grc' dir='ltr'>ὅ(</span> <span class='ocrx_word' id='word_1_743' title='bbox 1755 2818 1860 2857; x_wconf 86' lang='lat' dir='ltr'>alios,</span> <span class='ocrx_word' id='word_1_744' title='bbox 1887 2821 1918 2851; x_wconf 67' lang='grc' dir='ltr'>ὅ(</span> <span class='ocrx_word' id='word_1_745' title='bbox 1934 2817 2081 2854; x_wconf 89' lang='lat' dir='ltr'>D.Tho·</span> 
     </span>
     <span class='ocr_line' id='line_1_122' title="bbox 1194 2861 2079 2915; baseline 0.008 -23"><span class='ocrx_word' id='word_1_746' title='bbox 1194 2871 1279 2895; x_wconf 82' lang='lat' dir='ltr'>mam</span> <span class='ocrx_word' id='word_1_747' title='bbox 1294 2861 1575 2895; x_wconf 84' lang='lat' dir='ltr'>Cantuariensem.</span> <span class='ocrx_word' id='word_1_748' title='bbox 1981 2880 2029 2915; x_wconf 85' lang='lat'>13.</span> <span class='ocrx_word' id='word_1_749' title='bbox 2048 2881 2079 2902; x_wconf 86' lang='lat'>2.</span> 
     </span>
     <span class='ocr_line' id='line_1_123' title="bbox 1143 2910 2080 2962; baseline 0.006 -17"><span class='ocrx_word' id='word_1_750' title='bbox 1143 2910 1297 2945; x_wconf 87' lang='lat' dir='ltr'>Pecuniis</span> <span class='ocrx_word' id='word_1_751' title='bbox 1320 2912 1383 2946; x_wconf 91' lang='lat' dir='ltr'>suis</span> <span class='ocrx_word' id='word_1_752' title='bbox 1406 2911 1480 2945; x_wconf 85' lang='lat' dir='ltr'>Rex</span> <span class='ocrx_word' id='word_1_753' title='bbox 1504 2910 1635 2960; x_wconf 79' lang='lat' dir='ltr'>Angliae</span> <span class='ocrx_word' id='word_1_754' title='bbox 1668 2917 1892 2960; x_wconf 85' lang='lat' dir='ltr'>corrumpebat</span> <span class='ocrx_word' id='word_1_755' title='bbox 1915 2919 2053 2962; x_wconf 87' lang='lat' dir='ltr'>plurima</span> <span class='ocrx_word' id='word_1_756' title='bbox 2072 2944 2080 2951; x_wconf 92' lang='lat'>.</span> 
     </span>
     <span class='ocr_line' id='line_1_124' title="bbox 1194 2973 1317 2998; baseline 0 -1"><span class='ocrx_word' id='word_1_757' title='bbox 1194 2973 1270 2998; x_wconf 82' lang='lat'>212-</span> <span class='ocrx_word' id='word_1_758' title='bbox 1288 2973 1317 2997; x_wconf 87' lang='lat'>2-</span> 
     </span>
     <span class='ocr_line' id='line_1_125' title="bbox 1954 3017 2074 3054; baseline 0.008 -1"><span class='ocrx_word' id='word_1_759' title='bbox 1954 3017 2031 3054; x_wconf 83' lang='lat'>168.</span> <span class='ocrx_word' id='word_1_760' title='bbox 2046 3030 2074 3053; x_wconf 85' lang='lat'>1·</span> 
     </span>
     <span class='ocr_line' id='line_1_126' title="bbox 1948 3068 2079 3102; baseline 0.015 -3"><span class='ocrx_word' id='word_1_761' title='bbox 1948 3093 1954 3100; x_wconf 91' lang='lat'>.</span> <span class='ocrx_word' id='word_1_762' title='bbox 1998 3068 2079 3102; x_wconf 72' lang='lat' dir='ltr'>ibid..</span> 
     </span>
     <span class='ocr_line' id='line_1_127' title="bbox 1186 3111 1250 3155; baseline -0.016 0"><span class='ocrx_word' id='word_1_763' title='bbox 1186 3111 1250 3155; x_wconf 72' lang='lat' dir='ltr'>seq·</span> 
     </span>
     <span class='ocr_line' id='line_1_128' title="bbox 1727 3165 2079 3208; baseline 0.014 -12"><span class='ocrx_word' id='word_1_764' title='bbox 1727 3165 1865 3208; x_wconf 87' lang='lat' dir='ltr'>gloriam</span> <span class='ocrx_word' id='word_1_765' title='bbox 1904 3168 1937 3200; x_wconf 77' lang='grc' dir='ltr'>ἀ</span> <span class='ocrx_word' id='word_1_766' title='bbox 1973 3166 2079 3201; x_wconf 89' lang='lat' dir='ltr'>hono-</span> 
     </span>
     <span class='ocr_line' id='line_1_129' title="bbox 1193 3211 2077 3259; baseline 0.015 -21"><span class='ocrx_word' id='word_1_767' title='bbox 1193 3223 1266 3246; x_wconf 63' lang='lat' dir='ltr'>fem,</span> <span class='ocrx_word' id='word_1_768' title='bbox 1295 3221 1392 3259; x_wconf 75' lang='lat'>702.</span> <span class='ocrx_word' id='word_1_769' title='bbox 1432 3211 1486 3243; x_wconf 82' lang='lat' dir='ltr'>Sic</span> <span class='ocrx_word' id='word_1_770' title='bbox 1521 3211 1554 3244; x_wconf 90' lang='lat' dir='ltr'>D</span> <span class='ocrx_word' id='word_1_771' title='bbox 1590 3212 1731 3247; x_wconf 80' lang='lat' dir='ltr'>Tbornae</span> <span class='ocrx_word' id='word_1_772' title='bbox 1765 3215 1833 3258; x_wconf 86' lang='lat' dir='ltr'>plus</span> <span class='ocrx_word' id='word_1_773' title='bbox 1868 3217 1988 3258; x_wconf 77' lang='lat' dir='ltr'>profuit</span> <span class='ocrx_word' id='word_1_774' title='bbox 2014 3228 2077 3251; x_wconf 93' lang='lat' dir='ltr'>tur-</span> 
     </span>
     <span class='ocr_line' id='line_1_130' title="bbox 1193 3262 2083 3311; baseline 0.008 -16"><span class='ocrx_word' id='word_1_775' title='bbox 1193 3263 1306 3302; x_wconf 88' lang='lat' dir='ltr'>batio,</span> <span class='ocrx_word' id='word_1_776' title='bbox 1335 3271 1433 3305; x_wconf 84' lang='lat' dir='ltr'>quam</span> <span class='ocrx_word' id='word_1_777' title='bbox 1455 3262 1622 3306; x_wconf 76' lang='lat' dir='ltr'>profuisset</span> <span class='ocrx_word' id='word_1_778' title='bbox 1641 3264 1670 3297; x_wconf 92' lang='lat' dir='ltr'>ei</span> <span class='ocrx_word' id='word_1_779' title='bbox 1694 3266 1818 3311; x_wconf 83' lang='lat' dir='ltr'>quietis.</span> <span class='ocrx_word' id='word_1_780' title='bbox 1848 3268 2083 3302; x_wconf 32' lang='lat' dir='ltr'>continuatio..</span> 
     </span>
     <span class='ocr_line' id='line_1_131' title="bbox 1193 3313 1266 3345; baseline -0.014 0"><span class='ocrx_word' id='word_1_781' title='bbox 1193 3313 1266 3345; x_wconf 73' lang='lat' dir='ltr'>ibid.</span> 
     </span>
     <span class='ocr_line' id='line_1_132' title="bbox 1147 3360 2081 3405; baseline 0.004 -9"><span class='ocrx_word' id='word_1_782' title='bbox 1147 3363 1279 3404; x_wconf 86' lang='lat' dir='ltr'>Perjurii</span> <span class='ocrx_word' id='word_1_783' title='bbox 1303 3371 1358 3395; x_wconf 89' lang='lat' dir='ltr'>aut</span> <span class='ocrx_word' id='word_1_784' title='bbox 1381 3360 1457 3396; x_wconf 90' lang='lat' dir='ltr'>fidei</span> <span class='ocrx_word' id='word_1_785' title='bbox 1478 3362 1552 3396; x_wconf 79' lang='lat' dir='ltr'>laes&#39;ae</span> <span class='ocrx_word' id='word_1_786' title='bbox 1578 3361 1739 3405; x_wconf 84' lang='lat' dir='ltr'>judicium</span> <span class='ocrx_word' id='word_1_787' title='bbox 1773 3364 1812 3398; x_wconf 91' lang='lat' dir='ltr'>ad</span> <span class='ocrx_word' id='word_1_788' title='bbox 1849 3367 1967 3400; x_wconf 86' lang='lat' dir='ltr'>Forum</span> <span class='ocrx_word' id='word_1_789' title='bbox 1989 3368 2081 3400; x_wconf 65' lang='lat' dir='ltr'>saecun</span> 
     </span>
     <span class='ocr_line' id='line_1_133' title="bbox 1193 3412 2075 3458; baseline 0.007 -13"><span class='ocrx_word' id='word_1_790' title='bbox 1193 3414 1256 3445; x_wconf 89' lang='lat' dir='ltr'>lare</span> <span class='ocrx_word' id='word_1_791' title='bbox 1279 3412 1479 3454; x_wconf 85' lang='lat' dir='ltr'>pertinebat,</span> <span class='ocrx_word' id='word_1_792' title='bbox 1511 3423 1575 3445; x_wconf 89' lang='lat' dir='ltr'>non</span> <span class='ocrx_word' id='word_1_793' title='bbox 1601 3414 1639 3445; x_wconf 88' lang='lat' dir='ltr'>ad</span> <span class='ocrx_word' id='word_1_794' title='bbox 1670 3414 1922 3449; x_wconf 70' lang='lat' dir='ltr'>Ecclesiasticum</span> <span class='ocrx_word' id='word_1_795' title='bbox 1948 3441 1956 3455; x_wconf 89' lang='lat'><em>‚</em></span> <span class='ocrx_word' id='word_1_796' title='bbox 1984 3416 2075 3458; x_wconf 82' lang='lat' dir='ltr'>juxta</span> 
     </span>
     <span class='ocr_line' id='line_1_134' title="bbox 1191 3461 2079 3511; baseline 0.005 -14"><span class='ocrx_word' id='word_1_797' title='bbox 1191 3473 1292 3497; x_wconf 83' lang='lat' dir='ltr'>unam</span> <span class='ocrx_word' id='word_1_798' title='bbox 1312 3472 1351 3497; x_wconf 84' lang='lat' dir='ltr'>ex</span> <span class='ocrx_word' id='word_1_799' title='bbox 1365 3461 1669 3497; x_wconf 87' lang='lat' dir='ltr'>Consuetudinibus</span> <span class='ocrx_word' id='word_1_800' title='bbox 1683 3463 1837 3511; x_wconf 84' lang='lat' dir='ltr'>Angliae,</span> <span class='ocrx_word' id='word_1_801' title='bbox 1871 3477 1965 3511; x_wconf 87' lang='lat' dir='ltr'>quam</span> <span class='ocrx_word' id='word_1_802' title='bbox 1987 3466 2079 3501; x_wconf 82' lang='lat' dir='ltr'>dam-</span> 
     </span>
    </p>
   </div>
   <div class='ocr_carea' id='block_1_14' title="bbox 1936 3515 2029 3552">
    <p class='ocr_par' dir='ltr' id='par_1_29' title="bbox 1936 3515 2029 3552">
     <span class='ocr_line' id='line_1_135' title="bbox 1936 3515 2029 3552; baseline 0.022 -2"><span class='ocrx_word' id='word_1_803' title='bbox 1936 3515 2029 3552; x_wconf 77' lang='lat' dir='ltr'>navit</span> 
     </span>
    </p>
   </div>
  </div>
 </body>
</html>
