2358 3776
0 3452 2 3527 l

296 112 336 158 S.
406 106 795 157 THOMAE
860 102 1757 157 CANTUARIENSIS.

88 194 261 239 eioliusest
270 220 282 237 ,
307 195 444 240 abjicere
454 194 692 232 conscientiam
708 189 903 228 Christiani.
930 186 1050 325 Absit'

93 252 160 287 hoc
171 262 191 291 ,ι
203 246 283 282 absit
295 246 358 282 hoc
369 273 379 288 ,
406 246 604 281 dilestiffime
618 269 629 285 ,
638 246 656 279 a
670 240 905 287 discretione&
924 238 1025 279 hone·

94 303 174 338 state
184 299 283 332 vestra
297 323 307 339 ‚
335 308 371 332 ut
395 308 452 341 pro
472 296 642 340 temporali
664 293 888 328 emolumento
898 290 1027 334 ponatis

95 362 170 387 cum
181 346 390 383 schismaticis
403 347 609 392 portionem,
635 345 668 378 δε
688 343 868 387 quidquam
890 341 931 375 de
948 340 1028 374 Hie-

90 396 282 436 'richontino
294 398 499 433 anathemate
511 391 745 440 imprudentius
755 392 789 425 &
806 390 1028 435 impudentius

92 450 240 495 rapiatis,
268 449 356 493 quod
369 448 477 484 castris
489 445 629 481 Domini
638 443 840 478 exercituum
851 443 886 476 in
899 441 1029 477 ruinam

94 502 131 536 ἃ
143 499 316 544 perniciem
335 507 543 534 convertatur
553 517 561 529 .
590 495 633 529 Et
643 493 778 537 quidem
789 503 826 527 ut
837 491 1005 526 sententiae
1018 516 1029 533 ‚

94 551 225 593 vessrae,
253 549 357 585 immo
380 546 558 584 Catholicae
579 544 729 579 Eccleliae
748 540 939 578 authoritati
953 554 1031 577 con-

94 599 233 635 sentiam
246 626 258 643 ,
281 600 362 636 dum
372 598 471 644 grana
489 606 564 631 eum
582 594 702 639 paleis,
727 594 760 628 &
771 592 852 627 boni
871 592 966 627 malis
977 592 1031 627 ad-

95 651 192 685 mixti
206 651 302 692 sunt,
326 649 408 683 &in
433 643 650 690 adimplendis
668 644 828 678 mandatis
838 643 949 686 Moyfi
961 667 972 683 ,
998 643 1032 677 δε

97 699 321 745 promovenda
343 695 593 743 praedestinantis
602 695 712 741 gratiae
721 694 934 737 dispositione
945 693 1033 727 labo-

97 761 147 786 rat
173 750 342 795 JEsUs,·
358 746 545 783 Anath'ema
559 747 592 780 in
614 745 725 779 medio
734 743 827 778 lsrael
849 745 917 784 est,
944 743 1035 790 cujus

102 800 275 835 occasione
295 808 428 843 pereunt
439 796 558 836 multi,
582 794 683 839 &qui
705 794 1000 838 praeordinatisunf
1021 818 1034 834 ‚

1863 121 1930 171 17
1944 128 1963 156 1

1089 192 1168 228 fiam
1186 189 1254 226 Dei
1264 186 1463 233 persequitur
1475 211 1487 228 ‚
1511 188 1568 223 sed
1585 190 1620 223 ἀ
1639 190 1744 235 ipsum
1764 219 1776 236 ‚
1811 203 1850 231 ut
1866 193 1992 232 audivit
2017 200 2032 241 θ·
2080 188 2082 190 ’

1092 238 1273 287 impudenti
1295 239 1488 274 scurrilitate
1510 238 1684 274 verborum
1701 245 1872 281 consuevit
1915 245 2033 291 Regu-‘—

1092 293 1159 327 lum
1179 288 1360 336 appellare.
1387 289 1451 325 Sed
1472 288 1549 324 cnm
1575 289 1667 325 vobis
1676 290 1711 325 id
1724 292 1813 326 cordi
1834 294 1951 338 fuerit,
1977 294 2030 331 be-

1094 342 1291 388 nignitatem
1314 338 1580 376 Christianiffimi
1602 338 1764 385 Principis
1784 343 1877 378 vobis
1897 345 2035 391 placabi-

1093 393 1157 430 lem
1178 392 1249 428 fore
1272 402 1342 427 non
1361 389 1500 426 dubito.
1712 427 1714 430 ,
1808 412 1810 415 v

1218 488 1629 528 EPISTOLA
1739 489 1940 531 chxl.

1203 597 1349 639 Joamm
1376 590 1606 677 Saresbegenjlsls
1632 572 1773 636 Magistro
1797 594 1930 628 airardo

1526 653 1573 677 uce
1595 653 1611 678 e
1626 667 1636 677 .

1183 744 1301 780 ICET
1324 741 1407 779 mihi
1426 742 1564 779 dileetio
1586 745 1691 779 vestra
1714 754 1784 778 non
1811 742 2002 787 rescripserit
2028 766 2041 783 ,

1209 807 1273 841 ego
1293 804 1403 830 tamen
1423 795 1672 838 opportunitate
1694 793 1849 835 inventa,
1874 794 1956 828 ficut
1978 795 2040 827 fer-

94 850 170 895 post
183 847 368 892 triumphos
386 845 555 893 gloriosius
574 854 789 880 coronantur.
818 844 925 880 Unde
948 845 1037 878 navis
1102 857 1214 882 vorem
1235 845 1358 885 animi,
1387 845 1558 888 praesertim
1569 845 1609 880 ad
1618 845 1765 886 amicos,
1789 846 1873 880 &in
1898 843 2044 879 affertio-

98 898 211 943 Petri,
246 898 334 942 quasi
357 896 510 932 Domino
529 895 736 936 dormiente,
770 894 920 931 fluetibus
943 895 1038 929 variis

97 948 183 993 sz‘pe
194 946 389 988 colliditur,
414 946 469 982 sed
487 945 566 991 quia
582 944 625 980 de
646 944 781 981 Christo
791 946 918 980 vestore
938 946 1039 980 eonfi-

97 999 184 1040 diet-¹
196 999 319 1042 semper
338 997 380 1032 ad
405 997 515 1032 salutis
534 995 688 1042 enavigat
698 1006 849 1040 portum.
878 997 951 1030 Nec
973 1006 1039 1029 am-

97 1048 237 1094 figitis,
264 1049 345 1092 quin
366 1047 401 1083 ἀ
422 1048 459 1081 in
470 1045 583 1081 medio
607 1046 728 1087 vestri,
753 1045 962 1081 Colonienfis
979 1045 1041 1079 Ec·

97 1096 203 1134 elena*
217 1098 296 1133 dico
318 1121 332 1138 ,
357 1108 426 1132 non
446 1097 514 1131 tarn
536 1096 636 1131 lateat
656 1094 851 1137 anathema,
876 1096 964 1140 quasi
985 1096 1042 1130 ali·

101 1158 204 1192 quam
216 1145 428 1182 reverentiam
439 1146 549 1182 Dei&
559 1145 734 1182 hominnm
746 1147 977 1182 verecundiam
989 1144 1042 1179 ha·
1055 1110 1059 1175 i

101 1199 207 1240 bens-,³
228 1208 327 1241 quarn
337 1195 476 1232 insaniat
495 1195 531 1230 &
552 1197 659 1230 saeviat
682 1197 832 1231 adversus
845 1197 962 1230 Deum
977 1218 988 1233 ,
1009 1178 1059 1227 &⁸

104 1247 257 1283 Ecclesia!
273 1246 456 1286 unitatem,
481 1246 650 1289 praesertim
661 1257 738 1280 cum
761 1246 824 1280 toti
836 1243 961 1279 mundo
973 1243 1040 1277 fere

102 1297 171 1342 iam
177 1295 363 1331 innotuerit
376 1319 388 1336 ,
414 1305 555 1337 quantus
563 1294 714 1328 incentor
724 1294 757 1327 δε
768 1293 887 1328 author
895 1292 1044 1327 schisma·

100 1347 167 1390 dq
184 1347 234 1381 lex
249 1354 318 1389 quo
329 1345 438 1389 potuit
460 1366 472 1383 ‚
499 1343 564 1379 fuit
583 1343 640 1378 ille
662 1343 870 1378 Colonienfis
893 1343 1043 1377 Praesum-

103 1403 182 1441 prot
202 1394 352 1430 Ecciefiae
375 1418 388 1436 ,
422 1393 587 1429 maximus
606 1393 692 1428 inter
722 1392 880 1428 Locustas
892 1393 1005 1428 Bestiae
1031 1415 1043 1433 ,

103 1442 242 1492 qdmm
253 1444 448 1489 potestasest
460 1445 495 1479 in
508 1443 629 1489 linguis
649 1445 682 1479 δι
693 1444 807 1479 caudis
819 1455 949 1478 earum.
977 1443 1044 1477 De·

101 1493 226 1531 (estrat
246 1494 338 1529 enim
349 1493 509 1534 schisma,
532 1505 646 1538 pacem
668 1494 773 1528 fuerat
791 1494 971 1536 Tyrannus
991 1503 1046 1526 ve-

105 1545 170 1582 ster
180 1544 331 1580 necleta
341 1544 543 1584 redditurus,
569 1545 633 1580 nisi·
643 1555 717 1578 eum
732 1544 935 1578 Colonienfis
947 1544 1046 1577 etiam
1062 1574 1063 1578 ,

105 1593 216 1631 'edhuc
237 1592 389 1630 adversus
414 1593 590 1630 Ecclesiam
611 1595 784 1634 incitaret,
822 1603 858 1629 ut
879 1595 946 1636 pari
967 1602 1048 1627 voto

107 1654 272 1681 aon-tam
304 1644 424 1678 summi
446 1643 622 1678 Pontifieis
643 1644 744 1677 vitam
756 1667 773 1684 ‚.
793 1654 891 1686 quam
905 1642 991 1677 Petri
1002 1641 1047 1676 di-

105 1695 271 1741 ‘uitatem
293 1703 465 1733 conentur*
479 1692 672 1738 extinguere
682 1693 847 1727 dicentes:
875 1693 1049 1737 alligemus

107 1741 229 1789 justum
242 1766 255 1782 ,
281 1742 439 1787 quoniam
459 1743 589 1776 inutilis
605 1743 650 1777 est
664 1741 780 1780 nobis,
804 1743 973 1776 scientiam
985 1741 1052 1774 via-

109 1793 194 1832 eiiam
205 1792 272 1826 Dei
297 1790 477 1830 nolumus,
506 1790 634 1833 Regem
665 1790 844 1823 nescientes
870 1790 927 1822 nifi
949 1789 1051 1822 Caesa-

106 1851 177 1879 nem
190 1865 199 1873 .
227 1839 279 1874 Eo
290 1839 395 1880 enim,
429 1847 466 1872 ut
475 1838 565 1881 ajunt
575 1861 586 1878 ‚
616 1838 779 1881 proposito
791 1838 825 1870 in
838 1838 966 1872 ltaliam
981 1847 1051 1880 pro·

107 1889 300 1932 flatrum,
327 1898 364 1924 ut
376 1888 585 1923 Cremensem
606 1887 856 1922 Haereliarcham
881 1887 1050 1921 intrudant

108 1942 147 1977 in
165 1940 283 1975 &dem
303 1938 418 1979 Petri,
442 1939 476 1972 dt
497 1936 665 1972 Vicarium
688 1936 808 1972 Christi
830 1949 885 1972 aut
905 1948 1052 1982 compre-

110 1990 258 2027 hendant
280 2014 293 2032 ,
327 1999 384 2024 aut
405 1988 556 2032 ejiciant,
585 1998 640 2023 aut
661 1989 816 2022 occidant
844 2014 850 2019 .
883 1988 1053 2022 Verumta-

112 2051 192 2076 men
208 2039 281 2073 fine
319 2038 557 2074 intermistione
592 2038 630 2071 fit
656 2039 763 2071 oratio
785 2038 826 2071 ab
845 2038 985 2071 Ecclefia
1013 2035 1053 2070 ad

113 2087 227 2127 Deum
248 2097 379 2134 proco,
403 2100 440 2123 ut
463 2090 553 2132 supra
574 2087 711 2122 modum
723 2088 837 2122 timere
847 2098 915 2121 non
938 2085 1056 2121 debeat

115 2140 271 2177 {duabus
289 2139 402 2174 caudis
426 2139 663 2183 fumigantium
677 2139 834 2174 titionum
847 2162 858 2179 ,
885 2136 1058 2172 Frederico

114 2190 352 2234 &Reginaldo
364 2215 375 2231 ,
402 2190 458 2232 qui
476 2200 631 2231 ponentes
641 2200 770 2222 carnem
784 2188 952 2223 brachium
966 2188 1058 2221 suum

116 2242 261 2275 faustum
274 2240 366 2272 lsrael
379 2238 597 2281 blasphemare
608 2251 676 2273 non
691 2240 808 2273 cessant
820 2264 828 2271 .
841 2238 990 2272 Profecti>
1003 2236 1058 2270 ubi

118 2289 304 2324 humanum
326 2290 411 2322 deest
427 2313 437 2328 ,
463 2289 626 2323 Divinum
638 2291 800 2323 auxilium
823 2287 1060 2322 necessitatibus

119 2339 269 2375 Ecclesiae
292 2338 498 2381 suffragatur.
532 2340 643 2372 Nemo
656 2340 748 2373 suum
768 2338 973 2373 fraudulenta
995 2347 1060 2370 ver-

119 2391 237 2425 borum
266 2389 477 2422 excuratione
497 2399 624 2422 tueatur
645 2400 784 2423 errorem
798 2413 809 2428 ,
837 2386 1061 2431 voluptatibus

119 2440 187 2474 suis
212 2437 321 2472 nullus
345 2437 539 2481 applaudat,
566 2440 642 2481 quia
665 2441 758 2473 Deus
782 2449 849 2472 non
876 2438 1025 2471 irridetur

120 2489 183 2532 qui
205 2498 272 2522 non
293 2487 471 2522 secundum
505 2488 661 2523 visionem
684 2490 808 2533 judicat
851 2488 1024 2523 oculorum
1053 2511 1064 2527 ,

119 2549 182 2575 nec
203 2538 351 2574 auditum
370 2547 495 2570 aurium
517 2538 661 2582 sequitur
681 2564 692 2580 ‚
718 2539 770 2573 sed
790 2540 823 2572 in
845 2542 994 2583 aequitate
1018 2538 1064 2580 ju·

121 2588 247 2624 dicabit
266 2587 378 2621 orbem
392 2597 547 2621 terrarum
562 2612 573 2627 ‚
596 2590 631 2623 ἀ
643 2599 700 2632 pro
715 2591 889 2623 mansuetis
911 2589 1062 2622 condem·

121 2650 204 2674 nans
227 2638 364 2681 impios.
391 2637 474 2671 lnde
507 2637 553 2671 est
575 2662 586 2678 ,
612 2639 703 2682 quod
725 2640 921 2672 affe-§tuosius
960 2649 1036 2681 peto
1053 2662 1063 2678 ,

124 2687 286 2734 quatenus
312 2687 486 2722 instantius
507 2687 611 2733 agatis
637 2698 708 2732 quae
733 2691 829 2732 agitis
851 2711 862 2728 ‚
886 2688 1028 2722 dicendo
1054 2711 1066 2728 ,

124 2738 321 2778 scribendo,
346 2739 522 2778 faciendo,
548 2736 636 2781 quod
650 2739 691 2772 ad
711 2740 954 2773 evacuationem
979 2737 1066 2771 schi-
1112 2743 1115 2751 ¹

126 2789 239 2824 {matis
258 2799 313 2832 per
325 2788 480 2822 collatam
504 2789 596 2822 vobis
608 2788 827 2832 sapientiam&
840 2789 992 2823 Domino
1014 2798 1067 2821 co·

125 2838 306 2884 gnoveritis
314 2837 470 2881 pertinere
481 2863 492 2880 ‚
517 2849 553 2872 ut
563 2838 596 2872 ὅ(
608 2839 809 2873 conscientia
821 2840 855 2873 fit
867 2839 971 2873 tutior
980 2839 1066 2883 apud

131 2889 265 2930 Deum,
291 2888 325 2922 ὃς
347 2890 433 2932 apud
456 2889 644 2932 proximum
666 2890 752 2923 fama
772 2889 987 2923 convalescat.
1015 2889 1069 2924 De

129 2947 245 2974 onero
259 2948 298 2972 ut
318 2950 360 2973 ex
381 2938 581 2973 conscientia
605 2939 721 2982 loquar
736 2964 747 2980 ,
782 2939 823 2974 de
845 2939 1069 2974 Cantuatiensi

132 2989 168 3023 &
180 2988 244 3021 suis
258 2987 625 3034 injunaamconcep'isti
637 2989 851 3033 suspicionem
860 3003 871 3023 .-
883 2992 957 3034 quia
970 3001 1068 3033 quan-

130 3047 203 3073 tum
215 3038 408 3080 perpendere
426 3040 542 3084 potui,
567 3040 601 3074 &
617 3039 659 3074 de
672 3040 777 3074 illo&
789 3041 830 3074 de
854 3039 918 3074 illis
940 3039 1068 3083 plenam

132 3090 168 3124 in
188 3086 346 3122 charitate
366 3087 488 3123 debetis
506 3089 655 3124 obtinere
675 3090 848 3126 fiduciam.
889 3091 968 3125 Non
991 3091 1069 3134 ergo

132 3138 200 3173 illis
228 3137 397 3181 imputetis
420 3138 681 3184 indignationem
703 3140 804 3185 Regis
835 3141 1033 3175 Francorum
1060 3165 1070 3181 ‚

132 3187 188 3222 sed
208 3187 329 3227 vobis,
356 3188 412 3232 qui
431 3187 498 3222 fine
518 3190 718 3224 conscientia
742 3190 809 3234 ejus
828 3191 990 3225 recessistis
1004 3215 1014 3231 ‚
1035 3201 1069 3224 ut

131 3238 346 3280 conqueritur
358 3261 369 3277 ‚
397 3238 468 3281 ipso
479 3249 577 3282 prope
597 3241 767 3275 transitum
779 3241 918 3275 vestrum
930 3241 1068 3275 existen·

134 3297 170 3323 te
190 3286 231 3321 ad
243 3286 323 3320 duas
343 3287 467 3321 leucas.
498 3288 612 3332 quue
629 3292 733 3335 magis
753 3302 863 3326 motus
885 3291 929 3325 est
945 3316 954 3331 ‚
983 3290 1071 3334 quod

133 3339 209 3373 eum
222 3346 278 3370 vos
290 3334 437 3371 habuerit
451 3337 729 3374 familiarissimum
740 3364 753 3381 ,
777 3342 819 3376 fic
832 3342 984 3376 transistis
998 3352 1075 3383 qua-

132 3389 155 3421 si
167 3385 208 3421 ad
222 3386 381 3421 AEmulos
394 3387 502 3432 Regni
525 3385 726 3424 Francorum
738 3415 749 3431 ‚
773 3392 808 3426 ὃς
819 3392 1015 3427 nominatim
1032 3390 1072 3424 ad

135 3436 377 3473 schismaticum
401 3436 635 3478 coloniensem
649 3463 660 3480 ,
685 3440 823 3483 quinon
845 3441 948 3478 modo
967 3441 1074 3476 Eccle-

242 3486 356 3528 christ.
371 3489 450 3531 Lupi·
468 3481 569 3531 Operssa
586 3492 665 3524 Tom.
689 3492 731 3525 X.

1106 908 1146 932 ne
1154 896 1280 940 justitia}
1292 919 1303 935 ,
1330 894 1486 930 cohibere
1496 908 1566 931 non
1580 897 1727 940 pofl‘um,
1751 893 1794 931 fic
1807 895 1843 930 dt
1861 895 1880 929 a
1898 893 2045 929 scriben-

1105 947 1149 982 do
1161 957 1228 980 non
1242 945 1336 990 potui
1359 945 1523 981 calamum
1544 945 1715 982 cohibere.
1746 946 1790 980 Et
1800 945 1932 980 fortasse
1954 943 2047 988 plura

1106 997 1273 1032 scriberem
1285 996 1430 1031 nostrum
1441 1021 1452 1038 ,
1480 995 1630 1031 Ecclesia
1643 994 1830 1042 Anglorum
1843 994 1921 1030 dlco
1931 1019 1941 1034 ,
1969 1005 2047 1028 con-

1106 1047 1267 1093 tingentia
1277 1046 1416 1088 statum,
1442 1047 1502 1080 nisi
1523 1047 1600 1091 quia
1610 1048 1733 1091 opinor
1749 1046 1886 1081 *Patrem
1906 1044 2050 1079 vestrum

1107 1098 1292 1132 Dominum
1314 1095 1582 1133 Canm'ariensem
1606 1096 1699 1132 vobis
1719 1097 1819 1141 >super
1838 1093 1889 1130 his
1921 1093 2048 1138 plenius

1109 1147 1309 1191 rescripsisse.
1338 1143 1556 1192 progrediens
1574 1145 1654 1192 ergo
1675 1146 1716 1183 ad
1736 1147 1861 1192 reliqua
1875 1170 1887 1187 ‚
1910 1142 1989 1179 Deo
2013 1145 2050 1178 in

1109 1198 1222 1242 primis
1243 1197 1365 1242 gratias
1386 1208 1471 1241 ago,
1498 1197 1556 1242 qui
1570 1197 1675 1237 mihi,
1700 1197 1839 1242 supra&
1857 1204 1971 1230 contra
1985 1203 2053 1228 me·

1109 1247 1169 1281 rita
1191 1258 1262 1281 mea
1280 1271 1292 1287 ,
1323 1246 1415 1281 dedit
1436 1247 1471 1281 in
1492 1248 1588 1281 omni
1612 1246 1830 1282 tribulatione
1859 1242 2013 1279 solatium
2038 1266 2052 1283 ,

1108 1297 1143 1330 ὅ(
1163 1306 1280 1330 omnes
1299 1294 1550 1329 adversariorum
1560 1294 1743 1329 tendiculas
1751 1295 1786 1328 in
1798 1294 1939 1339 gloriam
1962 1295 2053 1328 suam

1109 1344 1271 1380 convertit
1293 1368 1305 1385 ,
1331 1345 1366 1379 δε
1388 1343 1554 1388 parvitatis
1575 1354 1656 1378 mea:
1675 1345 1856 1388 profectum
1879 1367 1887 1376 .
1922 1341 2055 1391 Qanti

1110 1397 1197 1430 enim
1212 1393 1429 1431 faceredebeo
1448 1393 1642 1429 exercitium
1665 1394 1868 1435 litterarum,
1895 1393 1930 1427 &
1954 1402 2059 1437 nego«

1111 1446 1287 1481 tiationem
1308 1444 1458 1486 virtutis,
1482 1445 1517 1479 δε
1536 1444 1771 1487 experientiam
1794 1442 1948 1489 propositi
1971 1441 2055 1477 rest&

1111 1495 1423 1539 Philosophantium
1437 1518 1449 1535 ‚
1474 1495 1508 1528 δε
1533 1495 1727 1537 patientium
1747 1494 1996 1531 innocentiam,
2021 1491 2055 1525 ὄε

1115 1558 1172 1590 pro
1194 1546 1367 1579 assertione
1389 1544 1462 1578 fidei
1483 1544 1516 1577 δε
1539 1543 1668 1586 justitiae
1683 1543 1896 1578 defenfione?
1933 1541 1995 1575 Sed
2018 1540 2061 1575 ὃς·
2095 1537 2100 1545 ’

1116 1596 1193 1629 sorti
1212 1595 1321 1629 vestrae
1347 1593 1537 1639 aggratulor
1559 1617 1570 1633 ,
1595 1595 1710 1628 audito
1728 1592 1818 1638 quod
1841 1593 1927 1627 inter
1947 1590 2056 1625 hostes

1117 1645 1280 1684 Ecclefiae,
1310 1644 1450 1678 authore
1468 1643 1621 1677 Domino
1636 1667 1648 1683 ,
1686 1644 1825 1688 gratiam
1849 1641 2017 1677 invenistis
2044 1662 2063 1680 ,⁴

1115 1697 1151 1731 &
1173 1706 1210 1729 ut
1235 1693 1469 1737 temporalibus
1490 1691 1713 1726 abundetisad
1735 1691 1904 1726 materiam
1939 1701 2058 1735 geren-

1117 1746 1235 1778 dorum
1258 1766 1270 1782 ,
1295 1743 1330 1775 ἀ
1350 1742 1493 1783 quadam
1515 1740 1694 1774 litterarum
1721 1740 1756 1774 δε
1779 1741 1940 1775 virtutum
1964 1751 2055 1783 pree·

1119 1793 1271 1826 minentis
1297 1789 1499 1824 authoritate
1515 1812 1527 1829 ,
1566 1799 1604 1824 ut
1633 1790 1719 1833 apud
1740 1790 1899 1825 Barbaros
1922 1813 1933 1830 ,
1969 1786 2061 1833 quod

1118 1842 1270 1876 discretio
1291 1840 1395 1874 vestra
1414 1839 1581 1873 distaverit
1593 1863 1606 1881 ,
1630 1850 1782 1883 reputent
1792 1840 2055 1874 Sacrosanstum.

1121 1892 1247 1926 Verum
1269 1891 1359 1934 quod
1380 1889 1511 1933 plurimi
1534 1891 1623 1924 facio
1638 1914 1649 1930 ,
1677 1890 1762 1923 illud
1778 1890 1824 1924 est
1845 1911 1856 1928 ‚
1882 1888 1970 1934 quod
1989 1887 2062 1923 odi-

1120 1942 1176 1975 stis
1198 1941 1372 1974 Ecclesiam
1394 1941 1673 1984 malignantium,
1699 1940 1755 1978 dt,
1781 1950 1818 1974 ut
1828 1940 1953 1977 audio,
1982 1948 2062 1972 con·

1121 2002 1170 2025 tra
1182 1989 1403 2024 schismaticos
1423 1990 1458 2022 in
1481 1989 1600 2023 virtute
1622 1989 1763 2032 Spiritus
1792 1989 1899 2023 Sanffl
1933 1986 2063 2031 publice

1123 2041 1258 2084 profide
1280 2039 1313 2072 in
1334 2040 1427 2073 omni
1461 2038 1609 2073 libertate
1639 2039 1850 2078 conscientiae
1885 2038 2064 2082 loquimini

1123 2092 1156 2125 &
1178 2089 1316 2124 scribitis
1338 2089 1526 2123 veritatem.
1565 2089 1654 2123 Nam
1675 2087 1822 2132 profecto
1844 2087 1901 2123 ubi
1924 2088 2064 2132 Spiritus

1124 2142 1188 2175 Dei
1201 2141 1245 2173 est
1258 2164 1268 2180 ,
1295 2139 1340 2173 ibi
1367 2138 1498 2174 libertas
1519 2164 1526 2171 .
1554 2138 1628 2173 Nec
1648 2138 1693 2173 est
1713 2164 1724 2179 ,
1750 2139 1841 2184 quod
1860 2138 1966 2184 magis
1989 2136 2069 2172 Phi·

1124 2188 1299 2233 losophum
1321 2188 1453 2230 deceat,
1481 2189 1581 2233 quam
1602 2190 1754 2233 professio
1777 2189 1943 2229 veritatis,
1979 2187 2067 2231 justi-

1126 2241 1178 2275 tiae
1199 2241 1306 2273 cultus
1323 2263 1334 2279 ,
1359 2249 1568 2283 contemptus
1590 2240 1708 2274 mundi
1731 2264 1742 2281 ,
1768 2239 1804 2274 ὅ(
1834 2238 2031 2284 paupertatis
2055 2261 2069 2280 ,

1125 2290 1201 2325 cum
1235 2289 1362 2323 necesse
1393 2289 1439 2323 est
1460 2311 1471 2328 ‚
1498 2299 1617 2323 amors.
1656 2290 1815 2334 Legimus
1848 2287 2070 2332 Philosophos

1125 2341 1225 2387 gratis
1246 2340 1400 2384 tanquam
1424 2339 1555 2373 virtutis
1596 2338 1829 2382 impedimenta
1858 2337 2072 2375 comtemslffe

1126 2393 1159 2426 ὅ(
1183 2389 1330 2432 abjecisse
1353 2388 1501 2423 divitias.
1540 2389 1600 2423 Sed
1624 2389 1713 2433 quod
1745 2390 1844 2424 etiam
1878 2387 2070 2434 ingentibus

1050 2461 1061 2478 ‚
1108 2430 1245 2487 'aliquis
1272 2450 1387 2474 eorum
1408 2438 1526 2483 opibus
1548 2439 1761 2483 postposuerit
1784 2439 1952 2472 veritatem
1975 2463 1986 2478 ,
2013 2437 2070 2472 ha-

1128 2491 1239 2525 &enus
1261 2489 1445 2524 inauditum
1469 2489 1536 2523 est.
1564 2489 1603 2521 ln
1626 2499 1667 2523 eo
1688 2497 1829 2531 namque
1850 2489 1952 2522 totius
1975 2485 2071 2520 Ethi-

1129 2553 1171 2576 cae
1187 2541 1322 2585 gentilis
1341 2549 1496 2584 praecepta
1518 2538 1630 2581 vigent
1645 2561 1656 2577 ,
1690 2549 1725 2571 ut
1747 2538 1926 2571 carnalium
1950 2536 2066 2579 paffio-

1131 2591 1416 2626 nesAffeffionum
1429 2613 1440 2629 ‚
1475 2597 1555 2631 quas
1575 2597 1740 2629 nequeunt
1752 2587 1885 2630 penitus
1896 2586 2068 2631 extingue-

1130 2652 1182 2684 re,
1208 2643 1411 2683 reprimant,
1436 2638 1470 2671 &
1491 2636 1662 2679 subjiciant
1684 2637 1821 2671 rationi.
1847 2637 1952 2683 Qod
1976 2636 2069 2670 ficui

1129 2690 1286 2724 divinitus
1305 2689 1417 2723 datum
1442 2686 1562 2727 fuerit,
1590 2687 1665 2731 quia
1687 2687 1728 2720 ad
1742 2686 1808 2720 hoc
1832 2695 1944 2720 natura
1965 2687 2070 2731 impo-

1130 2751 1201 2775 tens
1221 2742 1265 2774 est
1280 2764 1292 2780 ,
1318 2750 1387 2772 non
1408 2736 1587 2781 ambigitur
1610 2734 1692 2770 recte
1702 2747 1777 2770 eum
1793 2735 2069 2780 Philosophantis

1132 2793 1184 2826 via
1206 2791 1248 2824 ad
1270 2790 1372 2823 vitam
1394 2785 1564 2827 incedere,
1591 2797 1626 2821 ut
1646 2787 1842 2821 aeternaliter
1864 2787 1972 2821 videat
1998 2785 2070 2822 dies

1131 2840 1254 2876 bonos.
1284 2840 1328 2873 Et
1347 2838 1506 2882 quatenus
1526 2838 1664 2882 quisque
1688 2838 1722 2871 in
1734 2848 1774 2872 eo
1797 2837 1994 2881 profecerit,
2019 2848 2070 2871 ea·

1132 2891 1228 2925 tenus
1239 2888 1279 2924 ad
1301 2900 1411 2923 veram
1424 2885 1672 2931 Philosophiam
1694 2887 1832 2922 accedit.
1863 2886 1969 2922 Unde
1992 2887 2069 2931 quia

1133 2952 1191 2975 vos
1202 2938 1335 2976 confido
1346 2937 1425 2973 reste
1433 2937 1703 2981 philosophantis
1715 2937 1833 2972 habere
1855 2937 2069 2982 propofitum,

1133 3003 1240 3036 rogo,
1265 3000 1410 3030 moneo,
1435 2988 1585 3022 &modis
1600 2988 1757 3022 omnibus
1779 2988 1941 3027 consulo,
1966 2997 2002 3021 ut
2024 2998 2070 3020 er-

1133 3051 1241 3075 rantes
1262 3039 1416 3075 studeatis
1439 3038 1458 3072 a
1477 3037 1644 3072 schismate
1667 3049 1818 3072 revocare
1838 3063 1850 3079 ,
1897 3048 1932 3071 ut
1957 3038 2069 3071 Deum

1134 3092 1300 3136 praeferant
1323 3088 1476 3129 homini,
1503 3100 1563 3122 nee
1582 3097 1675 3122 metu
1686 3088 1889 3131 Imperatoris
1909 3096 1964 3122 aut
1977 3085 2071 3121 schis-

1135 3141 1248 3176 matici
1277 3140 1487 3175 Colonienfis
1530 3139 1812 3173 circumventione
1854 3138 2017 3181 patiantur
2049 3137 2068 3169 a

1135 3191 1258 3226 Christi
1279 3201 1414 3234 corpore
1442 3188 1577 3231 separari
1598 3212 1606 3219 .
1643 3188 1731 3222 Nam
1759 3187 1893 3223 fortasse
1910 3198 1968 3230 pro
1988 3184 2072 3219 salu-

1136 3252 1169 3276 te
1189 3241 1347 3285 justorum
1370 3251 1427 3274 vos
1450 3238 1616 3272 Dominus
1635 3237 1675 3271 ad
1711 3238 1773 3272 hos
1806 3237 1953 3270 barbaros
1975 3234 2071 3268 desti·

1138 3292 1245 3326 navit.
1274 3291 1349 3324 Nec
1372 3288 1576 3323 credoistam
1589 3288 1772 3322 adeundam
1799 3286 1934 3329 jurgiis,
1962 3284 2015 3319 sed
2027 3285 2072 3319 fe·

1138 3341 1192 3376 lici
1205 3339 1430 3375 moderatione
1451 3338 1698 3381 complendam,
1727 3334 1923 3380 praesertima
1945 3332 2069 3376 sapien-

1137 3392 1235 3435 requi
1260 3390 1429 3424 meminit:
1457 3390 1543 3431 ,Quia
1553 3387 1689 3427 modestia
1695 3385 1854 3428 sapientiae
1865 3387 1884 3416 ἆ
1892 3382 1955 3425 fine
1961 3382 2069 3426 suavi·

1137 3449 1181 3477 ter
1191 3439 1279 3485 usque
1289 3440 1331 3475 ad
1337 3438 1430 3481 finem
1438 3437 1579 3481 universa
1591 3435 1735 3480 disponit.
1751 3434 1913 3478 Alioquin
1926 3435 2064 3478 pertina-

1650 3484 1676 3518 P
1725 3495 1749 3520 2
1945 3483 2038 3518 cibus
