2358 3776
385 113 479 162 302

311 186 437 224 suimus
447 182 536 218 enim
546 178 641 216 verba
661 178 770 215 nostra
791 178 827 214 in
840 189 898 214 ore
914 187 1029 212 eorum
1043 203 1051 210 .
1081 176 1251 220 Gloriatur

306 247 420 273 antem
434 234 507 267 Rex
521 229 653 277 Angliae
663 255 674 273 ,
693 230 783 274 quod
794 231 823 264 ei
835 228 1041 274 privilegium
1051 217 1265 269 contulistis,¹

308 283 488 332 quodlicet
500 283 535 317 in
547 282 660 317 Sedem
672 282 814 315 nostram
836 278 1044 318 redierimus,
1071 278 1182 313 omnis
1196 289 1253 321 po-

308 336 406 371 testas
417 334 526 369 nostra
535 342 688 367 evacuata
699 331 743 365 est
756 355 767 371 ,
793 330 900 363 donec
912 338 985 361 eam
1011 327 1108 363 nobis
1122 327 1248 362 restitui

311 385 414 420 velit„
430 383 588 419 Asaeculo
599 382 786 416 inauditum
798 378 844 412 est
866 378 953 421 apud
979 388 1040 412 nos
1054 401 1066 418 ,
1092 378 1180 421 quod
1193 378 1249 412 ali-

306 436 382 481 quis
392 435 568 479 Episcopus
577 434 610 467 se
621 430 767 473 Principi
780 427 919 463 saeculari
944 426 1094 472 obligare
1110 439 1248 474 cogatur

307 484 443 521 ulterius
464 507 476 524 ,
499 483 597 527 quam
625 480 666 513 ad
696 478 980 515 conservationem
1016 487 1145 519 eorum,
1177 490 1248 523 quae

302 534 516 571 continentur
535 532 571 565 in
594 532 700 565 forma
726 528 892 564 fidelitatis
913 552 920 561 .
949 526 1109 564 Veremut
1127 539 1208 574 ergo
1235 553 1247 570 ,

301 597 346 621 ne
358 585 380 618 si
392 610 403 625 ,
429 582 518 627 quod
531 581 613 615 absit
626 605 637 622 ,
665 581 698 626 ὃς
723 581 797 614 Deo
808 578 946 614 authore
960 579 1083 622 semper
1102 577 1208 613 aberit
1235 604 1245 621 ,

302 635 321 670 ἢ
334 633 429 669 nobis
439 634 572 668 ulterior
582 631 717 676 coeperit
735 630 915 675 obligatio,
946 629 1111 673 pernicies
1135 640 1243 664 exem-

299 686 347 730 pli
362 685 444 720 alios
456 683 583 718 inficiat
595 681 763 725 Principes
772 704 783 720 ,
807 682 841 714 ὅ(
854 691 921 714 non
936 677 1038 713 modo
1051 678 1244 714 Coaetaneos

303 735 454 774 nostros,
480 735 533 769 sed
556 734 745 769 successores
766 730 893 765 nostros
916 730 1083 764 involvat.
1114 731 1157 764 Et
1168 729 1244 773 qui·-

302 785 379 819 dem
393 785 528 829 planum
542 785 586 818 est
600 808 611 824 ,
627 782 715 828 quod
727 783 746 815 fi
771 781 877 825 petitae
897 781 1150 814 consuetudines
1162 791 1242 823 prae·-

299 835 465 870 valuerint
482 860 493 877 ,
519 832 696 869 authoritas
720 830 922 875 Apostolicae
942 830 1037 865 Sedis
1058 831 1092 864 in
1115 829 1239 874 Anglia

298 885 428 929 penitus
441 886 609 919 evanescet
626 908 636 924 ‚
663 892 719 918 aut
730 883 790 916 erit
802 882 960 916 minima.
990 881 1094 929 Qod
1109 882 1187 913 ficut
1200 891 1239 914 ex

298 935 460 979 majorum
481 935 606 979 scriptis
626 934 659 970 δε
684 932 900 968 relationibus
926 931 1098 966 Seniorum
1111 930 1240 974 publice

295 996 416 1021 notum
430 986 498 1025 est,
526 986 648 1028 pridem
674 983 886 1027 contigisset,
914 983 971 1016 nisi
996 980 1240 1016 Cantuarienfis

296 1035 440 1071 Ecclesia
457 1038 486 1069 se
497 1034 707 1077 Principibus
717 1044 775 1076 pro
786 1033 850 1069 fide
862 1033 953 1067 Sedis
969 1031 1165 1077 Apostolicae
1179 1053 1190 1071 ,
1205 1031 1239 1065 ἀ

299 1085 613 1120 Ecclesiaelibertate
624 1084 790 1120 studuisset
802 1094 987 1127 opponere.
1018 1084 1123 1117 Rarus
1145 1082 1236 1115 enim

293 1133 347 1171 illi
371 1135 521 1170 Ecclefiae
547 1134 669 1178 praefuit
684 1159 694 1175 ,
720 1134 775 1178 qui
794 1145 862 1168 non
874 1144 929 1167 aut
944 1133 1092 1179 gladium
1106 1131 1238 1166 subierit

290 1195 350 1229 pro
362 1184 485 1228 justitia
498 1211 508 1226 ,
534 1196 591 1220 aut
605 1185 772 1229 pertulerit
789 1185 952 1219 molestias
963 1184 1076 1224 exilii,
1102 1192 1158 1217 aut
1168 1192 1241 1226 pro-

294 1235 481 1279 scriptionis
500 1235 674 1279 injuriam.
706 1234 811 1271 Unde
835 1237 955 1268 mirum
980 1234 1026 1267 est
1049 1258 1060 1274 ,
1087 1234 1122 1267 ἀ
1143 1233 1236 1267 omni

290 1284 421 1329 stupore
442 1286 608 1331 dignum,
634 1285 722 1328 quod
748 1285 951 1327 Apostolicae
974 1282 1157 1326 Majestatis
1182 1293 1237 1325 po-

292 1334 380 1374 tius,
406 1336 504 1380 quam
518 1334 615 1368 nostri
630 1334 776 1367 nominis
787 1335 969 1376 perseeutor
981 1334 1012 1367 se
1026 1334 1058 1365 in
1071 1333 1165 1366 causa
1179 1331 1236 1366 tali

293 1386 401 1429 plures
411 1384 495 1428 apud
522 1395 578 1418 vos
598 1384 760 1428 gloriatur
783 1384 938 1417 invenisse
951 1384 983 1417 δι
1003 1382 1118 1417 habere
1129 1383 1235 1416 fauto-

286 1445 352 1469 res.
383 1434 457 1468 Nec
469 1444 667 1475 vosoportet
678 1433 719 1467 de
743 1442 861 1466 caetero
891 1434 1016 1471 vereri,
1042 1444 1083 1466 ne
1096 1433 1236 1465 transeat

289 1483 332 1518 ad
344 1481 595 1521 Schismaticos,
622 1482 699 1524 quia
723 1480 766 1514 sic
777 1492 853 1514 eum
867 1478 1018 1515 Christus
1032 1481 1065 1514 in
1078 1491 1176 1513 manu
1191 1480 1236 1514 fa-

289 1533 373 1567 muli
384 1532 432 1568 sui
450 1531 555 1576 Regis
572 1532 773 1565 Francorum
794 1529 924 1576 subegit
937 1555 950 1573 ‚
976 1540 1013 1566 ut
1022 1529 1065 1566 ab
1076 1528 1235 1575 obsequio

287 1583 358 1630 ejus
370 1593 440 1620 non
453 1582 550 1629 poffit
560 1581 701 1628 amplius
715 1581 848 1626 separari
863 1603 871 1615 .

441 1736 472 1769 E
498 1733 526 1767 P
554 1734 570 1767 Ι
597 1731 619 1766 8
643 1730 683 1765 T
708 1733 742 1766 0
767 1730 798 1765 L
824 1731 857 1766 A
988 1730 1083 1767 XIII.

390 1833 572 1868 Alexandro
598 1834 697 1873 Papae
722 1824 852 1864 Thomas
892 1828 1118 1872 Cantuarsenfis

612 1879 881 1925 Archi-Epiftopus
892 1904 900 1914 .

366 1981 586 2020 CCLESIAE
613 1980 805 2016 Persecutor
824 1980 859 2014 ὅ(
883 1979 993 2014 noster
1014 1978 1162 2014 abutitur
1183 1989 1233 2022 pa·

391 2036 507 2070 tientia
520 2034 621 2068 vestra
632 2058 642 2074 ,
670 2032 815 2066 nesciens
828 2041 884 2066 aut
895 2029 1096 2065 dissimulans
1107 2054 1120 2071 ,
1141 2029 1231 2073 quod

285 2098 364 2123 eum
375 2086 478 2120 vestra
500 2083 688 2128 benignitas
712 2083 747 2117 in
762 2082 867 2116 multa
879 2080 1132 2116 mansuetudine
1146 2079 1236 2113 susti·

286 2148 361 2180 net,
389 2147 425 2171 ut
439 2133 556 2171 habeat
573 2134 709 2178 spatium
723 2130 908 2178 poenitendi
921 2156 929 2165 .
956 2131 1032 2166 Etsi
1046 2130 1159 2174 ‚quod
1172 2128 1233 2164 ab·

285 2187 347 2229 fit,
374 2188 408 2221 in
418 2188 526 2221 furore
543 2184 737 2230 perstiterit,
759 2183 887 2223 vestra,
913 2192 977 2227 qua
1000 2179 1231 2216 condemnabi-

286 2249 359 2277 tur,
387 2237 508 2280 justitia
521 2235 694 2270 manifesta
706 2234 789 2268 sitin
810 2233 988 2276 conspestu
1010 2232 1164 2266 omnium
1178 2240 1234 2263 na·

289 2287 423 2322 tionum
435 2311 442 2318 .
472 2286 563 2320 Nam
585 2285 715 2327 quoties
728 2283 856 2316 Nuncii
867 2281 936 2323 ejus
948 2281 965 2313 a
981 2280 1081 2312 vestra
1096 2280 1231 2313 redeunt

285 2338 454 2373 sanctitate
465 2359 477 2375 ,
501 2335 538 2368 fit
551 2334 746 2367 insolentior
759 2354 770 2371 ,
796 2329 877 2364 &in
892 2328 1070 2363 Ecclesiam
1082 2328 1148 2362 Dei
1161 2340 1233 2363 cru-

287 2385 392 2422 delius
404 2387 514 2424 saevit‚
539 2383 574 2417 δε
586 2382 627 2416 ab
639 2381 835 2424 impunitate
847 2404 858 2420 ‚
885 2390 950 2423 qua
962 2377 1020 2413 diu
1046 2379 1153 2414 elatus
1165 2379 1232 2420 est,

287 2436 447 2479 majorem
458 2432 605 2475 concipit
617 2431 789 2464 audaciam
800 2429 1014 2473 delinquendi
1028 2453 1039 2469 ,
1062 2428 1150 2473 quasi
1163 2439 1231 2463 non

288 2484 462 2523 manifesta
472 2484 535 2517 sint
560 2492 660 2524 opera
682 2479 752 2523 ejus
774 2480 981 2524 provocantia
991 2478 1232 2523 judiciumine-

290 2536 441 2573 xorabile
452 2534 487 2568 in
499 2542 598 2576 caput
610 2532 703 2565 suum
717 2554 724 2562 .
751 2529 920 2574 Siquidem
940 2529 1080 2572 Ioannes
1091 2530 1132 2563 de
1143 2531 1229 2565 Oxe-

289 2587 428 2625 neford‚
454 2583 540 2629 quasi
554 2594 621 2616 non
634 2582 710 2617 satis
721 2579 876 2615 insaniret
897 2578 1001 2614 homo
1015 2604 1026 2620 ,
1050 2581 1172 2614 eumin
1186 2591 1230 2614 re-

290 2638 368 2672 dier
377 2638 435 2670 suo
445 2632 585 2676 amplius
597 2631 764 2675 instigavit
778 2655 789 2671 ,
809 2629 970 2674 nobisque
983 2630 1137 2664 subtraxit
1149 2630 1231 2665 obe-

292 2685 455 2722 dientiam
465 2684 499 2717 ὅ(
510 2681 723 2716 reverentiam
746 2681 927 2715 Provineiae
939 2679 1053 2714 nostrae
1065 2704 1076 2720 ,
1101 2691 1230 2715 excom·

293 2735 480 2772 municatos
491 2731 557 2766 fine
568 2731 753 2774 juramento
763 2732 796 2765 ὅ(
807 2731 1022 2765 satisfactione
1042 2730 1119 2765 fecit
1130 2731 1231 2766 absol-

294 2786 348 2820 vi.
367 2786 447 2832 Qa
468 2780 611 2828 justitia,
632 2780 749 2816 viderit
772 2782 863 2815 Deus
876 2781 1044 2824 &jndicet
1059 2807 1067 2815 .
1094 2782 1232 2816 Secutus

295 2847 372 2872 eum
386 2836 526 2880 Ioannes
536 2832 661 2867 Cumin
686 2831 717 2866 se
738 2830 860 2873 majora
887 2830 1047 2876 gloriatus
1063 2832 1108 2866 est
1127 2831 1233 2876 impe-

296 2888 391 2921 trasse
401 2910 409 2918 .
438 2885 481 2919 Et
495 2893 532 2918 ut
543 2880 850 2917 Christianiffimum
863 2881 989 2926 Regem
1004 2882 1232 2926 &Optimates

295 2933 652 2982 RegniFrancoruma
669 2931 777 2967 nostra
803 2932 837 2966 &
863 2931 1125 2969 Coexulantium
1138 2932 1234 2966 nobis

295 2986 515 3023 subventione
526 2981 700 3019 retraheret
714 3005 725 3023 ,
751 2991 922 3026 peragrans
936 2983 1108 3017 Franciam
1124 3007 1135 3023 ‚
1152 2983 1185 3017 &
1198 2985 1230 3017 in

296 3036 525 3082 Burgundiam
544 3034 746 3076 irrumpens,
771 3031 806 3065 in
831 3032 984 3066 Ecclesiis
1004 3033 1036 3067 ὅς
1055 3032 1233 3067 Nobilium

297 3087 452 3121 domibus
464 3084 691 3119 disseminabat
704 3084 735 3117 se
755 3091 879 3116 certum
897 3082 960 3115 effe
980 3081 1020 3116 de
1041 3084 1147 3117 nostra
1169 3085 1233 3118 cita

298 3136 481 3180 dejectione
495 3158 505 3175 ,
531 3134 641 3168 dicens
654 3142 762 3168 tamen
784 3133 818 3166 se
829 3142 957 3175 tempus
969 3132 1002 3166 &
1016 3134 1152 3167 modum
1162 3135 1232 3167 r'eti-

299 3198 372 3224 cere
385 3211 396 3228 ‚
421 3185 499 3232 quia
512 3184 653 3220 revelare
665 3186 820 3218 secretum
843 3182 934 3216 Sedis
954 3181 1154 3225 Apostolicae
1166 3195 1232 3218 non

301 3236 458 3273 audebat.
485 3235 558 3282 Qi
581 3231 656 3268 vero
676 3244 766 3267 nunc
788 3231 960 3267 noviffimti:
971 3231 1155 3272 redierunt,
1185 3234 1233 3275 ja·-

297 3289 417 3322 -ffltant
439 3286 602 3321 indultam
625 3283 713 3327 Regi
736 3283 931 3317 dilationem
952 3307 963 3324 ‚
988 3282 1022 3317 &
1044 3283 1233 3326 potestatem

305 3335 587 3371 nostramavobis
598 3335 661 3369 esse
672 3332 873 3376 suspensam,
900 3343 936 3368 ut
960 3344 1019 3366 nec
1039 3336 1071 3366 in
1097 3333 1199 3376 ipsum
1227 3357 1236 3372 ,

304 3387 412 3421 necin
425 3388 565 3431 aliquam
584 3385 752 3429 personam
772 3392 860 3416 terrae
884 3384 947 3416 suae
968 3382 1093 3426 justitiae
1102 3394 1234 3417 manum

307 3447 351 3473 ex
372 3446 577 3482 quacumque
598 3434 691 3471 causa
713 3432 867 3480 poffimus
887 3433 1061 3474 extendere
1083 3458 1091 3468 .
1125 3433 1235 3470 Abbas

989 86 1542 140 EPISTOLAE

1305 176 1405 213 etiam
1414 179 1444 214 S.
1457 175 1638 222 Augustini
1660 176 1821 222 gloriatus
1831 177 1877 213 est
1889 204 1900 222 ,
1912 188 1916 191 ’
1926 181 2014 227 q'uod
2039 176 2239 223 benedictio]

1307 227 1485 263 nis'munus
1498 228 1681 271 suscepisset
1703 228 1721 262 ἐι
1744 229 1859 271 vobis,
1875 231 1908 264 fi
1922 237 2148 272 votumfuisset
2163 263 2173 279 ,
2198 247 2241 273 ut

1305 279 1508 314 tonderetur.
1538 278 1581 312 Et
1604 278 1752 320 utinam,
1775 280 1864 323 quod
1885 282 1920 315 in
1943 281 2064 319 vicinia
2082 289 2137 322 sua
2151 274 2236 323 noir⁴

1304 327 1382 364 dum
1395 329 1555 365 creditum
1569 354 1580 370 ‚
1598 328 1826 364 benedictione
1837 331 1927 370 fieret
1948 332 2083 378 dignus.
2110 337 2181 373 Nec
2192 350 2236 374 η.

1304 377 1402 415 ticent
1415 380 1446 414 se
1457 403 1468 420 ‚
1493 380 1549 413 nisi
1563 380 1739 424 petitiones
1749 392 1861 415 eorum
1871 393 2158 426 promoverentur,
2169 388 2233 423 'mi-

1305 428 1441 465 micitias
1456 430 1604 465 Ecclesiae
1616 430 1799 466 Catholicae
1809 432 2036 475 denunciasse,
2064 434 2098 468 δε
2107 434 2125 467 a
2136 434 2236 474 Curia

1304 479 1455 514 receffiffe
1466 493 1541 515 cum
1556 480 1788 526 indignatione
1799 507 1809 522 ,
1837 483 1890 516 sed
1902 484 2037 518 fratrum
2051 483 2239 529 vestrorum,

1304 528 1359 574 qni
1379 530 1538 565 columnae
1559 533 1713 565 videntur
1727 531 1893 574 Ecclefiae,
1921 533 2095 568 sedulitate
2117 535 2152 569 &
2166 534 2240 570 dili·

1303 580 1413 624 gentia
1423 582 1464 615 ad
1476 581 1611 616 Curiam
1628 582 1722 616 fuisse
1741 594 1930 618 revocatos.
1957 585 2040 618 Haec
2060 585 2097 618 in
2112 585 2242 629 compi-

1302 631 1343 664 tis
1354 630 1526 673 praedicant
1541 657 1552 672 ‚
1579 642 1740 666 uteorum
1761 634 2016 678 magnanimitas
2039 635 2220 670 innotescat
2236 660 2245 669 .

1305 679 1347 714 Et
1357 681 1484 716 sortasse
1497 693 1533 717 ut
1546 683 1735 717 Nationum
1748 682 1916 727 Principes
1929 684 1969 719 ad
1996 684 2111 719 similia
2124 695 2243 729 provo-

1302 741 1433 765 centur.
1460 731 1504 766 Et
1525 733 1680 776 quidem,
1709 733 1804 769 Pater
1828 734 1943 768 Sancte
1964 759 1977 776 ‚
2002 734 2116 771 Officii
2141 734 2242 770 nostri

1304 781 1440 823 potestas
1450 781 1545 816 facile
1569 784 1717 827 suspendi
1742 784 1880 827 poterit·
1907 785 1969 819 Sed
1993 784 2124 819 dextera
2138 785 2205 820 Dei
2230 809 2246 826 .

1302 842 1370 872 quae
1381 831 1446 874 jam
1460 832 1564 876 capita
1574 833 1728 877 deprimit
1740 834 1998 878 Tyrannorum,
2012 834 2156 870 cohiberi
2172 847 2243 870 non

1302 881 1420 924 potest.
1447 883 1588 918 Timent
1609 884 1720 918 fideles
1743 885 1860 925 vestri,
1888 897 1930 919 ne
1950 886 2030 920 dum
2053 885 2239 920 exercendae

1298 930 1426 973 justitiae
1449 932 1584 967 meliora
1609 939 1754 976 tempora
1776 936 1966 978 exspestatis
1984 961 1994 977 ,
2020 936 2146 980 optima
2169 935 2243 971 ela-⁸¹

1300 981 1434 1016 bantur.
1457 980 1548 1017 Nam
1569 983 1605 1017 in
1618 985 1707 1017 atero
1731 983 1824 1026 positi
1844 985 1937 1019 sunt.'
1967 984 2011 1019 Et
2037 986 2095 1031 qui
2108 994 2206 1020 terret
2233 1008 2245 1025 ,

1299 1032 1371 1074 plus
1395 1031 1461 1074 ipse
1483 1032 1598 1067 timet.-
1622 1031 1830 1075 Consortare,
1856 1033 1965 1076 inquit
1989 1035 2182 1076 Dominus,
2206 1037 2243 1071 ὑ·

1298 1082 1352 1121 esto
1361 1082 1492 1122 robustus
1506 1105 1517 1123 ,
1541 1088 1579 1117 ne'
1602 1090 1712 1116 timeas
1724 1083 1833 1124 aifacte
1841 1093 1957 1124 eorum,
1978 1091 2051 1126 quia
2058 1093 2153 1119 tecum
2161 1084 2242 1128 sum.

1298 1132 1562 1176 Jastitationibus
1584 1132 1795 1168 Nunciorum
1811 1133 1913 1179 Regis
1938 1143 2006 1168 non
2019 1133 2206 1169 crederetur
2228 1159 2245 1177 ,

1298 1183 1356 1216 nisi
1368 1183 1445 1224 quia
1455 1183 1642 1218 Cardinalis
1666 1184 1700 1217 in
1722 1183 1836 1218 eadem
1849 1183 2012 1228 opinione
2036 1183 2107 1224 est,
2134 1183 2169 1219 δε
2183 1194 2248 1220 nos

1299 1233 1441 1267 verbo&
1462 1233 1580 1268 litteris
1599 1234 1719 1268 fecisset
1741 1235 1913 1269 certiores.
1940 1234 2095 1269 Misimus
2105 1245 2185 1280 ergo
2198 1234 2250 1269 di·

1298 1283 1502 1317 lestiffimum
1515 1283 1620 1317 filium
1633 1284 1770 1318 vestrum
1782 1309 1792 1325 ‚
1815 1284 2035 1320 fidelissimum
2062 1284 2246 1325 vobis*‘,'³²&

1298 1343 1353 1376 per
1364 1333 1477 1367 omnia
1490 1333 1585 1366 nobis
1597 1333 1772 1376 probatum
1784 1358 1795 1374 ‚
1809 1335 1999 1377 participem
2014 1334 2243 1370 tribulationis

1299 1382 1412 1417 nostrat
1423 1407 1434 1424 ‚
1454 1383 1646 1427 magistrum
1660 1383 1887 1418 Lombardum
1898 1408 1908 1424 ,
1933 1385 1989 1426 qui
2017 1384 2169 1419 miserias
2181 1396 2246 1420 no-

1297 1432 1374 1466 stras
1386 1455 1398 1472 ‚
1424 1432 1458 1465 &
1471 1432 1566 1475 partis
1579 1431 1716 1465 adversae
1729 1433 1894 1466 maiitiam
1910 1433 2090 1475 plenissime
2104 1435 2201 1470 novit
2221 1437 2242 1476 ⁴,

1297 1482 1329 1515 ἀ
1340 1493 1377 1515 ea
1387 1491 1458 1524 quae
1471 1482 1504 1514 in
1517 1481 1658 1515 Ecclesia
1670 1479 1843 1514 Gallicana
1856 1479 2063 1516 dicuntui'de
2073 1481 2127 1517 his
2140 1487 2161 1523 ,“
2173 1487 2248 1528 qli·

1297 1540 1412 1564 contra
1427 1541 1488 1564 nos
1498 1530 1582 1564 fiunt
1597 1555 1608 1571 ‚
1632 1529 1814 1565 fideliffime
1826 1530 1960 1566 referet.
1988 1531 2023 1576 Si
2037 1533 2144 1576 placet
2159 1554 2171 1572 ,
2198 1533 2248 1576 ip·

1299 1581 1370 1614 sum
1384 1604 1395 1620 ,
1421 1581 1503 1615 sicut
1524 1591 1585 1614 nos
1609 1581 1714 1624 ipsos,
1740 1580 1880 1616 audite:
1907 1583 1985 1626 quia
2004 1582 2137 1617 fidelior
2151 1582 2248 1619 vobis

1298 1631 1331 1665 δε
1344 1630 1511 1672 Ecclesiae,
1541 1631 1700 1676 nobisque
1710 1631 1919 1668 cctnmodior
1931 1642 1999 1666 non
2019 1632 2127 1675 potuit
2155 1632 2249 1669 iuve-

1300 1682 1377 1715 niri.
1405 1681 1645 1726 Auditeergo,
1671 1681 1832 1726 siplacet‚
1859 1680 2250 1720 huncconscientiuffl·

1298 1732 1364 1765 strae
1375 1733 1489 1767 testem
1500 1757 1510 1773 ,
1531 1732 1733 1766 miseriarum
1747 1732 1896 1766 Ecclesiae
1908 1733 2136 1776 inspectorem,
2154 1723 2247 1767 affl·-

1298 1791 1403 1815 torem
1415 1782 1583 1822 veritatis,
1609 1791 1789 1816 amatorem
1810 1781 1965 1824 justitiae‚
1985 1782 2019 1815 &
2041 1782 2246 1824 Apostolice

1296 1830 1386 1863 Sedis
1396 1831 1507 1865 affeetu
1521 1831 1740 1865 &devotione
1749 1829 1856 1864 filium
1867 1831 2245 1876 probatisiimum,quem

1297 1880 1485 1921 mittimus,
1509 1891 1546 1914 ut
1572 1880 1683 1916 saltem
1707 1892 1765 1925 per
1785 1890 1859 1915 eum
1882 1880 2036 1915 solatium
2051 1882 2253 1917 conferatur*

1298 1930 1444 1964 Ecclesiae
1455 1929 1676 1975 Angficanae,
1701 1942 1772 1974 qua:
1794 1931 1838 1964 sie
1863 1938 2032 1966 attenuata
2059 1931 2128 1973 est,
2154 1931 2248 1968 utde

1296 1988 1414 2014 caetero
1426 1979 1629 2015 neceffitates
1651 1981 1723 2014 suas
1746 1980 1958 2015 Nunciorum
1978 1980 2175 2016 discursibus
2190 1993 2246 2017 ex-

1297 2039 1418 2072 ponere
1431 2039 1568 2074 nequeat
1578 2054 1589 2070 ,
1616 2030 1670 2064 sed
1684 2031 1762 2065 Deo
1775 2031 1835 2064 soli
1848 2035 1992 2075 cogatur
2003 2040 2171 2076 exponere
2182 2033 2245 2077 ,βε

1296 2079 1504 2114 committere
1515 2081 1644 2115 causam
1658 2082 1748 2115 suam
1761 2106 1768 2114 .
1784 2080 2008 2116 Persecutores
2022 2081 2170 2115 Ecclesiae
2181 2093 2240 2116 ex·

1295 2131 1437 2174 spectant
1462 2130 1495 2165 δε
1515 2130 1698 2165 desiderant
1713 2155 1723 2171 ‚
1750 2131 1840 2174 quod
1859 2130 1906 2164 eis
1930 2131 2056 2165 Divina
2074 2130 2240 2167 subtrahat

1297 2181 1462 2214 miseratio
1479 2203 1490 2220 ‚
1525 2179 1632 2215 videre
1654 2181 1803 2214 fidelium
1828 2180 2015 2225 lugentium
2040 2182 2075 2215 in
2103 2182 2241 2216 transitu

1295 2223 1398 2265 vestro
1409 2230 1562 2265 dolorem
1572 2255 1583 2271 ,
1608 2241 1645 2264 ut
1659 2231 1729 2274 post
1742 2230 1811 2265 dies
1825 2230 1943 2264 vestros
1966 2230 2142 2266 Ecclesiam
2171 2231 2244 2266 sub-

1293 2279 1408 2321 jiciant
1432 2280 1600 2322 servituti,
1627 2281 1759 2315 nemine
1782 2279 2050 2316 contradicente.
2084 2281 2242 2317 Edenim

1293 2330 1436 2364 tendunt
1450 2354 1460 2370 ‚
1486 2342 1568 2374 quas
1579 2342 1695 2366 contra
1709 2332 1817 2365 Deum
1831 2332 1865 2365 δε
1885 2330 2042 2375 justitiam
2057 2331 2240 2375 implorant

1292 2378 1467 2413 dilationes
1478 2404 1485 2412 .
1513 2381 1575 2414 Sed
1589 2381 1715 2414 Divina
1726 2381 1882 2415 discretio
1906 2382 2008 2415 vestra
2020 2406 2032 2422 ‚
2060 2382 2159 2416 Pater
2171 2382 2244 2416 san-

1293 2430 1446 2470 eciffime,
1473 2429 1647 2463 studiosius
1662 2429 1867 2473 providebit,
1886 2436 1930 2465 ‘ut
1953 2440 2029 2464 ante
2049 2432 2178 2465 exitum
2193 2432 2243 2465 vi-

1293 2490 1332 2514 tae
1345 2489 1452 2514 tantas
1464 2479 1578 2522 puniat
1587 2479 1800 2513 enormitates
1813 2503 1824 2519 ‚
1852 2490 1893 2513 ne
1905 2479 1945 2512 de
1958 2479 2083 2522 injuriae
2096 2481 2161 2514 Dei
2177 2481 2242 2515 dis-

1293 2530 1500 2567 simulatione
1511 2540 1652 2575 cogatur
1662 2528 1697 2563 in
1707 2530 1762 2564 die
1772 2529 1890 2573 judicii
1903 2529 2036 2564 reddere
2048 2530 2214 2566 rationem
2233 2555 2241 2564 .

1454 2629 1485 2664 E
1511 2629 1538 2664 P
1564 2631 1582 2663 1
1606 2631 1628 2664 S
1653 2628 1692 2662 T
1716 2630 1751 2664 0
1779 2626 1808 2663 L
1835 2627 1869 2664 A
1974 2628 2070 2664 XIV.

1294 2731 1468 2767 Alexandro
1479 2734 1576 2773 Papae
1584 2727 1713 2763 Thomas
1724 2727 1945 2772 Cantuarienfis
1954 2728 2050 2764 Archi·
2055 2728 2223 2775 Epistopus‘
2230 2758 2241 2767 .

1389 2830 1518 2867 NlMA
1546 2841 1638 2870 mea,
1663 2830 1782 2870 Pater,
1808 2830 1842 2864 in
1855 2819 2154 2870 amaritudineest,
2175 2832 2236 2875 qui
2299 2813 2323 2840 *-

1414 2892 1490 2917 cum
1504 2881 1627 2916 miseris
1639 2879 1842 2914 Coexulibus
1854 2880 1934 2913 meis
1947 2903 1958 2919 ,
1982 2891 2023 2914 ex
2038 2890 2105 2924 quo
2118 2891 2173 2923 per
2185 2881 2258 2928 lit-¹

1296 2945 1377 2968 teras
1389 2933 1525 2973 vestras,
1551 2930 1669 2975 quibus
1680 2940 1741 2963 nos
1756 2953 1767 2968 ‚
1794 2939 1829 2962 ut
1844 2930 1967 2972 placuit
1981 2954 1991 2970 ,
2015 2930 2248 2977 suspendistis(
2265 2959 2268 2962 ⁴

1297 2982 1508 3027 opprobrium
1535 2980 1708 3016 hominum
1737 2980 1856 3014 fastum
1896 2981 1966 3014 sum
1985 3005 1996 3022 ,
2023 2980 2056 3014 &
2095 2978 2234 3026 abjestif)

1298 3033 1420 3078 plebis.
1444 3033 1486 3066 Et
1501 3031 1589 3076 quod
1599 3028 1744 3065 acerbius
1755 3030 1822 3064 urit
1844 3030 1990 3064 animam
2013 3039 2144 3072 meam,
2159 3030 2235 3065 ‘'Ec-
2256 3048 2261 3053 ·

1296 3084 1389 3119 clesia
1414 3083 1477 3117 Dei
1501 3083 1688 3126 iniquorum
1711 3079 1756 3112 est
1779 3081 1926 3123 exposita
1948 3079 2130 3124 voluntati.
2158 3080 2236 3114 Ma·

1298 3136 1370 3180 gnis
1388 3133 1500 3173 Viris,
1531 3130 1745 3167 Flandrorum
1768 3130 1899 3164 Comiti
1915 3155 1925 3171 ,
1959 3131 1994 3166 δε
2017 3128 2090 3166 aliis
2114 3129 2229 3175 Regni

1298 3184 1518 3219 Summatibus
1540 3181 1727 3216 Persecutor
1747 3180 1899 3214 Ecclefiae
1920 3182 1954 3215 &
1979 3181 2086 3216 noster
2110 3190 2233 3223 certam

1298 3226 1382 3279 pacis
1393 3234 1506 3268 nostra:
1520 3234 1604 3277 spem
1617 3230 1766 3271 dederat,
1780 3230 1833 3264 sed
1847 3231 1880 3264 in
1894 3231 2003 3266 reditu
2017 3230 2229 3266 Nunciorum

1299 3277 1539 3319 suorumvestra
1560 3283 1658 3315 fretus
1681 3279 1880 3315 authoritate
1904 3280 2003 3315 nobis
2023 3290 2158 3316 omnem
2186 3286 2234 3313 r‘e-

1297 3333 1539 3370 conciliationis
1550 3331 1694 3375 preclusit
1705 3332 1794 3365 viam
1806 3356 1813 3363 .
1827 3330 1880 3365 [lli
1890 3341 1969 3376 ergo
1980 3356 1991 3372 ‚
2016 3332 2051 3366 ὃς
2064 3331 2119 3366 alii
2131 3328 2227 3364 amici

1298 3384 1396 3420 nostri
1408 3381 1485 3427 quid
1495 3382 1690 3422 facerenr,s1c
1701 3381 1783 3415 fasio
1796 3381 1900 3415 vestro
1912 3382 1996 3425 quasi
2007 3382 2098 3417 clava
2107 3379 2231 3412 Hercu-

1301 3437 1349 3473 lea
1361 3433 1493 3481 percussi
1505 3433 1537 3469 ἀ
1550 3431 1826 3478 τερυίΐιὲῠιίηιω
1837 3442 1905 3477 quae
1915 3434 1949 3468 su
1952 3442 2007 3477 per
2017 3431 2083 3467 hoc
2100 3427 2229 3515 {Zpgseco-

2084 3490 2116 3524 1²¹
2128 3500 2138 3517 ³
