<?xml version="1.0" encoding="UTF-8"?>
<!DOCTYPE html PUBLIC "-//W3C//DTD XHTML 1.0 Transitional//EN"
    "http://www.w3.org/TR/xhtml1/DTD/xhtml1-transitional.dtd">
<html xmlns="http://www.w3.org/1999/xhtml" xml:lang="en" lang="en">
 <head>
  <title>
</title>
<meta http-equiv="Content-Type" content="text/html;charset=utf-8" />
  <meta name='ocr-system' content='tesseract 3.04.00' />
  <meta name='ocr-capabilities' content='ocr_page ocr_carea ocr_par ocr_line ocrx_word'/>
</head>
<body>
  <div class='ocr_page' id='page_1' title='image "./operaomniastudio10lupuuoft_0151.png"; bbox 0 0 2358 3776; ppageno 0'>
   <div class='ocr_carea' id='block_1_1' title="bbox 0 3028 20 3747">
    <p class='ocr_par' dir='ltr' id='par_1_1' title="bbox 0 3028 20 3747">
     <span class='ocr_line' id='line_1_1' title="bbox 0 3028 20 3747; baseline 0 0"><span class='ocrx_word' id='word_1_1' title='bbox 0 3028 20 3747; x_wconf 95' lang='lat' dir='ltr'> </span> 
     </span>
    </p>
   </div>
   <div class='ocr_carea' id='block_1_2' title="bbox 259 93 1775 158">
    <p class='ocr_par' dir='ltr' id='par_1_2' title="bbox 259 93 1775 158">
     <span class='ocr_line' id='line_1_2' title="bbox 259 93 1775 158; baseline 0.001 -1"><span class='ocrx_word' id='word_1_2' title='bbox 259 111 302 158; x_wconf 84' lang='lat' dir='ltr'>S.</span> <span class='ocrx_word' id='word_1_3' title='bbox 372 93 1775 158; x_wconf 55' lang='grc' dir='ltr'>ΤΙ-10ΜΕ’(3ΑΝ”Ῑ“’Ῑ,ῙἻῩΚΙῙ-ΞΝὸΙ8.ι</span> 
     </span>
    </p>
   </div>
   <div class='ocr_carea' id='block_1_3' title="bbox 109 183 1051 481">
    <p class='ocr_par' dir='ltr' id='par_1_3' title="bbox 109 183 1051 481">
     <span class='ocr_line' id='line_1_3' title="bbox 109 183 1048 239; baseline -0.014 -7"><span class='ocrx_word' id='word_1_4' title='bbox 109 196 221 233; x_wconf 71' lang='lat' dir='ltr'>eiReit</span> <span class='ocrx_word' id='word_1_5' title='bbox 233 192 374 239; x_wconf 82' lang='lat' dir='ltr'>graviter</span> <span class='ocrx_word' id='word_1_6' title='bbox 387 188 684 234; x_wconf 85' lang='lat' dir='ltr'>&amp;importabiliter</span> <span class='ocrx_word' id='word_1_7' title='bbox 705 183 863 221; x_wconf 85' lang='lat' dir='ltr'>inferebat</span> <span class='ocrx_word' id='word_1_8' title='bbox 878 208 890 225; x_wconf 88' lang='lat'>,</span> <span class='ocrx_word' id='word_1_9' title='bbox 917 183 1048 227; x_wconf 87' lang='lat' dir='ltr'>Episco-</span> 
     </span>
     <span class='ocr_line' id='line_1_4' title="bbox 111 234 1051 292; baseline -0.012 -12"><span class='ocrx_word' id='word_1_10' title='bbox 111 245 200 292; x_wconf 81' lang='lat' dir='ltr'>patui</span> <span class='ocrx_word' id='word_1_11' title='bbox 223 244 282 277; x_wconf 86' lang='lat' dir='ltr'>suo</span> <span class='ocrx_word' id='word_1_12' title='bbox 301 240 564 281; x_wconf 74' lang='lat' dir='ltr'>abrenunciasse,</span> <span class='ocrx_word' id='word_1_13' title='bbox 588 237 652 272; x_wconf 85' lang='lat' dir='ltr'>hoc</span> <span class='ocrx_word' id='word_1_14' title='bbox 673 247 770 282; x_wconf 87' lang='lat' dir='ltr'>grave</span> <span class='ocrx_word' id='word_1_15' title='bbox 793 234 922 269; x_wconf 50' lang='lat' dir='ltr'>satisf&amp;</span> <span class='ocrx_word' id='word_1_16' title='bbox 948 235 1051 269; x_wconf 90' lang='lat' dir='ltr'>mole-</span> 
     </span>
     <span class='ocr_line' id='line_1_5' title="bbox 111 284 1049 331; baseline -0.015 -2"><span class='ocrx_word' id='word_1_17' title='bbox 111 297 194 331; x_wconf 79' lang='lat' dir='ltr'>ssum</span> <span class='ocrx_word' id='word_1_18' title='bbox 217 293 350 328; x_wconf 88' lang='lat' dir='ltr'>ferimus</span> <span class='ocrx_word' id='word_1_19' title='bbox 373 304 381 325; x_wconf 76' lang='grc' dir='ltr'>ε</span> <span class='ocrx_word' id='word_1_20' title='bbox 420 292 454 325; x_wconf 87' lang='lat'>&amp;</span> <span class='ocrx_word' id='word_1_21' title='bbox 475 288 794 325; x_wconf 79' lang='lat' dir='ltr'>abrenuntiationem</span> <span class='ocrx_word' id='word_1_22' title='bbox 814 284 914 329; x_wconf 82' lang='lat' dir='ltr'>ipsam</span> <span class='ocrx_word' id='word_1_23' title='bbox 938 308 950 324; x_wconf 94' lang='lat'>,</span> <span class='ocrx_word' id='word_1_24' title='bbox 991 285 1049 319; x_wconf 70' lang='lat' dir='ltr'>nisi</span> 
     </span>
     <span class='ocr_line' id='line_1_6' title="bbox 111 333 1049 389; baseline -0.011 -10"><span class='ocrx_word' id='word_1_25' title='bbox 111 344 200 389; x_wconf 76' lang='lat' dir='ltr'>prius</span> <span class='ocrx_word' id='word_1_26' title='bbox 211 368 222 384; x_wconf 96' lang='lat'>‚</span> <span class='ocrx_word' id='word_1_27' title='bbox 248 340 417 384; x_wconf 78' lang='lat' dir='ltr'>quomodo</span> <span class='ocrx_word' id='word_1_28' title='bbox 430 341 515 383; x_wconf 65' lang='lat' dir='ltr'>fasta</span> <span class='ocrx_word' id='word_1_29' title='bbox 526 340 586 380; x_wconf 77' lang='lat' dir='ltr'>fit,</span> <span class='ocrx_word' id='word_1_30' title='bbox 609 347 664 381; x_wconf 83' lang='lat' dir='ltr'>per</span> <span class='ocrx_word' id='word_1_31' title='bbox 674 336 742 379; x_wconf 72' lang='lat' dir='ltr'>ejus</span> <span class='ocrx_word' id='word_1_32' title='bbox 754 334 880 369; x_wconf 76' lang='lat' dir='ltr'>litteras</span> <span class='ocrx_word' id='word_1_33' title='bbox 891 333 943 368; x_wconf 90' lang='lat' dir='ltr'>vel</span> <span class='ocrx_word' id='word_1_34' title='bbox 957 334 1049 369; x_wconf 89' lang='lat' dir='ltr'>Nun·</span> 
     </span>
     <span class='ocr_line' id='line_1_7' title="bbox 111 388 1050 438; baseline -0.012 -9"><span class='ocrx_word' id='word_1_35' title='bbox 111 396 182 429; x_wconf 90' lang='lat' dir='ltr'>cios</span> <span class='ocrx_word' id='word_1_36' title='bbox 193 394 452 438; x_wconf 83' lang='lat' dir='ltr'>cognoscamus,</span> <span class='ocrx_word' id='word_1_37' title='bbox 480 401 541 425; x_wconf 86' lang='lat' dir='ltr'>nec</span> <span class='ocrx_word' id='word_1_38' title='bbox 562 388 725 433; x_wconf 70' lang='lat' dir='ltr'>possumus</span> <span class='ocrx_word' id='word_1_39' title='bbox 745 395 846 420; x_wconf 83' lang='lat' dir='ltr'>ratam</span> <span class='ocrx_word' id='word_1_40' title='bbox 860 409 871 426; x_wconf 93' lang='lat'>,</span> <span class='ocrx_word' id='word_1_41' title='bbox 900 392 958 419; x_wconf 86' lang='lat' dir='ltr'>aut</span> <span class='ocrx_word' id='word_1_42' title='bbox 981 397 1050 420; x_wconf 91' lang='lat' dir='ltr'>non</span> 
     </span>
     <span class='ocr_line' id='line_1_8' title="bbox 112 441 438 481; baseline -0.015 -2"><span class='ocrx_word' id='word_1_43' title='bbox 112 453 216 479; x_wconf 78' lang='lat' dir='ltr'>ratam</span> <span class='ocrx_word' id='word_1_44' title='bbox 227 441 364 481; x_wconf 78' lang='lat' dir='ltr'>hahere.</span> <span class='ocrx_word' id='word_1_45' title='bbox 423 461 438 466; x_wconf 32' lang='lat'>*-</span> 
     </span>
    </p>
   </div>
   <div class='ocr_carea' id='block_1_4' title="bbox 118 534 1049 684">
    <p class='ocr_par' dir='ltr' id='par_1_4' title="bbox 118 534 1049 684">
     <span class='ocr_line' id='line_1_9' title="bbox 299 534 867 577; baseline -0.014 -1"><span class='ocrx_word' id='word_1_46' title='bbox 299 535 702 577; x_wconf 72' lang='lat' dir='ltr'><strong>EPISTOLA</strong></span> <span class='ocrx_word' id='word_1_47' title='bbox 753 534 867 570; x_wconf 86' lang='lat' dir='ltr'>CXV.</span> 
     </span>
     <span class='ocr_line' id='line_1_10' title="bbox 118 620 1049 684; baseline -0.01 -7"><span class='ocrx_word' id='word_1_48' title='bbox 118 644 291 679; x_wconf 68' lang='lat' dir='ltr'>Alexander</span> <span class='ocrx_word' id='word_1_49' title='bbox 312 620 544 684; x_wconf 54' lang='lat' dir='ltr'>Papa-Thema</span> <span class='ocrx_word' id='word_1_50' title='bbox 566 634 1049 680; x_wconf 66' lang='lat' dir='ltr'>cantuarienfidrcbi·Episcopo.</span> 
     </span>
    </p>
   </div>
   <div class='ocr_carea' id='block_1_5' title="bbox 119 735 1064 1829">
    <p class='ocr_par' dir='ltr' id='par_1_5' title="bbox 181 735 1054 782">
     <span class='ocr_line' id='line_1_11' title="bbox 181 735 1054 782; baseline -0.008 -5"><span class='ocrx_word' id='word_1_51' title='bbox 181 739 509 777; x_wconf 76' lang='lat' dir='ltr'>ACRosANGTA</span> <span class='ocrx_word' id='word_1_52' title='bbox 534 740 690 774; x_wconf 82' lang='lat' dir='ltr'>Romana</span> <span class='ocrx_word' id='word_1_53' title='bbox 720 736 866 772; x_wconf 78' lang='lat' dir='ltr'>Ecclesia</span> <span class='ocrx_word' id='word_1_54' title='bbox 887 735 1054 782; x_wconf 85' lang='lat' dir='ltr'>digniores</span> 
     </span>
    </p>

    <p class='ocr_par' dir='ltr' id='par_1_6' title="bbox 119 785 1064 1829">
     <span class='ocr_line' id='line_1_12' title="bbox 204 785 1054 835; baseline -0.006 -9"><span class='ocrx_word' id='word_1_55' title='bbox 204 793 352 835; x_wconf 81' lang='lat' dir='ltr'>personas</span> <span class='ocrx_word' id='word_1_56' title='bbox 369 815 381 832; x_wconf 93' lang='lat'>‚</span> <span class='ocrx_word' id='word_1_57' title='bbox 406 791 438 828; x_wconf 70' lang='lat' dir='ltr'>dt</span> <span class='ocrx_word' id='word_1_58' title='bbox 454 800 511 824; x_wconf 79' lang='lat' dir='ltr'>eas</span> <span class='ocrx_word' id='word_1_59' title='bbox 534 788 675 824; x_wconf 72' lang='lat' dir='ltr'>mxime</span> <span class='ocrx_word' id='word_1_60' title='bbox 697 813 710 829; x_wconf 89' lang='lat'>,</span> <span class='ocrx_word' id='word_1_61' title='bbox 734 799 814 832; x_wconf 85' lang='lat' dir='ltr'>quas</span> <span class='ocrx_word' id='word_1_62' title='bbox 835 785 1005 822; x_wconf 84' lang='lat' dir='ltr'>honestate</span> <span class='ocrx_word' id='word_1_63' title='bbox 1043 811 1054 827; x_wconf 94' lang='lat'>‚</span> 
     </span>
     <span class='ocr_line' id='line_1_13' title="bbox 119 837 1054 887; baseline -0.007 -10"><span class='ocrx_word' id='word_1_64' title='bbox 119 842 291 887; x_wconf 68' lang='lat' dir='ltr'>prudentia</span> <span class='ocrx_word' id='word_1_65' title='bbox 303 864 315 881; x_wconf 91' lang='lat'>,</span> <span class='ocrx_word' id='word_1_66' title='bbox 340 842 515 875; x_wconf 80' lang='lat' dir='ltr'>litteratura</span> <span class='ocrx_word' id='word_1_67' title='bbox 527 862 538 879; x_wconf 91' lang='lat'>,</span> <span class='ocrx_word' id='word_1_68' title='bbox 562 838 786 873; x_wconf 77' lang='lat' dir='ltr'>&amp;eminentia</span> <span class='ocrx_word' id='word_1_69' title='bbox 809 837 966 871; x_wconf 87' lang='lat' dir='ltr'>virtutum</span> <span class='ocrx_word' id='word_1_70' title='bbox 981 848 1054 881; x_wconf 81' lang='lat' dir='ltr'>prae-</span> 
     </span>
     <span class='ocr_line' id='line_1_14' title="bbox 119 887 1055 936; baseline -0.004 -11"><span class='ocrx_word' id='word_1_71' title='bbox 119 891 241 935; x_wconf 75' lang='lat' dir='ltr'>fulgere</span> <span class='ocrx_word' id='word_1_72' title='bbox 251 890 422 936; x_wconf 80' lang='lat' dir='ltr'>cognoscit</span> <span class='ocrx_word' id='word_1_73' title='bbox 433 914 443 930; x_wconf 90' lang='lat'><em>‚</em></span> <span class='ocrx_word' id='word_1_74' title='bbox 469 888 623 933; x_wconf 74' lang='lat' dir='ltr'>ampliori</span> <span class='ocrx_word' id='word_1_75' title='bbox 632 889 802 923; x_wconf 86' lang='lat' dir='ltr'>consuevit</span> <span class='ocrx_word' id='word_1_76' title='bbox 813 887 971 923; x_wconf 80' lang='lat' dir='ltr'>charitate</span> <span class='ocrx_word' id='word_1_77' title='bbox 985 898 1055 921; x_wconf 90' lang='lat' dir='ltr'>am-</span> 
     </span>
     <span class='ocr_line' id='line_1_15' title="bbox 119 937 1056 985; baseline -0.004 -10"><span class='ocrx_word' id='word_1_78' title='bbox 119 941 214 985; x_wconf 70' lang='lat' dir='ltr'>plesti</span> <span class='ocrx_word' id='word_1_79' title='bbox 225 965 236 980; x_wconf 95' lang='lat'>,</span> <span class='ocrx_word' id='word_1_80' title='bbox 265 941 296 975; x_wconf 75' lang='lat' dir='ltr'>dt</span> <span class='ocrx_word' id='word_1_81' title='bbox 309 940 454 985; x_wconf 86' lang='lat' dir='ltr'>gratia&amp;</span> <span class='ocrx_word' id='word_1_82' title='bbox 468 938 596 974; x_wconf 86' lang='lat' dir='ltr'>honore</span> <span class='ocrx_word' id='word_1_83' title='bbox 607 938 780 983; x_wconf 66' lang='lat' dir='ltr'>praevenire</span> <span class='ocrx_word' id='word_1_84' title='bbox 800 963 808 971; x_wconf 88' lang='lat'>.</span> <span class='ocrx_word' id='word_1_85' title='bbox 834 937 1056 974; x_wconf 84' lang='lat' dir='ltr'>Attendentes</span> 
     </span>
     <span class='ocr_line' id='line_1_16' title="bbox 119 985 1056 1035; baseline -0.005 -8"><span class='ocrx_word' id='word_1_86' title='bbox 119 992 229 1035; x_wconf 87' lang='lat' dir='ltr'>itaque</span> <span class='ocrx_word' id='word_1_87' title='bbox 239 990 426 1026; x_wconf 88' lang='lat' dir='ltr'>devotionis</span> <span class='ocrx_word' id='word_1_88' title='bbox 438 988 558 1024; x_wconf 75' lang='lat' dir='ltr'>&amp;fidei</span> <span class='ocrx_word' id='word_1_89' title='bbox 569 990 785 1024; x_wconf 83' lang='lat' dir='ltr'>constantiam</span> <span class='ocrx_word' id='word_1_90' title='bbox 796 1011 807 1029; x_wconf 89' lang='lat'>,</span> <span class='ocrx_word' id='word_1_91' title='bbox 837 999 901 1032; x_wconf 91' lang='lat' dir='ltr'>qua</span> <span class='ocrx_word' id='word_1_92' title='bbox 923 999 983 1031; x_wconf 86' lang='lat' dir='ltr'>pro</span> <span class='ocrx_word' id='word_1_93' title='bbox 996 985 1056 1023; x_wconf 76' lang='lat' dir='ltr'>Ec-v</span> 
     </span>
     <span class='ocr_line' id='line_1_17' title="bbox 120 1037 1056 1083; baseline -0.003 -7"><span class='ocrx_word' id='word_1_94' title='bbox 120 1041 212 1077; x_wconf 85' lang='lat' dir='ltr'>clefia</span> <span class='ocrx_word' id='word_1_95' title='bbox 223 1042 289 1076; x_wconf 88' lang='lat' dir='ltr'>Dei</span> <span class='ocrx_word' id='word_1_96' title='bbox 301 1041 382 1075; x_wconf 86' lang='lat' dir='ltr'>ficut</span> <span class='ocrx_word' id='word_1_97' title='bbox 405 1040 562 1074; x_wconf 86' lang='lat' dir='ltr'>columna</span> <span class='ocrx_word' id='word_1_98' title='bbox 583 1039 763 1074; x_wconf 88' lang='lat' dir='ltr'>immobilis</span> <span class='ocrx_word' id='word_1_99' title='bbox 787 1037 974 1083; x_wconf 84' lang='lat' dir='ltr'>perstitisti,</span> <span class='ocrx_word' id='word_1_100' title='bbox 1000 1038 1056 1073; x_wconf 90' lang='lat' dir='ltr'>ho·</span> 
     </span>
     <span class='ocr_line' id='line_1_18' title="bbox 121 1088 1019 1132; baseline -0.006 -6"><span class='ocrx_word' id='word_1_101' title='bbox 121 1091 273 1130; x_wconf 68' lang='lat' dir='ltr'>aestatis,</span> <span class='ocrx_word' id='word_1_102' title='bbox 297 1090 504 1129; x_wconf 66' lang='lat' dir='ltr'>litteratura,</span> <span class='ocrx_word' id='word_1_103' title='bbox 530 1100 568 1123; x_wconf 87' lang='lat' dir='ltr'>ac</span> <span class='ocrx_word' id='word_1_104' title='bbox 585 1089 792 1125; x_wconf 85' lang='lat' dir='ltr'>discretionis</span> <span class='ocrx_word' id='word_1_105' title='bbox 814 1088 1019 1132; x_wconf 81' lang='lat' dir='ltr'>prudentiam</span> 
     </span>
     <span class='ocr_line' id='line_1_19' title="bbox 120 1137 1058 1185; baseline -0.004 -10"><span class='ocrx_word' id='word_1_106' title='bbox 120 1151 185 1185; x_wconf 82' lang='lat' dir='ltr'>qua</span> <span class='ocrx_word' id='word_1_107' title='bbox 198 1141 400 1185; x_wconf 76' lang='lat' dir='ltr'>przeminere</span> <span class='ocrx_word' id='word_1_108' title='bbox 421 1140 644 1184; x_wconf 84' lang='lat' dir='ltr'>dignosceris,</span> <span class='ocrx_word' id='word_1_109' title='bbox 671 1138 890 1174; x_wconf 67' lang='lat' dir='ltr'>nihilominus</span> <span class='ocrx_word' id='word_1_110' title='bbox 913 1137 1058 1173; x_wconf 89' lang='lat' dir='ltr'>confide-</span> 
     </span>
     <span class='ocr_line' id='line_1_20' title="bbox 122 1189 1058 1235; baseline -0.005 -10"><span class='ocrx_word' id='word_1_111' title='bbox 122 1199 248 1230; x_wconf 84' lang='lat' dir='ltr'>rantes,</span> <span class='ocrx_word' id='word_1_112' title='bbox 276 1190 417 1235; x_wconf 89' lang='lat' dir='ltr'>dignum</span> <span class='ocrx_word' id='word_1_113' title='bbox 434 1189 589 1223; x_wconf 84' lang='lat' dir='ltr'>duximus</span> <span class='ocrx_word' id='word_1_114' title='bbox 603 1191 776 1233; x_wconf 75' lang='lat' dir='ltr'>personam</span> <span class='ocrx_word' id='word_1_115' title='bbox 798 1198 888 1223; x_wconf 90' lang='lat' dir='ltr'>tuam</span> <span class='ocrx_word' id='word_1_116' title='bbox 910 1211 922 1227; x_wconf 92' lang='lat'>‚</span> <span class='ocrx_word' id='word_1_117' title='bbox 955 1195 1058 1221; x_wconf 87' lang='lat' dir='ltr'>tanta·</span> 
     </span>
     <span class='ocr_line' id='line_1_21' title="bbox 122 1237 1058 1282; baseline -0.004 -8"><span class='ocrx_word' id='word_1_118' title='bbox 122 1250 195 1274; x_wconf 79' lang='lat' dir='ltr'>tum</span> <span class='ocrx_word' id='word_1_119' title='bbox 208 1240 364 1274; x_wconf 82' lang='lat' dir='ltr'>virtutum</span> <span class='ocrx_word' id='word_1_120' title='bbox 377 1239 525 1282; x_wconf 84' lang='lat' dir='ltr'>infigniis</span> <span class='ocrx_word' id='word_1_121' title='bbox 541 1239 749 1277; x_wconf 81' lang='lat' dir='ltr'>decoratam,</span> <span class='ocrx_word' id='word_1_122' title='bbox 779 1238 923 1282; x_wconf 82' lang='lat' dir='ltr'>quodam</span> <span class='ocrx_word' id='word_1_123' title='bbox 943 1237 1058 1279; x_wconf 87' lang='lat' dir='ltr'>specia-</span> 
     </span>
     <span class='ocr_line' id='line_1_22' title="bbox 120 1285 1061 1333; baseline -0.004 -9"><span class='ocrx_word' id='word_1_124' title='bbox 120 1290 145 1324; x_wconf 77' lang='lat' dir='ltr'>li</span> <span class='ocrx_word' id='word_1_125' title='bbox 161 1288 330 1333; x_wconf 88' lang='lat' dir='ltr'>privilegio</span> <span class='ocrx_word' id='word_1_126' title='bbox 340 1313 351 1328; x_wconf 88' lang='lat'>,</span> <span class='ocrx_word' id='word_1_127' title='bbox 376 1288 411 1322; x_wconf 78' lang='grc' dir='ltr'>δε</span> <span class='ocrx_word' id='word_1_128' title='bbox 423 1288 576 1332; x_wconf 83' lang='lat' dir='ltr'>singulari</span> <span class='ocrx_word' id='word_1_129' title='bbox 589 1288 790 1333; x_wconf 75' lang='lat' dir='ltr'>prerogativa</span> <span class='ocrx_word' id='word_1_130' title='bbox 807 1287 990 1330; x_wconf 86' lang='lat' dir='ltr'>diligere&amp;</span> <span class='ocrx_word' id='word_1_131' title='bbox 1001 1285 1061 1320; x_wconf 88' lang='lat' dir='ltr'>ho·</span> 
     </span>
     <span class='ocr_line' id='line_1_23' title="bbox 121 1336 1060 1381; baseline -0.002 -8"><span class='ocrx_word' id='word_1_132' title='bbox 121 1349 255 1378; x_wconf 73' lang='lat' dir='ltr'>noram,</span> <span class='ocrx_word' id='word_1_133' title='bbox 290 1348 414 1381; x_wconf 81' lang='lat' dir='ltr'>tuaeque</span> <span class='ocrx_word' id='word_1_134' title='bbox 436 1338 572 1372; x_wconf 86' lang='lat' dir='ltr'>utilitati</span> <span class='ocrx_word' id='word_1_135' title='bbox 594 1337 689 1372; x_wconf 87' lang='lat' dir='ltr'>solita</span> <span class='ocrx_word' id='word_1_136' title='bbox 713 1336 917 1381; x_wconf 84' lang='lat' dir='ltr'>benignitate</span> <span class='ocrx_word' id='word_1_137' title='bbox 938 1337 1060 1380; x_wconf 87' lang='lat' dir='ltr'>prospi-</span> 
     </span>
     <span class='ocr_line' id='line_1_24' title="bbox 122 1386 1058 1431; baseline -0.004 -7"><span class='ocrx_word' id='word_1_138' title='bbox 122 1399 215 1429; x_wconf 82' lang='lat' dir='ltr'>cere,</span> <span class='ocrx_word' id='word_1_139' title='bbox 239 1388 274 1422; x_wconf 85' lang='lat'>&amp;</span> <span class='ocrx_word' id='word_1_140' title='bbox 286 1387 455 1422; x_wconf 87' lang='lat' dir='ltr'>attentiori</span> <span class='ocrx_word' id='word_1_141' title='bbox 466 1387 686 1422; x_wconf 87' lang='lat' dir='ltr'>sollicitudine</span> <span class='ocrx_word' id='word_1_142' title='bbox 697 1387 863 1431; x_wconf 88' lang='lat' dir='ltr'>providere</span> <span class='ocrx_word' id='word_1_143' title='bbox 875 1412 882 1419; x_wconf 91' lang='lat'><strong><em>.</em></strong></span> <span class='ocrx_word' id='word_1_144' title='bbox 909 1386 991 1421; x_wconf 87' lang='lat' dir='ltr'>Inde</span> <span class='ocrx_word' id='word_1_145' title='bbox 1000 1386 1058 1429; x_wconf 88' lang='lat' dir='ltr'>est,</span> 
     </span>
     <span class='ocr_line' id='line_1_25' title="bbox 122 1436 1060 1482; baseline -0.003 -9"><span class='ocrx_word' id='word_1_146' title='bbox 122 1438 214 1482; x_wconf 77' lang='lat' dir='ltr'>quod</span> <span class='ocrx_word' id='word_1_147' title='bbox 225 1449 286 1473; x_wconf 88' lang='lat' dir='ltr'>nos</span> <span class='ocrx_word' id='word_1_148' title='bbox 306 1438 370 1472; x_wconf 91' lang='lat' dir='ltr'>tibi</span> <span class='ocrx_word' id='word_1_149' title='bbox 390 1438 588 1482; x_wconf 78' lang='lat' dir='ltr'>legationem</span> <span class='ocrx_word' id='word_1_150' title='bbox 609 1439 714 1473; x_wconf 87' lang='lat' dir='ltr'>totius</span> <span class='ocrx_word' id='word_1_151' title='bbox 734 1436 866 1482; x_wconf 81' lang='lat' dir='ltr'>Angliae</span> <span class='ocrx_word' id='word_1_152' title='bbox 886 1459 898 1476; x_wconf 91' lang='lat'><strong>‚</strong></span> <span class='ocrx_word' id='word_1_153' title='bbox 920 1447 1060 1480; x_wconf 84' lang='lat' dir='ltr'>excepto</span> 
     </span>
     <span class='ocr_line' id='line_1_26' title="bbox 123 1486 1063 1532; baseline -0.002 -11"><span class='ocrx_word' id='word_1_154' title='bbox 123 1488 321 1531; x_wconf 82' lang='lat' dir='ltr'>Episcopatu</span> <span class='ocrx_word' id='word_1_155' title='bbox 345 1487 541 1522; x_wconf 82' lang='lat' dir='ltr'>Eboracenfi</span> <span class='ocrx_word' id='word_1_156' title='bbox 561 1512 572 1528; x_wconf 93' lang='lat'>,</span> <span class='ocrx_word' id='word_1_157' title='bbox 611 1488 759 1532; x_wconf 87' lang='lat' dir='ltr'>benigno</span> <span class='ocrx_word' id='word_1_158' title='bbox 779 1488 888 1521; x_wconf 86' lang='lat' dir='ltr'>favore</span> <span class='ocrx_word' id='word_1_159' title='bbox 911 1486 1063 1521; x_wconf 89' lang='lat' dir='ltr'>concedi·</span> 
     </span>
     <span class='ocr_line' id='line_1_27' title="bbox 123 1536 1063 1582; baseline -0.002 -11"><span class='ocrx_word' id='word_1_160' title='bbox 123 1547 216 1581; x_wconf 68' lang='lat' dir='ltr'>mm,</span> <span class='ocrx_word' id='word_1_161' title='bbox 243 1537 338 1572; x_wconf 90' lang='lat' dir='ltr'>utibi</span> <span class='ocrx_word' id='word_1_162' title='bbox 352 1538 539 1572; x_wconf 86' lang='lat' dir='ltr'>vicenostra</span> <span class='ocrx_word' id='word_1_163' title='bbox 563 1537 705 1582; x_wconf 78' lang='lat' dir='ltr'>corrigas</span> <span class='ocrx_word' id='word_1_164' title='bbox 715 1548 785 1580; x_wconf 79' lang='lat' dir='ltr'>quae</span> <span class='ocrx_word' id='word_1_165' title='bbox 805 1536 969 1570; x_wconf 81' lang='lat' dir='ltr'>inveneris</span> <span class='ocrx_word' id='word_1_166' title='bbox 992 1547 1063 1570; x_wconf 89' lang='lat' dir='ltr'>cor·</span> 
     </span>
     <span class='ocr_line' id='line_1_28' title="bbox 123 1584 1064 1633; baseline -0.003 -12"><span class='ocrx_word' id='word_1_167' title='bbox 123 1586 258 1633; x_wconf 79' lang='lat' dir='ltr'>rigenda</span> <span class='ocrx_word' id='word_1_168' title='bbox 271 1611 283 1627; x_wconf 93' lang='lat'>,</span> <span class='ocrx_word' id='word_1_169' title='bbox 307 1587 341 1622; x_wconf 76' lang='grc' dir='ltr'>δε</span> <span class='ocrx_word' id='word_1_170' title='bbox 364 1587 404 1622; x_wconf 84' lang='lat' dir='ltr'>ad</span> <span class='ocrx_word' id='word_1_171' title='bbox 426 1586 588 1622; x_wconf 88' lang='lat' dir='ltr'>honorem</span> <span class='ocrx_word' id='word_1_172' title='bbox 605 1587 696 1626; x_wconf 90' lang='lat' dir='ltr'>Dei,</span> <span class='ocrx_word' id='word_1_173' title='bbox 720 1587 753 1620; x_wconf 68' lang='grc' dir='ltr'>ὅ(</span> <span class='ocrx_word' id='word_1_174' title='bbox 774 1587 977 1620; x_wconf 67' lang='lat' dir='ltr'>sacrosancte</span> <span class='ocrx_word' id='word_1_175' title='bbox 996 1584 1064 1619; x_wconf 88' lang='lat' dir='ltr'>Ro·</span> 
     </span>
     <span class='ocr_line' id='line_1_29' title="bbox 124 1632 1064 1677; baseline -0.003 -6"><span class='ocrx_word' id='word_1_176' title='bbox 124 1648 228 1672; x_wconf 84' lang='lat' dir='ltr'>manae</span> <span class='ocrx_word' id='word_1_177' title='bbox 241 1637 412 1676; x_wconf 73' lang='lat' dir='ltr'>Ecclesiae,</span> <span class='ocrx_word' id='word_1_178' title='bbox 440 1638 474 1671; x_wconf 72' lang='grc' dir='ltr'>δι</span> <span class='ocrx_word' id='word_1_179' title='bbox 486 1637 622 1670; x_wconf 90' lang='lat' dir='ltr'>salutem</span> <span class='ocrx_word' id='word_1_180' title='bbox 633 1637 817 1669; x_wconf 90' lang='lat' dir='ltr'>animarum</span> <span class='ocrx_word' id='word_1_181' title='bbox 827 1636 966 1677; x_wconf 83' lang='lat' dir='ltr'>statuas,</span> <span class='ocrx_word' id='word_1_182' title='bbox 991 1632 1064 1668; x_wconf 77' lang='lat' dir='ltr'>aedi-</span> 
     </span>
     <span class='ocr_line' id='line_1_30' title="bbox 125 1683 1064 1728; baseline -0.002 -8"><span class='ocrx_word' id='word_1_183' title='bbox 125 1688 220 1724; x_wconf 87' lang='lat' dir='ltr'>fices,</span> <span class='ocrx_word' id='word_1_184' title='bbox 246 1685 438 1728; x_wconf 59' lang='lat' dir='ltr'>nephrites,</span> <span class='ocrx_word' id='word_1_185' title='bbox 464 1696 535 1727; x_wconf 86' lang='lat' dir='ltr'>quae</span> <span class='ocrx_word' id='word_1_186' title='bbox 544 1683 710 1719; x_wconf 88' lang='lat' dir='ltr'>statuenda</span> <span class='ocrx_word' id='word_1_187' title='bbox 722 1685 844 1718; x_wconf 89' lang='lat' dir='ltr'>fuerint</span> <span class='ocrx_word' id='word_1_188' title='bbox 866 1685 1064 1728; x_wconf 60' lang='lat' dir='ltr'>&amp;plantan‘</span> 
     </span>
     <span class='ocr_line' id='line_1_31' title="bbox 126 1733 1064 1780; baseline -0.005 -11"><span class='ocrx_word' id='word_1_189' title='bbox 126 1736 169 1770; x_wconf 89' lang='lat' dir='ltr'>da</span> <span class='ocrx_word' id='word_1_190' title='bbox 183 1759 190 1767; x_wconf 93' lang='lat'>.</span> <span class='ocrx_word' id='word_1_191' title='bbox 216 1735 425 1780; x_wconf 83' lang='lat' dir='ltr'>Qapropter</span> <span class='ocrx_word' id='word_1_192' title='bbox 442 1743 618 1767; x_wconf 87' lang='lat' dir='ltr'>monemus</span> <span class='ocrx_word' id='word_1_193' title='bbox 634 1733 888 1766; x_wconf 67' lang='lat' dir='ltr'>fraternitatem</span> <span class='ocrx_word' id='word_1_194' title='bbox 909 1743 1000 1765; x_wconf 87' lang='lat' dir='ltr'>tuam</span> <span class='ocrx_word' id='word_1_195' title='bbox 1011 1742 1064 1765; x_wconf 89' lang='lat' dir='ltr'>at·-</span> 
     </span>
     <span class='ocr_line' id='line_1_32' title="bbox 127 1779 1064 1829; baseline -0.006 -11"><span class='ocrx_word' id='word_1_196' title='bbox 127 1788 192 1829; x_wconf 75' lang='lat' dir='ltr'>que</span> <span class='ocrx_word' id='word_1_197' title='bbox 202 1783 412 1820; x_wconf 84' lang='lat' dir='ltr'>mandamus,</span> <span class='ocrx_word' id='word_1_198' title='bbox 442 1790 600 1823; x_wconf 89' lang='lat' dir='ltr'>quatenus</span> <span class='ocrx_word' id='word_1_199' title='bbox 610 1782 725 1813; x_wconf 72' lang='lat' dir='ltr'>cunsta</span> <span class='ocrx_word' id='word_1_200' title='bbox 736 1790 810 1813; x_wconf 87' lang='lat' dir='ltr'>cum</span> <span class='ocrx_word' id='word_1_201' title='bbox 834 1779 1007 1822; x_wconf 90' lang='lat' dir='ltr'>prudentia</span> <span class='ocrx_word' id='word_1_202' title='bbox 1030 1779 1064 1812; x_wconf 91' lang='lat'>&amp;</span> 
     </span>
    </p>
   </div>
   <div class='ocr_carea' id='block_1_6' title="bbox 126 1826 1066 2026">
    <p class='ocr_par' dir='ltr' id='par_1_7' title="bbox 126 1826 1066 2026">
     <span class='ocr_line' id='line_1_33' title="bbox 126 1826 1064 1873; baseline -0.006 -5"><span class='ocrx_word' id='word_1_203' title='bbox 126 1831 325 1868; x_wconf 75' lang='lat' dir='ltr'>discretione</span> <span class='ocrx_word' id='word_1_204' title='bbox 339 1853 351 1871; x_wconf 93' lang='lat'>,</span> <span class='ocrx_word' id='word_1_205' title='bbox 376 1829 551 1864; x_wconf 75' lang='lat' dir='ltr'>secundum</span> <span class='ocrx_word' id='word_1_206' title='bbox 562 1828 762 1873; x_wconf 85' lang='lat' dir='ltr'>quod&#39;Deus</span> <span class='ocrx_word' id='word_1_207' title='bbox 781 1826 843 1862; x_wconf 89' lang='lat' dir='ltr'>tibi</span> <span class='ocrx_word' id='word_1_208' title='bbox 866 1827 1064 1863; x_wconf 84' lang='lat' dir='ltr'>administra·</span> 
     </span>
     <span class='ocr_line' id='line_1_34' title="bbox 127 1878 1064 1925; baseline -0.002 -9"><span class='ocrx_word' id='word_1_209' title='bbox 127 1882 231 1920; x_wconf 85' lang='lat' dir='ltr'>verit,</span> <span class='ocrx_word' id='word_1_210' title='bbox 256 1890 357 1925; x_wconf 86' lang='lat' dir='ltr'>agas,</span> <span class='ocrx_word' id='word_1_211' title='bbox 392 1879 471 1914; x_wconf 87' lang='lat' dir='ltr'>vitia</span> <span class='ocrx_word' id='word_1_212' title='bbox 495 1878 666 1923; x_wconf 82' lang='lat' dir='ltr'>exstirpes,</span> <span class='ocrx_word' id='word_1_213' title='bbox 692 1879 726 1913; x_wconf 68' lang='lat' dir='ltr'>dc</span> <span class='ocrx_word' id='word_1_214' title='bbox 749 1878 883 1914; x_wconf 85' lang='lat' dir='ltr'>virtutes</span> <span class='ocrx_word' id='word_1_215' title='bbox 906 1879 942 1913; x_wconf 91' lang='lat' dir='ltr'>in</span> <span class='ocrx_word' id='word_1_216' title='bbox 967 1879 1064 1914; x_wconf 89' lang='lat' dir='ltr'>vinea</span> 
     </span>
     <span class='ocr_line' id='line_1_35' title="bbox 126 1928 1066 1974; baseline -0.004 -7"><span class='ocrx_word' id='word_1_217' title='bbox 126 1931 268 1967; x_wconf 78' lang='lat' dir='ltr'>Domini</span> <span class='ocrx_word' id='word_1_218' title='bbox 288 1929 412 1964; x_wconf 86' lang='lat' dir='ltr'>studeas</span> <span class='ocrx_word' id='word_1_219' title='bbox 433 1931 657 1973; x_wconf 72' lang='lat' dir='ltr'>complantare</span> <span class='ocrx_word' id='word_1_220' title='bbox 677 1952 686 1961; x_wconf 89' lang='lat'>.</span> <span class='ocrx_word' id='word_1_221' title='bbox 713 1928 839 1965; x_wconf 85' lang='lat' dir='ltr'>Datum</span> <span class='ocrx_word' id='word_1_222' title='bbox 863 1929 1026 1974; x_wconf 80' lang='lat' dir='ltr'>Anagniae</span> <span class='ocrx_word' id='word_1_223' title='bbox 1054 1953 1066 1970; x_wconf 89' lang='lat'>,</span> 
     </span>
     <span class='ocr_line' id='line_1_36' title="bbox 128 1978 535 2026; baseline -0.002 -11"><span class='ocrx_word' id='word_1_224' title='bbox 128 1978 266 2026; x_wconf 80' lang='lat' dir='ltr'>septimo</span> <span class='ocrx_word' id='word_1_225' title='bbox 275 1979 352 2015; x_wconf 85' lang='lat' dir='ltr'>Idus</span> <span class='ocrx_word' id='word_1_226' title='bbox 361 1978 516 2015; x_wconf 76' lang='lat' dir='ltr'>Ostobris</span> <span class='ocrx_word' id='word_1_227' title='bbox 526 2004 535 2012; x_wconf 87' lang='lat'><strong>.</strong></span> 
     </span>
    </p>
   </div>
   <div class='ocr_carea' id='block_1_7' title="bbox 201 2076 993 2233">
    <p class='ocr_par' dir='ltr' id='par_1_8' title="bbox 201 2076 993 2233">
     <span class='ocr_line' id='line_1_37' title="bbox 305 2076 900 2116; baseline -0.005 -2"><span class='ocrx_word' id='word_1_228' title='bbox 305 2078 712 2116; x_wconf 80' lang='lat' dir='ltr'>EPISTOLA</span> <span class='ocrx_word' id='word_1_229' title='bbox 775 2076 900 2114; x_wconf 86' lang='lat' dir='ltr'><strong>CXVI.</strong></span> 
     </span>
     <span class='ocr_line' id='line_1_38' title="bbox 201 2155 993 2233; baseline -0.008 -17"><span class='ocrx_word' id='word_1_230' title='bbox 201 2162 394 2217; x_wconf 76' lang='lat' dir='ltr'>Alexander</span> <span class='ocrx_word' id='word_1_231' title='bbox 415 2155 507 2227; x_wconf 17' lang='lat' dir='ltr'>Papa*</span> <span class='ocrx_word' id='word_1_232' title='bbox 524 2180 626 2216; x_wconf 87' lang='lat' dir='ltr'>Clero</span> <span class='ocrx_word' id='word_1_233' title='bbox 644 2178 774 2215; x_wconf 83' lang='lat' dir='ltr'>Cantiae</span> <span class='ocrx_word' id='word_1_234' title='bbox 793 2175 993 2233; x_wconf 32' lang='lat' dir='ltr'>Provincias..</span> 
     </span>
    </p>
   </div>
   <div class='ocr_carea' id='block_1_8' title="bbox 133 2279 1069 2522">
    <p class='ocr_par' dir='ltr' id='par_1_9' title="bbox 133 2279 1069 2522">
     <span class='ocr_line' id='line_1_39' title="bbox 133 2279 1068 2323; baseline -0.004 -10"><span class='ocrx_word' id='word_1_235' title='bbox 133 2280 302 2319; x_wconf 71' lang='lat' dir='ltr'>Alexander</span> <span class='ocrx_word' id='word_1_236' title='bbox 314 2279 477 2323; x_wconf 75' lang='lat' dir='ltr'>Episcopus</span> <span class='ocrx_word' id='word_1_237' title='bbox 492 2305 502 2320; x_wconf 96' lang='lat'><strong>‚</strong></span> <span class='ocrx_word' id='word_1_238' title='bbox 530 2281 643 2313; x_wconf 76' lang='lat' dir='ltr'>Servus</span> <span class='ocrx_word' id='word_1_239' title='bbox 664 2282 823 2313; x_wconf 75' lang='lat' dir='ltr'>Servorum</span> <span class='ocrx_word' id='word_1_240' title='bbox 842 2279 920 2317; x_wconf 77' lang='lat' dir='ltr'>Dei,</span> <span class='ocrx_word' id='word_1_241' title='bbox 946 2286 1068 2311; x_wconf 81' lang='lat' dir='ltr'>venera-</span> 
     </span>
     <span class='ocr_line' id='line_1_40' title="bbox 181 2326 1067 2371; baseline -0.007 -8"><span class='ocrx_word' id='word_1_242' title='bbox 181 2329 289 2364; x_wconf 73' lang='lat' dir='ltr'>bilibus</span> <span class='ocrx_word' id='word_1_243' title='bbox 292 2330 448 2371; x_wconf 75' lang='lat' dir='ltr'>fratribus</span> <span class='ocrx_word' id='word_1_244' title='bbox 463 2328 640 2371; x_wconf 66' lang='lat' dir='ltr'>Epiftopts,</span> <span class='ocrx_word' id='word_1_245' title='bbox 667 2331 701 2362; x_wconf 77' lang='lat'>&lt;¹5</span> <span class='ocrx_word' id='word_1_246' title='bbox 721 2328 842 2361; x_wconf 56' lang='lat' dir='ltr'>dilcssei</span> <span class='ocrx_word' id='word_1_247' title='bbox 850 2327 925 2368; x_wconf 68' lang='lat' dir='ltr'>filus</span> <span class='ocrx_word' id='word_1_248' title='bbox 948 2326 1067 2359; x_wconf 74' lang='lat' dir='ltr'>Abbati·-</span> 
     </span>
     <span class='ocr_line' id='line_1_41' title="bbox 180 2377 1067 2421; baseline -0.005 -9"><span class='ocrx_word' id='word_1_249' title='bbox 180 2379 257 2421; x_wconf 81' lang='lat' dir='ltr'>bus,</span> <span class='ocrx_word' id='word_1_250' title='bbox 282 2381 399 2414; x_wconf 69' lang='lat' dir='ltr'>&amp;aliis</span> <span class='ocrx_word' id='word_1_251' title='bbox 411 2377 607 2419; x_wconf 75' lang='lat' dir='ltr'>Ecclefiarum</span> <span class='ocrx_word' id='word_1_252' title='bbox 629 2379 793 2416; x_wconf 58' lang='lat' dir='ltr'>Praelafis,</span> <span class='ocrx_word' id='word_1_253' title='bbox 818 2384 871 2418; x_wconf 79' lang='lat' dir='ltr'>per</span> <span class='ocrx_word' id='word_1_254' title='bbox 897 2384 989 2410; x_wconf 78' lang='lat' dir='ltr'>totam</span> <span class='ocrx_word' id='word_1_255' title='bbox 1010 2381 1067 2409; x_wconf 82' lang='lat' dir='ltr'>An—</span> 
     </span>
     <span class='ocr_line' id='line_1_42' title="bbox 174 2425 1069 2472; baseline -0.004 -10"><span class='ocrx_word' id='word_1_256' title='bbox 174 2430 269 2472; x_wconf 73' lang='lat' dir='ltr'>gliam</span> <span class='ocrx_word' id='word_1_257' title='bbox 289 2436 376 2462; x_wconf 80' lang='lat' dir='ltr'>extra</span> <span class='ocrx_word' id='word_1_258' title='bbox 400 2427 614 2471; x_wconf 79' lang='lat' dir='ltr'>Eplscopatum</span> <span class='ocrx_word' id='word_1_259' title='bbox 648 2425 862 2470; x_wconf 74' lang='lat' dir='ltr'>Eboracensem</span> <span class='ocrx_word' id='word_1_260' title='bbox 886 2427 1046 2468; x_wconf 72' lang='lat' dir='ltr'>constitutis</span> <span class='ocrx_word' id='word_1_261' title='bbox 1059 2451 1069 2467; x_wconf 95' lang='lat'>‚</span> 
     </span>
     <span class='ocr_line' id='line_1_43' title="bbox 175 2477 844 2522; baseline -0.003 -10"><span class='ocrx_word' id='word_1_262' title='bbox 175 2478 302 2522; x_wconf 74' lang='lat' dir='ltr'>salutem</span> <span class='ocrx_word' id='word_1_263' title='bbox 311 2502 322 2519; x_wconf 92' lang='lat'>,</span> <span class='ocrx_word' id='word_1_264' title='bbox 346 2480 381 2513; x_wconf 69' lang='lat' dir='ltr'>o·</span> <span class='ocrx_word' id='word_1_265' title='bbox 393 2477 582 2521; x_wconf 67' lang='lat' dir='ltr'>apostolicam</span> <span class='ocrx_word' id='word_1_266' title='bbox 594 2477 825 2512; x_wconf 69' lang='lat' dir='ltr'>benedic‘lionem</span> <span class='ocrx_word' id='word_1_267' title='bbox 836 2500 844 2510; x_wconf 87' lang='lat'><strong>.</strong></span> 
     </span>
    </p>
   </div>
   <div class='ocr_carea' id='block_1_9' title="bbox 132 2575 1078 3467">
    <p class='ocr_par' dir='ltr' id='par_1_10' title="bbox 212 2575 1070 2671">
     <span class='ocr_line' id='line_1_44' title="bbox 212 2575 1070 2621; baseline -0.005 -9"><span class='ocrx_word' id='word_1_268' title='bbox 212 2578 244 2612; x_wconf 88' lang='lat' dir='ltr'>X</span> <span class='ocrx_word' id='word_1_269' title='bbox 271 2577 417 2621; x_wconf 69' lang='lat' dir='ltr'>injunsto</span> <span class='ocrx_word' id='word_1_270' title='bbox 452 2576 547 2610; x_wconf 87' lang='lat' dir='ltr'>nobis</span> <span class='ocrx_word' id='word_1_271' title='bbox 567 2575 585 2609; x_wconf 70' lang='lat' dir='ltr'>a</span> <span class='ocrx_word' id='word_1_272' title='bbox 608 2577 684 2611; x_wconf 90' lang='lat' dir='ltr'>Deo</span> <span class='ocrx_word' id='word_1_273' title='bbox 719 2575 938 2611; x_wconf 71' lang='lat' dir='ltr'>pontificatus</span> <span class='ocrx_word' id='word_1_274' title='bbox 960 2575 1070 2610; x_wconf 87' lang='lat' dir='ltr'>officio</span> 
     </span>
     <span class='ocr_line' id='line_1_45' title="bbox 239 2625 1070 2671; baseline -0.006 -8"><span class='ocrx_word' id='word_1_275' title='bbox 239 2636 347 2671; x_wconf 87' lang='lat' dir='ltr'>praeter</span> <span class='ocrx_word' id='word_1_276' title='bbox 357 2638 430 2662; x_wconf 88' lang='lat' dir='ltr'>eam</span> <span class='ocrx_word' id='word_1_277' title='bbox 450 2651 460 2668; x_wconf 94' lang='lat'>,</span> <span class='ocrx_word' id='word_1_278' title='bbox 485 2638 555 2670; x_wconf 84' lang='lat' dir='ltr'>quae</span> <span class='ocrx_word' id='word_1_279' title='bbox 576 2625 703 2660; x_wconf 81' lang='lat' dir='ltr'>diverfis</span> <span class='ocrx_word' id='word_1_280' title='bbox 725 2626 938 2661; x_wconf 87' lang='lat' dir='ltr'>Ecclesiarum</span> <span class='ocrx_word' id='word_1_281' title='bbox 958 2625 1070 2660; x_wconf 83' lang='lat' dir='ltr'>Praela-</span> 
     </span>
    </p>

    <p class='ocr_par' dir='ltr' id='par_1_11' title="bbox 132 2675 1078 3467">
     <span class='ocr_line' id='line_1_46' title="bbox 132 2675 1069 2719; baseline -0.004 -7"><span class='ocrx_word' id='word_1_282' title='bbox 132 2680 176 2713; x_wconf 88' lang='lat' dir='ltr'>tis</span> <span class='ocrx_word' id='word_1_283' title='bbox 186 2679 219 2712; x_wconf 92' lang='lat' dir='ltr'>in</span> <span class='ocrx_word' id='word_1_284' title='bbox 230 2677 287 2713; x_wconf 85' lang='lat' dir='ltr'>fibi</span> <span class='ocrx_word' id='word_1_285' title='bbox 312 2677 459 2712; x_wconf 90' lang='lat' dir='ltr'>subditos</span> <span class='ocrx_word' id='word_1_286' title='bbox 481 2678 526 2710; x_wconf 82' lang='lat' dir='ltr'>est</span> <span class='ocrx_word' id='word_1_287' title='bbox 552 2677 699 2710; x_wconf 73' lang='lat' dir='ltr'>concessa</span> <span class='ocrx_word' id='word_1_288' title='bbox 719 2675 878 2719; x_wconf 86' lang='lat' dir='ltr'>potestas,</span> <span class='ocrx_word' id='word_1_289' title='bbox 904 2676 1069 2717; x_wconf 88' lang='lat' dir='ltr'>quandam</span> 
     </span>
     <span class='ocr_line' id='line_1_47' title="bbox 134 2725 1069 2771; baseline -0.004 -9"><span class='ocrx_word' id='word_1_290' title='bbox 134 2728 302 2771; x_wconf 87' lang='lat' dir='ltr'>specialem</span> <span class='ocrx_word' id='word_1_291' title='bbox 321 2727 361 2762; x_wconf 93' lang='lat' dir='ltr'>de</span> <span class='ocrx_word' id='word_1_292' title='bbox 381 2725 534 2761; x_wconf 90' lang='lat' dir='ltr'>omnibus</span> <span class='ocrx_word' id='word_1_293' title='bbox 558 2737 617 2759; x_wconf 89' lang='lat' dir='ltr'>nos</span> <span class='ocrx_word' id='word_1_294' title='bbox 637 2734 766 2768; x_wconf 85' lang='lat' dir='ltr'>oportet</span> <span class='ocrx_word' id='word_1_295' title='bbox 779 2735 888 2758; x_wconf 86' lang='lat' dir='ltr'>curam</span> <span class='ocrx_word' id='word_1_296' title='bbox 904 2726 938 2759; x_wconf 75' lang='grc' dir='ltr'>ὅ(</span> <span class='ocrx_word' id='word_1_297' title='bbox 952 2725 1069 2758; x_wconf 92' lang='lat' dir='ltr'>sollici-</span> 
     </span>
     <span class='ocr_line' id='line_1_48' title="bbox 134 2774 1069 2823; baseline -0.005 -11"><span class='ocrx_word' id='word_1_298' title='bbox 134 2777 284 2813; x_wconf 77' lang='lat' dir='ltr'>tudinem</span> <span class='ocrx_word' id='word_1_299' title='bbox 308 2787 448 2823; x_wconf 76' lang='lat' dir='ltr'>gerere,</span> <span class='ocrx_word' id='word_1_300' title='bbox 463 2787 533 2820; x_wconf 80' lang='lat' dir='ltr'>quae</span> <span class='ocrx_word' id='word_1_301' title='bbox 554 2775 594 2809; x_wconf 89' lang='lat' dir='ltr'>ad</span> <span class='ocrx_word' id='word_1_302' title='bbox 617 2775 758 2809; x_wconf 85' lang='lat' dir='ltr'>nostram</span> <span class='ocrx_word' id='word_1_303' title='bbox 779 2774 990 2808; x_wconf 78' lang='lat' dir='ltr'>solummodo</span> <span class='ocrx_word' id='word_1_304' title='bbox 1000 2785 1069 2816; x_wconf 91' lang='lat' dir='ltr'>pro-</span> 
     </span>
     <span class='ocr_line' id='line_1_49' title="bbox 137 2824 1070 2870; baseline -0.004 -9"><span class='ocrx_word' id='word_1_305' title='bbox 137 2828 293 2862; x_wconf 81' lang='lat' dir='ltr'>visionem</span> <span class='ocrx_word' id='word_1_306' title='bbox 305 2852 317 2868; x_wconf 92' lang='lat'>,</span> <span class='ocrx_word' id='word_1_307' title='bbox 342 2828 389 2860; x_wconf 92' lang='lat' dir='ltr'>vel</span> <span class='ocrx_word' id='word_1_308' title='bbox 406 2828 445 2861; x_wconf 87' lang='lat' dir='ltr'>ad</span> <span class='ocrx_word' id='word_1_309' title='bbox 458 2827 524 2870; x_wconf 85' lang='lat' dir='ltr'>ejus</span> <span class='ocrx_word' id='word_1_310' title='bbox 537 2851 547 2867; x_wconf 90' lang='lat'>‚</span> <span class='ocrx_word' id='word_1_311' title='bbox 568 2826 626 2859; x_wconf 67' lang='lat' dir='ltr'>‘cui</span> <span class='ocrx_word' id='word_1_312' title='bbox 638 2826 722 2858; x_wconf 84' lang='lat' dir='ltr'>vices</span> <span class='ocrx_word' id='word_1_313' title='bbox 735 2824 856 2858; x_wconf 78' lang='lat' dir='ltr'>nostras</span> <span class='ocrx_word' id='word_1_314' title='bbox 868 2824 902 2858; x_wconf 91' lang='lat' dir='ltr'>in</span> <span class='ocrx_word' id='word_1_315' title='bbox 918 2824 967 2858; x_wconf 83' lang='lat' dir='ltr'>his</span> <span class='ocrx_word' id='word_1_316' title='bbox 975 2834 1070 2858; x_wconf 88' lang='lat' dir='ltr'>com·-</span> 
     </span>
     <span class='ocr_line' id='line_1_50' title="bbox 139 2873 1072 2922; baseline -0.003 -11"><span class='ocrx_word' id='word_1_317' title='bbox 139 2877 279 2911; x_wconf 85' lang='lat' dir='ltr'>mifimus</span> <span class='ocrx_word' id='word_1_318' title='bbox 290 2876 494 2922; x_wconf 82' lang='lat' dir='ltr'>exequendas</span> <span class='ocrx_word' id='word_1_319' title='bbox 510 2900 522 2916; x_wconf 92' lang='lat'>,</span> <span class='ocrx_word' id='word_1_320' title='bbox 559 2876 701 2909; x_wconf 89' lang='lat' dir='ltr'>noscitur</span> <span class='ocrx_word' id='word_1_321' title='bbox 718 2875 875 2918; x_wconf 89' lang='lat' dir='ltr'>pertinere</span> <span class='ocrx_word' id='word_1_322' title='bbox 892 2899 899 2907; x_wconf 87' lang='lat'><em>.</em></span> <span class='ocrx_word' id='word_1_323' title='bbox 927 2873 1072 2908; x_wconf 87' lang='lat' dir='ltr'>Proinde</span> 
     </span>
     <span class='ocr_line' id='line_1_51' title="bbox 141 2923 1071 2970; baseline -0.002 -11"><span class='ocrx_word' id='word_1_324' title='bbox 141 2927 294 2969; x_wconf 73' lang='lat' dir='ltr'>siquidem</span> <span class='ocrx_word' id='word_1_325' title='bbox 303 2927 347 2961; x_wconf 86' lang='lat' dir='ltr'>est</span> <span class='ocrx_word' id='word_1_326' title='bbox 363 2951 374 2967; x_wconf 91' lang='lat'>,</span> <span class='ocrx_word' id='word_1_327' title='bbox 399 2928 554 2970; x_wconf 90' lang='lat' dir='ltr'>quoniam</span> <span class='ocrx_word' id='word_1_328' title='bbox 566 2927 619 2959; x_wconf 79' lang='lat' dir='ltr'>etii</span> <span class='ocrx_word' id='word_1_329' title='bbox 643 2926 685 2960; x_wconf 86' lang='lat' dir='ltr'>de</span> <span class='ocrx_word' id='word_1_330' title='bbox 708 2925 860 2958; x_wconf 80' lang='lat' dir='ltr'>universis</span> <span class='ocrx_word' id='word_1_331' title='bbox 872 2923 938 2959; x_wconf 90' lang='lat' dir='ltr'>Dei</span> <span class='ocrx_word' id='word_1_332' title='bbox 963 2924 1071 2958; x_wconf 82' lang='lat' dir='ltr'>Eccle-</span> 
     </span>
     <span class='ocr_line' id='line_1_52' title="bbox 141 2973 1071 3017; baseline -0.001 -9"><span class='ocrx_word' id='word_1_333' title='bbox 141 2976 192 3009; x_wconf 86' lang='lat' dir='ltr'>siis</span> <span class='ocrx_word' id='word_1_334' title='bbox 203 2987 312 3010; x_wconf 89' lang='lat' dir='ltr'>curam</span> <span class='ocrx_word' id='word_1_335' title='bbox 334 2977 367 3010; x_wconf 73' lang='grc' dir='ltr'>ὃ(</span> <span class='ocrx_word' id='word_1_336' title='bbox 387 2976 528 3010; x_wconf 78' lang='lat' dir='ltr'>studium</span> <span class='ocrx_word' id='word_1_337' title='bbox 551 2975 751 3015; x_wconf 75' lang='lat' dir='ltr'>habeamus,</span> <span class='ocrx_word' id='word_1_338' title='bbox 777 2986 848 3017; x_wconf 88' lang='lat' dir='ltr'>quae</span> <span class='ocrx_word' id='word_1_339' title='bbox 865 2974 905 3008; x_wconf 90' lang='lat' dir='ltr'>ad</span> <span class='ocrx_word' id='word_1_340' title='bbox 927 2973 1071 3008; x_wconf 86' lang='lat' dir='ltr'>nostrum</span> 
     </span>
     <span class='ocr_line' id='line_1_53' title="bbox 142 3020 1072 3069; baseline -0.002 -9"><span class='ocrx_word' id='word_1_341' title='bbox 142 3036 253 3060; x_wconf 84' lang='lat' dir='ltr'>tamen</span> <span class='ocrx_word' id='word_1_342' title='bbox 267 3026 404 3068; x_wconf 71' lang='lat' dir='ltr'>spessant</span> <span class='ocrx_word' id='word_1_343' title='bbox 414 3020 561 3060; x_wconf 75' lang='lat' dir='ltr'>officium</span> <span class='ocrx_word' id='word_1_344' title='bbox 574 3050 585 3066; x_wconf 93' lang='lat'>,</span> <span class='ocrx_word' id='word_1_345' title='bbox 610 3025 731 3069; x_wconf 89' lang='lat' dir='ltr'>ubique</span> <span class='ocrx_word' id='word_1_346' title='bbox 751 3023 986 3068; x_wconf 84' lang='lat' dir='ltr'>praesentialiter</span> <span class='ocrx_word' id='word_1_347' title='bbox 1004 3035 1072 3058; x_wconf 88' lang='lat' dir='ltr'>exe·</span> 
     </span>
     <span class='ocr_line' id='line_1_54' title="bbox 142 3074 1073 3120; baseline -0.001 -11"><span class='ocrx_word' id='word_1_348' title='bbox 142 3076 281 3120; x_wconf 86' lang='lat' dir='ltr'>quinon</span> <span class='ocrx_word' id='word_1_349' title='bbox 306 3074 469 3116; x_wconf 80' lang='lat' dir='ltr'>valemus,</span> <span class='ocrx_word' id='word_1_350' title='bbox 494 3076 685 3111; x_wconf 86' lang='lat' dir='ltr'>venerabilis</span> <span class='ocrx_word' id='word_1_351' title='bbox 695 3075 801 3110; x_wconf 89' lang='lat' dir='ltr'>fratris</span> <span class='ocrx_word' id='word_1_352' title='bbox 812 3074 910 3108; x_wconf 78' lang='lat' dir='ltr'>nostri</span> <span class='ocrx_word' id='word_1_353' title='bbox 932 3075 1073 3109; x_wconf 87' lang='lat' dir='ltr'>Cantua·</span> 
     </span>
     <span class='ocr_line' id='line_1_55' title="bbox 142 3122 1074 3169; baseline -0.002 -9"><span class='ocrx_word' id='word_1_354' title='bbox 142 3125 253 3160; x_wconf 78' lang='lat' dir='ltr'>riculis</span> <span class='ocrx_word' id='word_1_355' title='bbox 266 3122 536 3169; x_wconf 82' lang='lat' dir='ltr'>Archi-Episcopi</span> <span class='ocrx_word' id='word_1_356' title='bbox 548 3125 750 3169; x_wconf 87' lang='lat' dir='ltr'>prudentiam</span> <span class='ocrx_word' id='word_1_357' title='bbox 763 3125 795 3159; x_wconf 88' lang='lat'>&amp;</span> <span class='ocrx_word' id='word_1_358' title='bbox 806 3125 1035 3159; x_wconf 87' lang='lat' dir='ltr'>discretionem</span> <span class='ocrx_word' id='word_1_359' title='bbox 1063 3148 1074 3163; x_wconf 87' lang='lat'>‚</span> 
     </span>
     <span class='ocr_line' id='line_1_56' title="bbox 142 3173 1075 3210; baseline -0.003 -1"><span class='ocrx_word' id='word_1_360' title='bbox 142 3177 177 3209; x_wconf 76' lang='grc' dir='ltr'>ὅ(</span> <span class='ocrx_word' id='word_1_361' title='bbox 190 3176 275 3208; x_wconf 90' lang='lat' dir='ltr'>circa</span> <span class='ocrx_word' id='word_1_362' title='bbox 287 3184 347 3207; x_wconf 88' lang='lat' dir='ltr'>nos</span> <span class='ocrx_word' id='word_1_363' title='bbox 362 3174 395 3207; x_wconf 90' lang='lat'>&amp;</span> <span class='ocrx_word' id='word_1_364' title='bbox 410 3173 584 3209; x_wconf 73' lang='lat' dir='ltr'>Ecclesiam</span> <span class='ocrx_word' id='word_1_365' title='bbox 598 3175 662 3210; x_wconf 87' lang='lat' dir='ltr'>Dei</span> <span class='ocrx_word' id='word_1_366' title='bbox 674 3176 732 3209; x_wconf 81' lang='lat' dir='ltr'>sua:</span> <span class='ocrx_word' id='word_1_367' title='bbox 755 3174 961 3208; x_wconf 80' lang='lat' dir='ltr'>iinccriffimae</span> <span class='ocrx_word' id='word_1_368' title='bbox 980 3175 1075 3209; x_wconf 87' lang='lat' dir='ltr'>devo-</span> 
     </span>
     <span class='ocr_line' id='line_1_57' title="bbox 143 3222 1069 3268; baseline -0.001 -10"><span class='ocrx_word' id='word_1_369' title='bbox 143 3224 244 3258; x_wconf 87' lang='lat' dir='ltr'>tionis</span> <span class='ocrx_word' id='word_1_370' title='bbox 256 3224 404 3259; x_wconf 68' lang='lat' dir='ltr'>affectum</span> <span class='ocrx_word' id='word_1_371' title='bbox 428 3222 562 3258; x_wconf 85' lang='lat' dir='ltr'>sollicita</span> <span class='ocrx_word' id='word_1_372' title='bbox 583 3224 843 3259; x_wconf 79' lang='lat' dir='ltr'>consideratione</span> <span class='ocrx_word' id='word_1_373' title='bbox 866 3227 1034 3268; x_wconf 84' lang='lat' dir='ltr'>pensantes</span> <span class='ocrx_word' id='word_1_374' title='bbox 1059 3248 1069 3263; x_wconf 89' lang='lat'>,</span> 
     </span>
     <span class='ocr_line' id='line_1_58' title="bbox 142 3273 1075 3320; baseline -0.002 -12"><span class='ocrx_word' id='word_1_375' title='bbox 142 3273 269 3320; x_wconf 77' lang='lat' dir='ltr'>quanto</span> <span class='ocrx_word' id='word_1_376' title='bbox 293 3274 459 3314; x_wconf 88' lang='lat' dir='ltr'>personam</span> <span class='ocrx_word' id='word_1_377' title='bbox 481 3274 568 3306; x_wconf 80' lang='lat' dir='ltr'>suam</span> <span class='ocrx_word' id='word_1_378' title='bbox 592 3275 676 3309; x_wconf 89' lang='lat' dir='ltr'>inter</span> <span class='ocrx_word' id='word_1_379' title='bbox 698 3285 847 3316; x_wconf 77' lang='lat' dir='ltr'>caeteraS,</span> <span class='ocrx_word' id='word_1_380' title='bbox 874 3285 945 3318; x_wconf 82' lang='lat' dir='ltr'>quae</span> <span class='ocrx_word' id='word_1_381' title='bbox 966 3276 998 3308; x_wconf 91' lang='lat' dir='ltr'>in</span> <span class='ocrx_word' id='word_1_382' title='bbox 1012 3285 1075 3317; x_wconf 88' lang='lat' dir='ltr'>par·</span> 
     </span>
     <span class='ocr_line' id='line_1_59' title="bbox 143 3323 1076 3359; baseline -0.002 -1"><span class='ocrx_word' id='word_1_383' title='bbox 143 3334 211 3358; x_wconf 86' lang='lat' dir='ltr'>tem</span> <span class='ocrx_word' id='word_1_384' title='bbox 226 3323 399 3357; x_wconf 79' lang='lat' dir='ltr'>commiffae</span> <span class='ocrx_word' id='word_1_385' title='bbox 422 3323 517 3357; x_wconf 90' lang='lat' dir='ltr'>nobis</span> <span class='ocrx_word' id='word_1_386' title='bbox 541 3323 768 3358; x_wconf 85' lang='lat' dir='ltr'>sollicitudinis</span> <span class='ocrx_word' id='word_1_387' title='bbox 787 3326 806 3359; x_wconf 73' lang='lat' dir='ltr'>a</span> <span class='ocrx_word' id='word_1_388' title='bbox 829 3326 981 3359; x_wconf 85' lang='lat' dir='ltr'>Domino</span> <span class='ocrx_word' id='word_1_389' title='bbox 1002 3325 1076 3357; x_wconf 88' lang='lat' dir='ltr'>sunt</span> 
     </span>
     <span class='ocr_line' id='line_1_60' title="bbox 138 3370 1076 3419; baseline -0.001 -12"><span class='ocrx_word' id='word_1_390' title='bbox 138 3374 288 3412; x_wconf 45' lang='lat' dir='ltr'>‘vocatam</span> <span class='ocrx_word' id='word_1_391' title='bbox 314 3370 494 3407; x_wconf 85' lang='lat' dir='ltr'>chariorem</span> <span class='ocrx_word' id='word_1_392' title='bbox 509 3397 520 3413; x_wconf 95' lang='lat'>,</span> <span class='ocrx_word' id='word_1_393' title='bbox 545 3373 580 3406; x_wconf 66' lang='lat' dir='ltr'>dt</span> <span class='ocrx_word' id='word_1_394' title='bbox 610 3374 642 3406; x_wconf 90' lang='lat' dir='ltr'>in</span> <span class='ocrx_word' id='word_1_395' title='bbox 663 3374 816 3409; x_wconf 85' lang='lat' dir='ltr'>omnibus</span> <span class='ocrx_word' id='word_1_396' title='bbox 834 3376 941 3419; x_wconf 84' lang='lat' dir='ltr'>magis</span> <span class='ocrx_word' id='word_1_397' title='bbox 962 3384 1076 3416; x_wconf 77' lang='lat' dir='ltr'>exper-</span> 
     </span>
     <span class='ocr_line' id='line_1_61' title="bbox 145 3420 1078 3467; baseline -0.001 -10"><span class='ocrx_word' id='word_1_398' title='bbox 145 3431 212 3458; x_wconf 84' lang='lat' dir='ltr'>tam</span> <span class='ocrx_word' id='word_1_399' title='bbox 236 3420 392 3459; x_wconf 80' lang='lat' dir='ltr'>habemus</span> <span class='ocrx_word' id='word_1_400' title='bbox 409 3446 420 3464; x_wconf 94' lang='lat'>,</span> <span class='ocrx_word' id='word_1_401' title='bbox 444 3422 538 3458; x_wconf 77' lang='lat' dir='ltr'>tanto</span> <span class='ocrx_word' id='word_1_402' title='bbox 559 3434 634 3458; x_wconf 88' lang='lat' dir='ltr'>cum</span> <span class='ocrx_word' id='word_1_403' title='bbox 655 3434 715 3467; x_wconf 79' lang='lat' dir='ltr'>pra:</span> <span class='ocrx_word' id='word_1_404' title='bbox 734 3424 809 3462; x_wconf 79' lang='lat' dir='ltr'>aliis</span> <span class='ocrx_word' id='word_1_405' title='bbox 826 3425 977 3460; x_wconf 82' lang='lat' dir='ltr'>Ecclesiae</span> <span class='ocrx_word' id='word_1_406' title='bbox 998 3423 1078 3458; x_wconf 88' lang='lat' dir='ltr'>filiis</span> 
     </span>
    </p>
   </div>
   <div class='ocr_carea' id='block_1_10' title="bbox 1057 190 1084 913">
    <p class='ocr_par' dir='ltr' id='par_1_12' title="bbox 1057 190 1084 913">
     <span class='ocr_line' id='line_1_62' title="bbox 1057 190 1084 913; baseline 0 2863"><span class='ocrx_word' id='word_1_407' title='bbox 1057 190 1084 913; x_wconf 95' lang='lat' dir='ltr'> </span> 
     </span>
    </p>
   </div>
   <div class='ocr_carea' id='block_1_11' title="bbox 1059 1314 1103 2702">
    <p class='ocr_par' dir='ltr' id='par_1_13' title="bbox 1059 1314 1103 2702">
     <span class='ocr_line' id='line_1_63' title="bbox 1059 1314 1103 2702; baseline 0 0"><span class='ocrx_word' id='word_1_408' title='bbox 1059 1314 1103 2702; x_wconf 95' lang='lat' dir='ltr'> </span> 
     </span>
    </p>
   </div>
   <div class='ocr_carea' id='block_1_12' title="bbox 1106 178 2112 1085">
    <p class='ocr_par' dir='ltr' id='par_1_14' title="bbox 1106 178 2112 1085">
     <span class='ocr_line' id='line_1_64' title="bbox 1106 178 2045 232; baseline 0.007 -13"><span class='ocrx_word' id='word_1_409' title='bbox 1106 182 1253 229; x_wconf 81' lang='lat' dir='ltr'>specialis</span> <span class='ocrx_word' id='word_1_410' title='bbox 1269 178 1681 232; x_wconf 71' lang='lat' dir='ltr'>dignitatis&#39;praerogativa</span> <span class='ocrx_word' id='word_1_411' title='bbox 1699 193 1856 230; x_wconf 85' lang='lat' dir='ltr'>duximus</span> <span class='ocrx_word' id='word_1_412' title='bbox 1873 189 2045 232; x_wconf 75' lang='lat' dir='ltr'>honorati-³</span> 
     </span>
     <span class='ocr_line' id='line_1_65' title="bbox 1107 233 2047 281; baseline 0.015 -12"><span class='ocrx_word' id='word_1_413' title='bbox 1107 235 1185 269; x_wconf 91' lang='lat' dir='ltr'>dum</span> <span class='ocrx_word' id='word_1_414' title='bbox 1197 258 1205 267; x_wconf 86' lang='lat'>.</span> <span class='ocrx_word' id='word_1_415' title='bbox 1223 234 1268 268; x_wconf 89' lang='lat' dir='ltr'>Et</span> <span class='ocrx_word' id='word_1_416' title='bbox 1279 233 1354 269; x_wconf 74' lang='lat' dir='ltr'>ideo</span> <span class='ocrx_word' id='word_1_417' title='bbox 1365 235 1572 271; x_wconf 87' lang='lat' dir='ltr'>discretionis</span> <span class='ocrx_word' id='word_1_418' title='bbox 1582 237 1614 271; x_wconf 79' lang='grc' dir='ltr'>δε</span> <span class='ocrx_word' id='word_1_419' title='bbox 1625 237 1800 277; x_wconf 84' lang='lat' dir='ltr'>honestatis</span> <span class='ocrx_word' id='word_1_420' title='bbox 1810 247 1873 280; x_wconf 79' lang='lat' dir='ltr'>suae</span> <span class='ocrx_word' id='word_1_421' title='bbox 1881 246 2047 281; x_wconf 78' lang='lat' dir='ltr'>constan-&#39;</span> 
     </span>
     <span class='ocr_line' id='line_1_66' title="bbox 1106 283 2039 333; baseline 0.008 -14"><span class='ocrx_word' id='word_1_422' title='bbox 1106 285 1185 319; x_wconf 87' lang='lat' dir='ltr'>tiam</span> <span class='ocrx_word' id='word_1_423' title='bbox 1202 283 1428 327; x_wconf 88' lang='lat' dir='ltr'>attendentes,</span> <span class='ocrx_word' id='word_1_424' title='bbox 1447 286 1560 331; x_wconf 27' lang='lat' dir='ltr'>*ipsum</span> <span class='ocrx_word' id='word_1_425' title='bbox 1572 287 1715 332; x_wconf 85' lang='lat' dir='ltr'>legatum</span> <span class='ocrx_word' id='word_1_426' title='bbox 1729 290 1924 333; x_wconf 69' lang='lat' dir='ltr'>Apostolicae</span> <span class='ocrx_word' id='word_1_427' title='bbox 1944 297 2039 332; x_wconf 76' lang='lat' dir='ltr'>sedis</span> 
     </span>
     <span class='ocr_line' id='line_1_67' title="bbox 1108 334 2046 382; baseline 0.004 -13"><span class='ocrx_word' id='word_1_428' title='bbox 1108 346 1163 379; x_wconf 89' lang='lat' dir='ltr'>per</span> <span class='ocrx_word' id='word_1_429' title='bbox 1171 344 1277 369; x_wconf 86' lang='lat' dir='ltr'>totam</span> <span class='ocrx_word' id='word_1_430' title='bbox 1288 334 1445 381; x_wconf 80' lang='lat' dir='ltr'>Angliam</span> <span class='ocrx_word' id='word_1_431' title='bbox 1456 360 1468 377; x_wconf 89' lang='lat'>,</span> <span class='ocrx_word' id='word_1_432' title='bbox 1494 348 1631 380; x_wconf 85' lang='lat' dir='ltr'>excepto</span> <span class='ocrx_word' id='word_1_433' title='bbox 1644 337 1838 382; x_wconf 84' lang='lat' dir='ltr'>Episcopatu</span> <span class='ocrx_word' id='word_1_434' title='bbox 1860 344 2046 382; x_wconf 77' lang='lat' dir='ltr'>Eboracen.</span> 
     </span>
     <span class='ocr_line' id='line_1_68' title="bbox 1108 385 2045 439; baseline 0.007 -21"><span class='ocrx_word' id='word_1_435' title='bbox 1108 385 1150 426; x_wconf 84' lang='lat' dir='ltr'>li,</span> <span class='ocrx_word' id='word_1_436' title='bbox 1174 385 1217 419; x_wconf 84' lang='lat' dir='ltr'>de</span> <span class='ocrx_word' id='word_1_437' title='bbox 1227 387 1547 422; x_wconf 83' lang='lat' dir='ltr'>communiconfilio</span> <span class='ocrx_word' id='word_1_438' title='bbox 1559 390 1692 422; x_wconf 85' lang='lat' dir='ltr'>fratrum</span> <span class='ocrx_word' id='word_1_439' title='bbox 1713 388 1906 431; x_wconf 61' lang='lat' dir='ltr'>statuimus,</span> <span class='ocrx_word' id='word_1_440' title='bbox 1928 397 2045 439; x_wconf 76' lang='lat' dir='ltr'>&amp;ejus</span> 
     </span>
     <span class='ocr_line' id='line_1_69' title="bbox 1110 434 2048 479; baseline 0.011 -10"><span class='ocrx_word' id='word_1_441' title='bbox 1110 434 1287 478; x_wconf 70' lang='lat' dir='ltr'>prudentiae</span> <span class='ocrx_word' id='word_1_442' title='bbox 1310 436 1434 471; x_wconf 86' lang='lat' dir='ltr'>nostras</span> <span class='ocrx_word' id='word_1_443' title='bbox 1460 437 1585 472; x_wconf 69' lang='lat' dir='ltr'>&#39;ibidem</span> <span class='ocrx_word' id='word_1_444' title='bbox 1613 438 1699 473; x_wconf 89' lang='lat' dir='ltr'>vices</span> <span class='ocrx_word' id='word_1_445' title='bbox 1727 439 1951 476; x_wconf 70' lang='lat' dir='ltr'>commisimus</span> <span class='ocrx_word' id='word_1_446' title='bbox 1972 454 2048 479; x_wconf 68' lang='lat' dir='ltr'>exe²</span> 
     </span>
     <span class='ocr_line' id='line_1_70' title="bbox 1110 483 2048 531; baseline 0.007 -12"><span class='ocrx_word' id='word_1_447' title='bbox 1110 483 1252 528; x_wconf 87' lang='lat' dir='ltr'>quendas</span> <span class='ocrx_word' id='word_1_448' title='bbox 1265 509 1276 526; x_wconf 87' lang='lat'>,</span> <span class='ocrx_word' id='word_1_449' title='bbox 1301 487 1347 521; x_wconf 89' lang='lat' dir='ltr'>ita</span> <span class='ocrx_word' id='word_1_450' title='bbox 1360 485 1508 521; x_wconf 69' lang='lat' dir='ltr'>videlicet</span> <span class='ocrx_word' id='word_1_451' title='bbox 1518 486 1608 531; x_wconf 90' lang='lat' dir='ltr'>quod</span> <span class='ocrx_word' id='word_1_452' title='bbox 1619 487 1665 522; x_wconf 91' lang='lat' dir='ltr'>ibi</span> <span class='ocrx_word' id='word_1_453' title='bbox 1678 488 1749 524; x_wconf 88' lang='lat' dir='ltr'>vice</span> <span class='ocrx_word' id='word_1_454' title='bbox 1767 488 1876 525; x_wconf 84' lang='lat' dir='ltr'>nostra</span> <span class='ocrx_word' id='word_1_455' title='bbox 1898 491 1936 525; x_wconf 71' lang='lat' dir='ltr'>dt</span> <span class='ocrx_word' id='word_1_456' title='bbox 1954 495 2048 527; x_wconf 70' lang='lat' dir='ltr'>corti·</span> 
     </span>
     <span class='ocr_line' id='line_1_71' title="bbox 1110 535 2051 582; baseline 0.007 -14"><span class='ocrx_word' id='word_1_457' title='bbox 1110 535 1217 579; x_wconf 86' lang='lat' dir='ltr'>genda</span> <span class='ocrx_word' id='word_1_458' title='bbox 1227 536 1389 582; x_wconf 84' lang='lat' dir='ltr'>corrigere</span> <span class='ocrx_word' id='word_1_459' title='bbox 1398 560 1410 577; x_wconf 88' lang='lat'>,</span> <span class='ocrx_word' id='word_1_460' title='bbox 1434 537 1470 572; x_wconf 74' lang='grc' dir='ltr'>ἀ</span> <span class='ocrx_word' id='word_1_461' title='bbox 1479 548 1548 582; x_wconf 79' lang='lat' dir='ltr'>quae</span> <span class='ocrx_word' id='word_1_462' title='bbox 1559 537 1728 574; x_wconf 80' lang='lat' dir='ltr'>statuenda</span> <span class='ocrx_word' id='word_1_463' title='bbox 1740 539 1862 575; x_wconf 89' lang='lat' dir='ltr'>fuerint</span> <span class='ocrx_word' id='word_1_464' title='bbox 1871 565 1883 582; x_wconf 90' lang='lat'>,</span> <span class='ocrx_word' id='word_1_465' title='bbox 1908 538 2051 575; x_wconf 81' lang='lat' dir='ltr'>authore</span> 
     </span>
     <span class='ocr_line' id='line_1_72' title="bbox 1112 586 2052 639; baseline 0.003 -18"><span class='ocrx_word' id='word_1_466' title='bbox 1112 586 1264 621; x_wconf 90' lang='lat' dir='ltr'>Domino</span> <span class='ocrx_word' id='word_1_467' title='bbox 1275 586 1441 622; x_wconf 84' lang='lat' dir='ltr'>salubriter</span> <span class='ocrx_word' id='word_1_468' title='bbox 1450 586 1568 622; x_wconf 79' lang='lat' dir='ltr'>debeat</span> <span class='ocrx_word' id='word_1_469' title='bbox 1587 587 1746 624; x_wconf 84' lang='lat' dir='ltr'>stabilire.</span> <span class='ocrx_word' id='word_1_470' title='bbox 1770 589 1942 639; x_wconf 84' lang='lat' dir='ltr'>roirca</span> <span class='ocrx_word' id='word_1_471' title='bbox 1959 590 2052 626; x_wconf 90' lang='lat' dir='ltr'>Uni·</span> 
     </span>
     <span class='ocr_line' id='line_1_73' title="bbox 1110 636 2052 685; baseline 0.007 -16"><span class='ocrx_word' id='word_1_472' title='bbox 1110 636 1251 670; x_wconf 84' lang='lat' dir='ltr'>verfitati</span> <span class='ocrx_word' id='word_1_473' title='bbox 1271 636 1381 671; x_wconf 80' lang='lat' dir='ltr'>vestrae</span> <span class='ocrx_word' id='word_1_474' title='bbox 1398 649 1455 682; x_wconf 84' lang='lat' dir='ltr'>per</span> <span class='ocrx_word' id='word_1_475' title='bbox 1477 637 1669 682; x_wconf 84' lang='lat' dir='ltr'>Apostolica</span> <span class='ocrx_word' id='word_1_476' title='bbox 1701 639 1816 685; x_wconf 87' lang='lat' dir='ltr'>scripta</span> <span class='ocrx_word' id='word_1_477' title='bbox 1837 639 2052 684; x_wconf 76' lang='lat' dir='ltr'>praecipiendo</span> 
     </span>
     <span class='ocr_line' id='line_1_74' title="bbox 1112 686 2053 733; baseline 0.005 -14"><span class='ocrx_word' id='word_1_478' title='bbox 1112 686 1305 720; x_wconf 86' lang='lat' dir='ltr'>mandamus</span> <span class='ocrx_word' id='word_1_479' title='bbox 1323 711 1334 727; x_wconf 89' lang='lat'>,</span> <span class='ocrx_word' id='word_1_480' title='bbox 1350 697 1518 732; x_wconf 47' lang='lat' dir='ltr'>squatenus</span> <span class='ocrx_word' id='word_1_481' title='bbox 1537 688 1646 723; x_wconf 86' lang='lat' dir='ltr'>eidem</span> <span class='ocrx_word' id='word_1_482' title='bbox 1664 689 1820 731; x_wconf 70' lang='lat' dir='ltr'>tanquam</span> <span class='ocrx_word' id='word_1_483' title='bbox 1849 690 2053 733; x_wconf 77' lang='lat' dir='ltr'>Apostolicae</span> 
     </span>
     <span class='ocr_line' id='line_1_75' title="bbox 1112 736 2054 781; baseline 0.002 -10"><span class='ocrx_word' id='word_1_484' title='bbox 1112 736 1204 771; x_wconf 87' lang='lat' dir='ltr'>Sedis</span> <span class='ocrx_word' id='word_1_485' title='bbox 1217 736 1345 781; x_wconf 85' lang='lat' dir='ltr'>Legato</span> <span class='ocrx_word' id='word_1_486' title='bbox 1358 736 1527 773; x_wconf 88' lang='lat' dir='ltr'>humiliter</span> <span class='ocrx_word' id='word_1_487' title='bbox 1538 740 1571 772; x_wconf 93' lang='lat' dir='ltr'>in</span> <span class='ocrx_word' id='word_1_488' title='bbox 1582 738 1740 774; x_wconf 88' lang='lat' dir='ltr'>omnibus</span> <span class='ocrx_word' id='word_1_489' title='bbox 1757 737 1918 781; x_wconf 77' lang='lat' dir='ltr'>obediatis</span> <span class='ocrx_word' id='word_1_490' title='bbox 1928 763 1940 781; x_wconf 89' lang='lat'>‚</span> <span class='ocrx_word' id='word_1_491' title='bbox 1963 739 2000 774; x_wconf 73' lang='lat' dir='ltr'>dt</span> <span class='ocrx_word' id='word_1_492' title='bbox 2013 739 2054 775; x_wconf 90' lang='lat' dir='ltr'>ad</span> 
     </span>
     <span class='ocr_line' id='line_1_76' title="bbox 1112 786 2056 834; baseline 0.005 -15"><span class='ocrx_word' id='word_1_493' title='bbox 1112 786 1182 830; x_wconf 81' lang='lat' dir='ltr'>ejus</span> <span class='ocrx_word' id='word_1_494' title='bbox 1194 787 1403 822; x_wconf 87' lang='lat' dir='ltr'>vocationem</span> <span class='ocrx_word' id='word_1_495' title='bbox 1415 789 1480 823; x_wconf 88' lang='lat' dir='ltr'>fine</span> <span class='ocrx_word' id='word_1_496' title='bbox 1499 789 1759 825; x_wconf 69' lang='lat' dir='ltr'>contradistione</span> <span class='ocrx_word' id='word_1_497' title='bbox 1781 789 1891 834; x_wconf 88' lang='lat' dir='ltr'>aliqua</span> <span class='ocrx_word' id='word_1_498' title='bbox 1917 790 2056 824; x_wconf 90' lang='lat' dir='ltr'>venien-</span> 
     </span>
     <span class='ocr_line' id='line_1_77' title="bbox 1113 835 2057 885; baseline 0.002 -13"><span class='ocrx_word' id='word_1_499' title='bbox 1113 846 1185 877; x_wconf 86' lang='lat' dir='ltr'>tes,</span> <span class='ocrx_word' id='word_1_500' title='bbox 1209 836 1243 870; x_wconf 78' lang='lat' dir='ltr'>ei</span> <span class='ocrx_word' id='word_1_501' title='bbox 1253 838 1288 871; x_wconf 88' lang='lat' dir='ltr'>in</span> <span class='ocrx_word' id='word_1_502' title='bbox 1300 835 1372 878; x_wconf 85' lang='lat' dir='ltr'>his,</span> <span class='ocrx_word' id='word_1_503' title='bbox 1397 849 1466 883; x_wconf 80' lang='lat' dir='ltr'>quae</span> <span class='ocrx_word' id='word_1_504' title='bbox 1475 839 1516 874; x_wconf 87' lang='lat' dir='ltr'>ad</span> <span class='ocrx_word' id='word_1_505' title='bbox 1535 839 1683 874; x_wconf 87' lang='lat' dir='ltr'>nostrum</span> <span class='ocrx_word' id='word_1_506' title='bbox 1705 841 1846 885; x_wconf 69' lang='lat' dir='ltr'>spestant</span> <span class='ocrx_word' id='word_1_507' title='bbox 1863 841 2014 875; x_wconf 83' lang='lat' dir='ltr'>officium</span> <span class='ocrx_word' id='word_1_508' title='bbox 2039 863 2057 880; x_wconf 68' lang='lat' dir='ltr'>a</span> 
     </span>
     <span class='ocr_line' id='line_1_78' title="bbox 1116 885 2056 934; baseline 0.004 -14"><span class='ocrx_word' id='word_1_509' title='bbox 1116 885 1243 931; x_wconf 70' lang='lat' dir='ltr'>plenius</span> <span class='ocrx_word' id='word_1_510' title='bbox 1253 888 1473 931; x_wconf 83' lang='lat' dir='ltr'>respondeatis</span> <span class='ocrx_word' id='word_1_511' title='bbox 1484 914 1491 921; x_wconf 90' lang='lat'><strong><em>.</em></strong></span> <span class='ocrx_word' id='word_1_512' title='bbox 1519 890 1568 924; x_wconf 87' lang='lat' dir='ltr'>Ea</span> <span class='ocrx_word' id='word_1_513' title='bbox 1579 901 1712 934; x_wconf 90' lang='lat' dir='ltr'>quoque</span> <span class='ocrx_word' id='word_1_514' title='bbox 1725 914 1737 931; x_wconf 87' lang='lat'><em>‚</em></span> <span class='ocrx_word' id='word_1_515' title='bbox 1759 901 1829 934; x_wconf 78' lang='lat' dir='ltr'>quae</span> <span class='ocrx_word' id='word_1_516' title='bbox 1838 890 1878 925; x_wconf 94' lang='lat' dir='ltr'>ad</span> <span class='ocrx_word' id='word_1_517' title='bbox 1891 889 2056 925; x_wconf 84' lang='lat' dir='ltr'>honorem</span> 
     </span>
     <span class='ocr_line' id='line_1_79' title="bbox 1108 936 2057 984; baseline 0.003 -13"><span class='ocrx_word' id='word_1_518' title='bbox 1108 936 1225 975; x_wconf 82' lang='lat' dir='ltr'>Dei&amp;</span> <span class='ocrx_word' id='word_1_519' title='bbox 1237 937 1386 972; x_wconf 83' lang='lat' dir='ltr'>fidelium</span> <span class='ocrx_word' id='word_1_520' title='bbox 1405 938 1474 981; x_wconf 83' lang='lat' dir='ltr'>ejus</span> <span class='ocrx_word' id='word_1_521' title='bbox 1495 940 1632 976; x_wconf 85' lang='lat' dir='ltr'>salutem</span> <span class='ocrx_word' id='word_1_522' title='bbox 1653 941 1796 975; x_wconf 86' lang='lat' dir='ltr'>statuerit</span> <span class='ocrx_word' id='word_1_523' title='bbox 1808 964 1821 981; x_wconf 89' lang='lat'>‚</span> <span class='ocrx_word' id='word_1_524' title='bbox 1846 940 2057 984; x_wconf 87' lang='lat' dir='ltr'>suscipientes</span> 
     </span>
     <span class='ocr_line' id='line_1_80' title="bbox 1108 987 2057 1037; baseline 0.004 -16"><span class='ocrx_word' id='word_1_525' title='bbox 1108 987 1252 1037; x_wconf 62' lang='lat' dir='ltr'>&#39;fii-ruiter</span> <span class='ocrx_word' id='word_1_526' title='bbox 1263 988 1299 1022; x_wconf 75' lang='lat' dir='ltr'>dt</span> <span class='ocrx_word' id='word_1_527' title='bbox 1312 989 1471 1024; x_wconf 88' lang='lat' dir='ltr'>servantes</span> <span class='ocrx_word' id='word_1_528' title='bbox 1479 1014 1490 1031; x_wconf 89' lang='lat'>‚</span> <span class='ocrx_word' id='word_1_529' title='bbox 1515 991 1617 1036; x_wconf 87' lang='lat' dir='ltr'>digna</span> <span class='ocrx_word' id='word_1_530' title='bbox 1628 991 1731 1034; x_wconf 90' lang='lat' dir='ltr'>ipsum</span> <span class='ocrx_word' id='word_1_531' title='bbox 1742 992 1918 1033; x_wconf 77' lang='lat' dir='ltr'>reverentia</span> <span class='ocrx_word' id='word_1_532' title='bbox 1929 991 1964 1025; x_wconf 76' lang='grc' dir='ltr'>δε</span> <span class='ocrx_word' id='word_1_533' title='bbox 1974 1001 2057 1025; x_wconf 89' lang='lat' dir='ltr'>con-</span> 
     </span>
     <span class='ocr_line' id='line_1_81' title="bbox 1114 1037 2112 1085; baseline 0.002 -14"><span class='ocrx_word' id='word_1_534' title='bbox 1114 1037 1206 1083; x_wconf 86' lang='lat' dir='ltr'>gruis</span> <span class='ocrx_word' id='word_1_535' title='bbox 1217 1038 1339 1082; x_wconf 89' lang='lat' dir='ltr'>semper</span> <span class='ocrx_word' id='word_1_536' title='bbox 1350 1037 1506 1075; x_wconf 84' lang='lat' dir='ltr'>studeatis</span> <span class='ocrx_word' id='word_1_537' title='bbox 1526 1039 1708 1076; x_wconf 87' lang='lat' dir='ltr'>honoribus</span> <span class='ocrx_word' id='word_1_538' title='bbox 1734 1041 1928 1085; x_wconf 77' lang='lat' dir='ltr'>praevenire,</span> <span class='ocrx_word' id='word_1_539' title='bbox 1955 1050 1992 1074; x_wconf 90' lang='lat' dir='ltr'>ut</span> <span class='ocrx_word' id='word_1_540' title='bbox 2003 1049 2059 1083; x_wconf 86' lang='lat' dir='ltr'>per</span> <span class='ocrx_word' id='word_1_541' title='bbox 2102 1074 2112 1080; x_wconf 40' lang='lat' dir='ltr'><em>s</em></span> 
     </span>
    </p>
   </div>
   <div class='ocr_carea' id='block_1_13' title="bbox 1047 1086 2062 1143">
    <p class='ocr_par' dir='ltr' id='par_1_15' title="bbox 1047 1086 2062 1143">
     <span class='ocr_line' id='line_1_82' title="bbox 1047 1086 2062 1143; baseline 0.003 -23"><span class='ocrx_word' id='word_1_542' title='bbox 1047 1111 1058 1128; x_wconf 92' lang='lat'>,</span> <span class='ocrx_word' id='word_1_543' title='bbox 1103 1086 1617 1143; x_wconf 36' lang='lat' dir='ltr'>‘prudentiamdtcuramipsiun</span> <span class='ocrx_word' id='word_1_544' title='bbox 1641 1091 1675 1125; x_wconf 77' lang='grc' dir='ltr'>ὅτ.</span> <span class='ocrx_word' id='word_1_545' title='bbox 1691 1091 1917 1131; x_wconf 87' lang='lat' dir='ltr'>obedientiam</span> <span class='ocrx_word' id='word_1_546' title='bbox 1940 1102 1979 1124; x_wconf 91' lang='lat' dir='ltr'>ac</span> <span class='ocrx_word' id='word_1_547' title='bbox 2001 1089 2062 1124; x_wconf 81' lang='lat' dir='ltr'>hu-</span> 
     </span>
    </p>
   </div>
   <div class='ocr_carea' id='block_1_14' title="bbox 1103 1138 2088 1383">
    <p class='ocr_par' dir='ltr' id='par_1_16' title="bbox 1103 1138 2088 1383">
     <span class='ocr_line' id='line_1_83' title="bbox 1115 1138 2088 1183; baseline 0.001 -12"><span class='ocrx_word' id='word_1_548' title='bbox 1115 1138 1292 1172; x_wconf 83' lang='lat' dir='ltr'>militatem</span> <span class='ocrx_word' id='word_1_549' title='bbox 1304 1139 1440 1173; x_wconf 88' lang='lat' dir='ltr'>vestram</span> <span class='ocrx_word' id='word_1_550' title='bbox 1455 1140 1603 1175; x_wconf 84' lang='lat' dir='ltr'>Ecclefiae</span> <span class='ocrx_word' id='word_1_551' title='bbox 1615 1140 1706 1175; x_wconf 88' lang='lat' dir='ltr'>vobis</span> <span class='ocrx_word' id='word_1_552' title='bbox 1719 1141 1898 1176; x_wconf 78' lang='lat' dir='ltr'>commissae</span> <span class='ocrx_word' id='word_1_553' title='bbox 1922 1150 1989 1175; x_wconf 86' lang='lat' dir='ltr'>tam</span> <span class='ocrx_word' id='word_1_554' title='bbox 2001 1139 2062 1183; x_wconf 68' lang='lat' dir='ltr'>spi·v</span> <span class='ocrx_word' id='word_1_555' title='bbox 2083 1160 2088 1163; x_wconf 64' lang='grc'><strong><em>»</em></strong></span> 
     </span>
     <span class='ocr_line' id='line_1_84' title="bbox 1117 1188 2062 1233; baseline 0.001 -12"><span class='ocrx_word' id='word_1_556' title='bbox 1117 1188 1277 1222; x_wconf 86' lang='lat' dir='ltr'>ritualiter</span> <span class='ocrx_word' id='word_1_557' title='bbox 1285 1188 1384 1231; x_wconf 74' lang='lat' dir='ltr'>quam</span> <span class='ocrx_word' id='word_1_558' title='bbox 1396 1191 1621 1233; x_wconf 84' lang='lat' dir='ltr'>temporaliter</span> <span class='ocrx_word' id='word_1_559' title='bbox 1630 1191 1671 1225; x_wconf 92' lang='lat' dir='ltr'>de</span> <span class='ocrx_word' id='word_1_560' title='bbox 1682 1190 1773 1225; x_wconf 86' lang='lat' dir='ltr'>bono</span> <span class='ocrx_word' id='word_1_561' title='bbox 1784 1192 1820 1225; x_wconf 82' lang='lat' dir='ltr'>ln</span> <span class='ocrx_word' id='word_1_562' title='bbox 1844 1190 1962 1225; x_wconf 68' lang='lat' dir='ltr'>melitis</span> <span class='ocrx_word' id='word_1_563' title='bbox 1982 1189 2062 1223; x_wconf 84' lang='lat' dir='ltr'>Do-</span> 
     </span>
     <span class='ocr_line' id='line_1_85' title="bbox 1117 1238 2063 1282; baseline -0.001 -11"><span class='ocrx_word' id='word_1_564' title='bbox 1117 1238 1210 1271; x_wconf 89' lang='lat' dir='ltr'>mino</span> <span class='ocrx_word' id='word_1_565' title='bbox 1219 1247 1417 1280; x_wconf 88' lang='lat' dir='ltr'>cooperante</span> <span class='ocrx_word' id='word_1_566' title='bbox 1427 1238 1650 1281; x_wconf 86' lang='lat' dir='ltr'>provehantur</span> <span class='ocrx_word' id='word_1_567' title='bbox 1663 1263 1674 1278; x_wconf 87' lang='lat'>‚</span> <span class='ocrx_word' id='word_1_568' title='bbox 1698 1241 1734 1279; x_wconf 72' lang='grc' dir='ltr'>ὅς</span> <span class='ocrx_word' id='word_1_569' title='bbox 1748 1250 1806 1273; x_wconf 88' lang='lat' dir='ltr'>vos</span> <span class='ocrx_word' id='word_1_570' title='bbox 1818 1251 1872 1282; x_wconf 86' lang='lat' dir='ltr'>per</span> <span class='ocrx_word' id='word_1_571' title='bbox 1885 1239 1949 1273; x_wconf 89' lang='lat' dir='ltr'>hoc</span> <span class='ocrx_word' id='word_1_572' title='bbox 1962 1238 2001 1273; x_wconf 93' lang='lat' dir='ltr'>ad</span> <span class='ocrx_word' id='word_1_573' title='bbox 2016 1238 2063 1270; x_wconf 82' lang='lat' dir='ltr'>iri-</span> 
     </span>
     <span class='ocr_line' id='line_1_86' title="bbox 1103 1286 2064 1336; baseline 0.001 -15"><span class='ocrx_word' id='word_1_574' title='bbox 1103 1309 1107 1336; x_wconf 40' lang='grc' dir='ltr'>ι</span> <span class='ocrx_word' id='word_1_575' title='bbox 1117 1286 1325 1321; x_wconf 83' lang='lat' dir='ltr'>terminabile</span> <span class='ocrx_word' id='word_1_576' title='bbox 1334 1287 1493 1330; x_wconf 85' lang='lat' dir='ltr'>gandium</span> <span class='ocrx_word' id='word_1_577' title='bbox 1508 1287 1629 1331; x_wconf 85' lang='lat' dir='ltr'>poffitis</span> <span class='ocrx_word' id='word_1_578' title='bbox 1640 1288 1780 1321; x_wconf 87' lang='lat' dir='ltr'>feliciter</span> <span class='ocrx_word' id='word_1_579' title='bbox 1790 1289 1957 1332; x_wconf 86' lang='lat' dir='ltr'>pervenire</span> <span class='ocrx_word' id='word_1_580' title='bbox 1969 1312 1975 1320; x_wconf 93' lang='lat'>.</span> <span class='ocrx_word' id='word_1_581' title='bbox 1996 1287 2064 1322; x_wconf 84' lang='lat' dir='ltr'>Da·</span> 
     </span>
     <span class='ocr_line' id='line_1_87' title="bbox 1103 1335 1856 1383; baseline 0 -12"><span class='ocrx_word' id='word_1_582' title='bbox 1103 1339 1190 1371; x_wconf 67' lang='lat' dir='ltr'>itum</span> <span class='ocrx_word' id='word_1_583' title='bbox 1203 1335 1355 1371; x_wconf 88' lang='lat' dir='ltr'>Laterani</span> <span class='ocrx_word' id='word_1_584' title='bbox 1368 1361 1379 1377; x_wconf 94' lang='lat'>,</span> <span class='ocrx_word' id='word_1_585' title='bbox 1398 1339 1512 1372; x_wconf 67' lang='lat' dir='ltr'>octavo</span> <span class='ocrx_word' id='word_1_586' title='bbox 1523 1335 1688 1373; x_wconf 86' lang='lat' dir='ltr'>Kalendas</span> <span class='ocrx_word' id='word_1_587' title='bbox 1698 1337 1804 1372; x_wconf 88' lang='lat' dir='ltr'>Maii.</span> <span class='ocrx_word' id='word_1_588' title='bbox 1854 1381 1856 1383; x_wconf 21' lang='grc' dir='ltr'>Ι</span> 
     </span>
    </p>
   </div>
   <div class='ocr_carea' id='block_1_15' title="bbox 1101 1155 1107 1304">
    <p class='ocr_par' dir='ltr' id='par_1_17' title="bbox 1101 1155 1107 1304">
     <span class='ocr_line' id='line_1_88' title="bbox 1101 1155 1107 1304; baseline 0 2472"><span class='ocrx_word' id='word_1_589' title='bbox 1101 1155 1107 1304; x_wconf 95' lang='lat' dir='ltr'> </span> 
     </span>
    </p>
   </div>
   <div class='ocr_carea' id='block_1_16' title="bbox 1103 1368 1110 1534">
    <p class='ocr_par' dir='ltr' id='par_1_18' title="bbox 1103 1368 1110 1534">
     <span class='ocr_line' id='line_1_89' title="bbox 1103 1368 1110 1534; baseline 0 2242"><span class='ocrx_word' id='word_1_590' title='bbox 1103 1368 1110 1534; x_wconf 95' lang='lat' dir='ltr'> </span> 
     </span>
    </p>
   </div>
   <div class='ocr_carea' id='block_1_17' title="bbox 1281 1435 1899 1481">
    <p class='ocr_par' dir='ltr' id='par_1_19' title="bbox 1281 1435 1899 1481">
     <span class='ocr_line' id='line_1_90' title="bbox 1281 1435 1899 1481; baseline 0 -11"><span class='ocrx_word' id='word_1_591' title='bbox 1281 1435 1698 1481; x_wconf 72' lang='lat' dir='ltr'>EpisToLA</span> <span class='ocrx_word' id='word_1_592' title='bbox 1754 1436 1899 1473; x_wconf 86' lang='lat' dir='ltr'>cxvii.</span> 
     </span>
    </p>
   </div>
   <div class='ocr_carea' id='block_1_18' title="bbox 1106 1532 2068 2309">
    <p class='ocr_par' dir='ltr' id='par_1_20' title="bbox 1106 1532 2068 2309">
     <span class='ocr_line' id='line_1_91' title="bbox 1122 1532 2068 1578; baseline 0.001 -11"><span class='ocrx_word' id='word_1_593' title='bbox 1122 1534 1251 1568; x_wconf 86' lang='lat' dir='ltr'>Thomas</span> <span class='ocrx_word' id='word_1_594' title='bbox 1276 1535 1508 1577; x_wconf 77' lang='lat' dir='ltr'>cantuarienfis</span> <span class='ocrx_word' id='word_1_595' title='bbox 1545 1534 1827 1578; x_wconf 74' lang='lat' dir='ltr'>Archi-Episcopus</span> <span class='ocrx_word' id='word_1_596' title='bbox 1860 1532 2068 1577; x_wconf 76' lang='lat' dir='ltr'>Herefordenfi</span> 
     </span>
     <span class='ocr_line' id='line_1_92' title="bbox 1106 1541 2062 2309; baseline -0.002 -689"><span class='ocrx_word' id='word_1_597' title='bbox 1106 1541 1119 2309; x_wconf 48' lang='lat' dir='ltr'>K</span> <span class='ocrx_word' id='word_1_598' title='bbox 1384 1586 1419 1619; x_wconf 70' lang='grc'>(9</span> <span class='ocrx_word' id='word_1_599' title='bbox 1446 1584 1617 1630; x_wconf 74' lang='lat' dir='ltr'>Vigornenfi</span> <span class='ocrx_word' id='word_1_600' title='bbox 1636 1584 1813 1628; x_wconf 70' lang='lat' dir='ltr'>Episcopis.</span> <span class='ocrx_word' id='word_1_601' title='bbox 2059 1623 2062 1628; x_wconf 46' lang='grc'>,</span> 
     </span>
    </p>
   </div>
   <div class='ocr_carea' id='block_1_19' title="bbox 1125 1682 2078 3505">
    <p class='ocr_par' dir='ltr' id='par_1_21' title="bbox 1125 1682 2078 3505">
     <span class='ocr_line' id='line_1_93' title="bbox 1202 1682 2074 1725; baseline 0 -9"><span class='ocrx_word' id='word_1_602' title='bbox 1202 1683 1240 1716; x_wconf 87' lang='lat' dir='ltr'><strong>T</strong></span> <span class='ocrx_word' id='word_1_603' title='bbox 1266 1683 1351 1717; x_wconf 90' lang='lat' dir='ltr'>ratio</span> <span class='ocrx_word' id='word_1_604' title='bbox 1364 1683 1442 1725; x_wconf 84' lang='lat' dir='ltr'>juris</span> <span class='ocrx_word' id='word_1_605' title='bbox 1454 1705 1466 1722; x_wconf 89' lang='lat'>‚</span> <span class='ocrx_word' id='word_1_606' title='bbox 1489 1683 1611 1717; x_wconf 82' lang='lat' dir='ltr'>&amp;fidei</span> <span class='ocrx_word' id='word_1_607' title='bbox 1623 1694 1662 1717; x_wconf 90' lang='lat' dir='ltr'>ac</span> <span class='ocrx_word' id='word_1_608' title='bbox 1683 1682 1860 1717; x_wconf 80' lang='lat' dir='ltr'>honestatis</span> <span class='ocrx_word' id='word_1_609' title='bbox 1883 1684 1991 1718; x_wconf 77' lang='lat' dir='ltr'>vestrz</span> <span class='ocrx_word' id='word_1_610' title='bbox 2011 1683 2074 1717; x_wconf 55' lang='lat' dir='ltr'>finss</span> 
     </span>
     <span class='ocr_line' id='line_1_94' title="bbox 1227 1731 2071 1787; baseline 0.002 -23"><span class='ocrx_word' id='word_1_611' title='bbox 1227 1732 1341 1765; x_wconf 86' lang='lat' dir='ltr'>ceritas</span> <span class='ocrx_word' id='word_1_612' title='bbox 1352 1753 1363 1769; x_wconf 95' lang='lat'>‚</span> <span class='ocrx_word' id='word_1_613' title='bbox 1373 1732 1407 1764; x_wconf 77' lang='grc' dir='ltr'>δε</span> <span class='ocrx_word' id='word_1_614' title='bbox 1418 1732 1578 1766; x_wconf 88' lang='lat' dir='ltr'>sacrarum</span> <span class='ocrx_word' id='word_1_615' title='bbox 1587 1731 1666 1777; x_wconf 82' lang='lat' dir='ltr'>juge</span> <span class='ocrx_word' id='word_1_616' title='bbox 1675 1732 1875 1787; x_wconf 59' lang='lat' dir='ltr'>eiqercitium</span> <span class='ocrx_word' id='word_1_617' title='bbox 1890 1732 2071 1767; x_wconf 88' lang='lat' dir='ltr'>litterarum&#39;</span> 
     </span>
     <span class='ocr_line' id='line_1_95' title="bbox 1125 1778 2075 1826; baseline 0.004 -14"><span class='ocrx_word' id='word_1_618' title='bbox 1125 1778 1221 1813; x_wconf 91' lang='lat' dir='ltr'>nobis</span> <span class='ocrx_word' id='word_1_619' title='bbox 1241 1779 1337 1814; x_wconf 73' lang='lat' dir='ltr'>facile</span> <span class='ocrx_word' id='word_1_620' title='bbox 1357 1781 1573 1823; x_wconf 85' lang='lat' dir='ltr'>persuadent,</span> <span class='ocrx_word' id='word_1_621' title='bbox 1586 1782 1692 1826; x_wconf 64' lang='lat' dir='ltr'>xqudd</span> <span class='ocrx_word' id='word_1_622' title='bbox 1717 1782 1841 1818; x_wconf 84' lang='lat' dir='ltr'>nullius</span> <span class='ocrx_word' id='word_1_623' title='bbox 1862 1781 2002 1817; x_wconf 87' lang='lat' dir='ltr'>turbinis</span> <span class='ocrx_word' id='word_1_624' title='bbox 2015 1783 2075 1816; x_wconf 89' lang='lat' dir='ltr'>im-</span> 
     </span>
     <span class='ocr_line' id='line_1_96' title="bbox 1126 1828 2070 1879; baseline 0.004 -17"><span class='ocrx_word' id='word_1_625' title='bbox 1126 1839 1218 1874; x_wconf 86' lang='lat' dir='ltr'>petus</span> <span class='ocrx_word' id='word_1_626' title='bbox 1226 1828 1418 1865; x_wconf 88' lang='lat' dir='ltr'>charitatem</span> <span class='ocrx_word' id='word_1_627' title='bbox 1431 1831 1569 1867; x_wconf 82' lang='lat' dir='ltr'>vestram</span> <span class='ocrx_word' id='word_1_628' title='bbox 1593 1832 1611 1866; x_wconf 72' lang='lat' dir='ltr'>a</span> <span class='ocrx_word' id='word_1_629' title='bbox 1623 1831 1732 1866; x_wconf 84' lang='lat' dir='ltr'>fide&amp;</span> <span class='ocrx_word' id='word_1_630' title='bbox 1743 1831 1935 1879; x_wconf 84' lang='lat' dir='ltr'>obedientia</span> <span class='ocrx_word' id='word_1_631' title='bbox 1958 1833 2070 1868; x_wconf 67' lang='lat' dir='ltr'>sanstae</span> 
     </span>
     <span class='ocr_line' id='line_1_97' title="bbox 1127 1879 2072 1926; baseline 0.004 -13"><span class='ocrx_word' id='word_1_632' title='bbox 1127 1879 1286 1914; x_wconf 68' lang='lat' dir='ltr'>Romanae</span> <span class='ocrx_word' id='word_1_633' title='bbox 1305 1880 1454 1914; x_wconf 85' lang='lat' dir='ltr'>Ecclcfiae</span> <span class='ocrx_word' id='word_1_634' title='bbox 1476 1882 1594 1924; x_wconf 90' lang='lat' dir='ltr'>poterit</span> <span class='ocrx_word' id='word_1_635' title='bbox 1618 1883 1758 1925; x_wconf 86' lang='lat' dir='ltr'>separare</span> <span class='ocrx_word' id='word_1_636' title='bbox 1780 1893 1788 1914; x_wconf 73' lang='grc' dir='ltr'><strong><em>ε</em></strong></span> <span class='ocrx_word' id='word_1_637' title='bbox 1819 1881 1861 1922; x_wconf 82' lang='lat' dir='ltr'>ad</span> <span class='ocrx_word' id='word_1_638' title='bbox 1884 1893 1982 1926; x_wconf 87' lang='lat' dir='ltr'>quam</span> <span class='ocrx_word' id='word_1_639' title='bbox 1992 1882 2072 1925; x_wconf 55' lang='lat' dir='ltr'>curti</span> 
     </span>
     <span class='ocr_line' id='line_1_98' title="bbox 1126 1929 2073 1976; baseline 0.001 -13"><span class='ocrx_word' id='word_1_640' title='bbox 1126 1941 1167 1963; x_wconf 86' lang='lat' dir='ltr'>ex</span> <span class='ocrx_word' id='word_1_641' title='bbox 1179 1929 1388 1964; x_wconf 83' lang='lat' dir='ltr'>institutione</span> <span class='ocrx_word' id='word_1_642' title='bbox 1400 1931 1459 1964; x_wconf 82' lang='lat' dir='ltr'>filii</span> <span class='ocrx_word' id='word_1_643' title='bbox 1472 1932 1556 1971; x_wconf 86' lang='lat' dir='ltr'>Dei,</span> <span class='ocrx_word' id='word_1_644' title='bbox 1584 1931 1759 1966; x_wconf 81' lang='lat' dir='ltr'>Ecclesiam</span> <span class='ocrx_word' id='word_1_645' title='bbox 1782 1931 1818 1968; x_wconf 81' lang='lat' dir='ltr'>in</span> <span class='ocrx_word' id='word_1_646' title='bbox 1832 1932 1864 1966; x_wconf 92' lang='lat' dir='ltr'>se</span> <span class='ocrx_word' id='word_1_647' title='bbox 1886 1942 1975 1976; x_wconf 88' lang='lat' dir='ltr'>petra</span> <span class='ocrx_word' id='word_1_648' title='bbox 1999 1931 2073 1965; x_wconf 63' lang='lat' dir='ltr'>soli:</span> 
     </span>
     <span class='ocr_line' id='line_1_99' title="bbox 1128 1970 2074 2021; baseline 0.002 -9"><span class='ocrx_word' id='word_1_649' title='bbox 1128 1979 1255 2013; x_wconf 83' lang='lat' dir='ltr'>diffima</span> <span class='ocrx_word' id='word_1_650' title='bbox 1266 1979 1451 2021; x_wconf 85' lang='lat' dir='ltr'>fundantis,</span> <span class='ocrx_word' id='word_1_651' title='bbox 1476 1981 1589 2015; x_wconf 90' lang='lat' dir='ltr'>omnis</span> <span class='ocrx_word' id='word_1_652' title='bbox 1612 1983 1721 2016; x_wconf 85' lang='lat' dir='ltr'>anima</span> <span class='ocrx_word' id='word_1_653' title='bbox 1742 1991 1917 2021; x_wconf 86' lang='lat' dir='ltr'>teneatur,</span> <span class='ocrx_word' id='word_1_654' title='bbox 1945 1970 2074 2016; x_wconf 63' lang='lat' dir='ltr'>arctiori</span> 
     </span>
     <span class='ocr_line' id='line_1_100' title="bbox 1129 2028 2073 2074; baseline 0.004 -13"><span class='ocrx_word' id='word_1_655' title='bbox 1129 2028 1262 2072; x_wconf 89' lang='lat' dir='ltr'>quidem</span> <span class='ocrx_word' id='word_1_656' title='bbox 1275 2030 1408 2063; x_wconf 88' lang='lat' dir='ltr'>vinculo</span> <span class='ocrx_word' id='word_1_657' title='bbox 1419 2030 1587 2073; x_wconf 59' lang='lat' dir='ltr'>adstriilus</span> <span class='ocrx_word' id='word_1_658' title='bbox 1598 2031 1643 2064; x_wconf 89' lang='lat' dir='ltr'>est</span> <span class='ocrx_word' id='word_1_659' title='bbox 1655 2032 1739 2066; x_wconf 90' lang='lat' dir='ltr'>ordo</span> <span class='ocrx_word' id='word_1_660' title='bbox 1762 2031 1963 2070; x_wconf 87' lang='lat' dir='ltr'>Pontificum</span> <span class='ocrx_word' id='word_1_661' title='bbox 1977 2055 1988 2071; x_wconf 93' lang='lat'>‚</span> <span class='ocrx_word' id='word_1_662' title='bbox 2015 2032 2073 2074; x_wconf 85' lang='lat' dir='ltr'>qui</span> 
     </span>
     <span class='ocr_line' id='line_1_101' title="bbox 1131 2078 2073 2127; baseline 0.004 -15"><span class='ocrx_word' id='word_1_663' title='bbox 1131 2078 1164 2112; x_wconf 91' lang='lat' dir='ltr'>in</span> <span class='ocrx_word' id='word_1_664' title='bbox 1176 2078 1423 2113; x_wconf 84' lang='lat' dir='ltr'>consecratione</span> <span class='ocrx_word' id='word_1_665' title='bbox 1434 2078 1474 2114; x_wconf 92' lang='lat' dir='ltr'>de</span> <span class='ocrx_word' id='word_1_666' title='bbox 1493 2079 1720 2116; x_wconf 87' lang='lat' dir='ltr'>observatione</span> <span class='ocrx_word' id='word_1_667' title='bbox 1743 2082 1825 2127; x_wconf 89' lang='lat' dir='ltr'>legis</span> <span class='ocrx_word' id='word_1_668' title='bbox 1836 2081 1955 2115; x_wconf 82' lang='lat' dir='ltr'>divinae</span> <span class='ocrx_word' id='word_1_669' title='bbox 1975 2081 2010 2115; x_wconf 76' lang='grc' dir='ltr'>δε</span> <span class='ocrx_word' id='word_1_670' title='bbox 2029 2081 2073 2116; x_wconf 87' lang='lat' dir='ltr'>sa-</span> 
     </span>
     <span class='ocr_line' id='line_1_102' title="bbox 1130 2128 2071 2175; baseline 0.004 -13"><span class='ocrx_word' id='word_1_671' title='bbox 1130 2139 1259 2162; x_wconf 90' lang='lat' dir='ltr'>crorum</span> <span class='ocrx_word' id='word_1_672' title='bbox 1275 2128 1452 2163; x_wconf 87' lang='lat' dir='ltr'>Canonum</span> <span class='ocrx_word' id='word_1_673' title='bbox 1470 2154 1481 2170; x_wconf 93' lang='lat'>,</span> <span class='ocrx_word' id='word_1_674' title='bbox 1510 2131 1543 2165; x_wconf 72' lang='grc' dir='ltr'>ἀ</span> <span class='ocrx_word' id='word_1_675' title='bbox 1556 2129 1596 2173; x_wconf 85' lang='lat' dir='ltr'>de</span> <span class='ocrx_word' id='word_1_676' title='bbox 1617 2130 1808 2175; x_wconf 83' lang='lat' dir='ltr'>obedientia</span> <span class='ocrx_word' id='word_1_677' title='bbox 1831 2131 2071 2166; x_wconf 85' lang='lat' dir='ltr'>Mandarorum</span> 
     </span>
     <span class='ocr_line' id='line_1_103' title="bbox 1130 2177 2074 2224; baseline 0.004 -12"><span class='ocrx_word' id='word_1_678' title='bbox 1130 2177 1221 2212; x_wconf 86' lang='lat' dir='ltr'>Sedis</span> <span class='ocrx_word' id='word_1_679' title='bbox 1233 2177 1430 2220; x_wconf 85' lang='lat' dir='ltr'>Apostolicae</span> <span class='ocrx_word' id='word_1_680' title='bbox 1443 2203 1455 2218; x_wconf 91' lang='lat'>,</span> <span class='ocrx_word' id='word_1_681' title='bbox 1481 2181 1637 2215; x_wconf 84' lang='lat' dir='ltr'>&amp;eorum</span> <span class='ocrx_word' id='word_1_682' title='bbox 1648 2181 1665 2215; x_wconf 73' lang='lat' dir='ltr'>a</span> <span class='ocrx_word' id='word_1_683' title='bbox 1678 2177 1798 2224; x_wconf 83' lang='lat' dir='ltr'>quibus</span> <span class='ocrx_word' id='word_1_684' title='bbox 1819 2192 1939 2215; x_wconf 88' lang='lat' dir='ltr'>munus</span> <span class='ocrx_word' id='word_1_685' title='bbox 1961 2182 2074 2216; x_wconf 88' lang='lat' dir='ltr'>conse-</span> 
     </span>
     <span class='ocr_line' id='line_1_104' title="bbox 1129 2226 2078 2276; baseline 0.006 -15"><span class='ocrx_word' id='word_1_686' title='bbox 1129 2226 1287 2261; x_wconf 89' lang='lat' dir='ltr'>erationis</span> <span class='ocrx_word' id='word_1_687' title='bbox 1296 2227 1486 2270; x_wconf 87' lang='lat' dir='ltr'>accipiunt,</span> <span class='ocrx_word' id='word_1_688' title='bbox 1512 2230 1655 2264; x_wconf 84' lang='lat' dir='ltr'>verbo&amp;</span> <span class='ocrx_word' id='word_1_689' title='bbox 1668 2231 1785 2275; x_wconf 88' lang='lat' dir='ltr'>scripto</span> <span class='ocrx_word' id='word_1_690' title='bbox 1796 2231 1978 2275; x_wconf 78' lang='lat' dir='ltr'>specialiter</span> <span class='ocrx_word' id='word_1_691' title='bbox 2000 2243 2078 2276; x_wconf 90' lang='lat' dir='ltr'>pro-</span> 
     </span>
     <span class='ocr_line' id='line_1_105' title="bbox 1130 2276 2075 2326; baseline 0.006 -16"><span class='ocrx_word' id='word_1_692' title='bbox 1130 2277 1263 2311; x_wconf 85' lang='lat' dir='ltr'>fitentur</span> <span class='ocrx_word' id='word_1_693' title='bbox 1276 2299 1284 2308; x_wconf 89' lang='lat'><strong><em>.</em></strong></span> <span class='ocrx_word' id='word_1_694' title='bbox 1307 2276 1370 2310; x_wconf 91' lang='lat' dir='ltr'>Sed</span> <span class='ocrx_word' id='word_1_695' title='bbox 1383 2277 1419 2311; x_wconf 70' lang='lat' dir='ltr'>«Sc</span> <span class='ocrx_word' id='word_1_696' title='bbox 1430 2287 1490 2311; x_wconf 89' lang='lat' dir='ltr'>nos</span> <span class='ocrx_word' id='word_1_697' title='bbox 1502 2277 1648 2314; x_wconf 75' lang='lat' dir='ltr'>Ecclesiae</span> <span class='ocrx_word' id='word_1_698' title='bbox 1659 2279 1819 2315; x_wconf 76' lang='lat' dir='ltr'>Romanae</span> <span class='ocrx_word' id='word_1_699' title='bbox 1833 2293 1893 2325; x_wconf 91' lang='lat' dir='ltr'>pto</span> <span class='ocrx_word' id='word_1_700' title='bbox 1912 2281 2075 2326; x_wconf 59' lang='lat' dir='ltr'>Compro*</span> 
     </span>
     <span class='ocr_line' id='line_1_106' title="bbox 1134 2325 2074 2376; baseline 0.006 -17"><span class='ocrx_word' id='word_1_701' title='bbox 1134 2325 1327 2361; x_wconf 85' lang='lat' dir='ltr'>vincialibus</span> <span class='ocrx_word' id='word_1_702' title='bbox 1340 2327 1458 2361; x_wconf 89' lang='lat' dir='ltr'>nostris</span> <span class='ocrx_word' id='word_1_703' title='bbox 1468 2339 1537 2362; x_wconf 89' lang='lat' dir='ltr'>non</span> <span class='ocrx_word' id='word_1_704' title='bbox 1559 2329 1758 2375; x_wconf 85' lang='lat' dir='ltr'>ambigimus</span> <span class='ocrx_word' id='word_1_705' title='bbox 1778 2331 1945 2376; x_wconf 88' lang='lat' dir='ltr'>obligatos</span> <span class='ocrx_word' id='word_1_706' title='bbox 1959 2356 1970 2372; x_wconf 92' lang='lat'>,</span> <span class='ocrx_word' id='word_1_707' title='bbox 1995 2331 2074 2367; x_wconf 82' lang='lat' dir='ltr'>cum</span> 
     </span>
     <span class='ocr_line' id='line_1_107' title="bbox 1134 2376 2073 2424; baseline 0.007 -15"><span class='ocrx_word' id='word_1_708' title='bbox 1134 2377 1191 2410; x_wconf 87' lang='lat' dir='ltr'>illa</span> <span class='ocrx_word' id='word_1_709' title='bbox 1210 2376 1377 2420; x_wconf 88' lang='lat' dir='ltr'>utriusque</span> <span class='ocrx_word' id='word_1_710' title='bbox 1396 2377 1536 2413; x_wconf 80' lang='lat' dir='ltr'>vestrum</span> <span class='ocrx_word' id='word_1_711' title='bbox 1555 2380 1750 2415; x_wconf 71' lang='lat' dir='ltr'>elestionem</span> <span class='ocrx_word' id='word_1_712' title='bbox 1776 2381 2007 2424; x_wconf 88' lang='lat' dir='ltr'>procreaverit,</span> <span class='ocrx_word' id='word_1_713' title='bbox 2037 2383 2073 2416; x_wconf 73' lang='grc' dir='ltr'>ὅ(</span> 
     </span>
     <span class='ocr_line' id='line_1_108' title="bbox 1135 2425 2073 2465; baseline 0.005 -5"><span class='ocrx_word' id='word_1_714' title='bbox 1135 2425 1246 2461; x_wconf 80' lang='lat' dir='ltr'>nostro</span> <span class='ocrx_word' id='word_1_715' title='bbox 1259 2425 1442 2464; x_wconf 85' lang='lat' dir='ltr'>ministerio</span> <span class='ocrx_word' id='word_1_716' title='bbox 1453 2430 1752 2464; x_wconf 89' lang='lat' dir='ltr'>consecrationem.</span> <span class='ocrx_word' id='word_1_717' title='bbox 1784 2430 1891 2464; x_wconf 89' lang='lat' dir='ltr'>Unde</span> <span class='ocrx_word' id='word_1_718' title='bbox 1901 2431 2002 2463; x_wconf 87' lang='lat' dir='ltr'>etiam</span> <span class='ocrx_word' id='word_1_719' title='bbox 2016 2442 2073 2465; x_wconf 85' lang='lat' dir='ltr'>vos</span> 
     </span>
     <span class='ocr_line' id='line_1_109' title="bbox 1135 2476 2074 2524; baseline 0.001 -13"><span class='ocrx_word' id='word_1_720' title='bbox 1135 2477 1274 2520; x_wconf 78' lang='lat' dir='ltr'>personae</span> <span class='ocrx_word' id='word_1_721' title='bbox 1297 2476 1412 2512; x_wconf 82' lang='lat' dir='ltr'>nostrae</span> <span class='ocrx_word' id='word_1_722' title='bbox 1432 2479 1538 2524; x_wconf 87' lang='lat' dir='ltr'>magis</span> <span class='ocrx_word' id='word_1_723' title='bbox 1560 2488 1691 2523; x_wconf 86' lang='lat' dir='ltr'>oportet</span> <span class='ocrx_word' id='word_1_724' title='bbox 1712 2480 1775 2513; x_wconf 78' lang='lat' dir='ltr'>effe</span> <span class='ocrx_word' id='word_1_725' title='bbox 1794 2478 1962 2513; x_wconf 86' lang='lat' dir='ltr'>obnoxios</span> <span class='ocrx_word' id='word_1_726' title='bbox 1981 2503 1993 2519; x_wconf 92' lang='lat'>,</span> <span class='ocrx_word' id='word_1_727' title='bbox 2017 2487 2074 2513; x_wconf 57' lang='lat' dir='ltr'>ne*</span> 
     </span>
     <span class='ocr_line' id='line_1_110' title="bbox 1132 2524 2073 2569; baseline 0.002 -9"><span class='ocrx_word' id='word_1_728' title='bbox 1132 2525 1212 2561; x_wconf 85' lang='lat' dir='ltr'>dum</span> <span class='ocrx_word' id='word_1_729' title='bbox 1224 2524 1424 2569; x_wconf 83' lang='lat' dir='ltr'>Apostolicae</span> <span class='ocrx_word' id='word_1_730' title='bbox 1434 2528 1506 2563; x_wconf 86' lang='lat' dir='ltr'>Sedi</span> <span class='ocrx_word' id='word_1_731' title='bbox 1518 2551 1529 2567; x_wconf 87' lang='lat'>‚</span> <span class='ocrx_word' id='word_1_732' title='bbox 1557 2530 1610 2562; x_wconf 89' lang='lat' dir='ltr'>cui</span> <span class='ocrx_word' id='word_1_733' title='bbox 1625 2528 1767 2562; x_wconf 88' lang='lat' dir='ltr'>fidem&amp;</span> <span class='ocrx_word' id='word_1_734' title='bbox 1783 2528 2003 2563; x_wconf 87' lang='lat' dir='ltr'>obedientiam</span> <span class='ocrx_word' id='word_1_735' title='bbox 2024 2530 2073 2562; x_wconf 92' lang='lat' dir='ltr'>so-</span> 
     </span>
     <span class='ocr_line' id='line_1_111' title="bbox 1135 2575 2075 2618; baseline 0.002 -7"><span class='ocrx_word' id='word_1_736' title='bbox 1135 2575 1357 2617; x_wconf 81' lang='lat' dir='ltr'>lusinfidelis,</span> <span class='ocrx_word' id='word_1_737' title='bbox 1382 2586 1439 2611; x_wconf 82' lang='lat' dir='ltr'>aut</span> <span class='ocrx_word' id='word_1_738' title='bbox 1454 2575 1621 2611; x_wconf 70' lang='lat' dir='ltr'>haereticus</span> <span class='ocrx_word' id='word_1_739' title='bbox 1635 2602 1646 2618; x_wconf 92' lang='lat'>‚</span> <span class='ocrx_word' id='word_1_740' title='bbox 1673 2588 1728 2612; x_wconf 88' lang='lat' dir='ltr'>aut</span> <span class='ocrx_word' id='word_1_741' title='bbox 1750 2578 1976 2613; x_wconf 84' lang='lat' dir='ltr'>schismaticus</span> <span class='ocrx_word' id='word_1_742' title='bbox 1997 2578 2075 2613; x_wconf 90' lang='lat' dir='ltr'>sub-</span> 
     </span>
     <span class='ocr_line' id='line_1_112' title="bbox 1134 2626 2075 2670; baseline 0 -9"><span class='ocrx_word' id='word_1_743' title='bbox 1134 2626 1252 2662; x_wconf 86' lang='lat' dir='ltr'>trahit.</span> <span class='ocrx_word' id='word_1_744' title='bbox 1280 2628 1333 2660; x_wconf 92' lang='lat' dir='ltr'>De</span> <span class='ocrx_word' id='word_1_745' title='bbox 1344 2626 1443 2660; x_wconf 85' lang='lat' dir='ltr'>vestra</span> <span class='ocrx_word' id='word_1_746' title='bbox 1466 2628 1576 2670; x_wconf 84' lang='lat' dir='ltr'>iraque</span> <span class='ocrx_word' id='word_1_747' title='bbox 1595 2627 1778 2662; x_wconf 79' lang='lat' dir='ltr'>devotione</span> <span class='ocrx_word' id='word_1_748' title='bbox 1794 2628 2011 2670; x_wconf 80' lang='lat' dir='ltr'>plenissimam</span> <span class='ocrx_word' id='word_1_749' title='bbox 2039 2628 2075 2661; x_wconf 87' lang='lat' dir='ltr'>fi-</span> 
     </span>
     <span class='ocr_line' id='line_1_113' title="bbox 1134 2675 2074 2723; baseline 0.003 -13"><span class='ocrx_word' id='word_1_750' title='bbox 1134 2675 1265 2711; x_wconf 89' lang='lat' dir='ltr'>duciam</span> <span class='ocrx_word' id='word_1_751' title='bbox 1278 2675 1482 2716; x_wconf 68' lang='lat' dir='ltr'>obtinentes,</span> <span class='ocrx_word' id='word_1_752' title='bbox 1509 2678 1714 2712; x_wconf 87' lang='lat' dir='ltr'>Fraternitati</span> <span class='ocrx_word' id='word_1_753' title='bbox 1727 2678 1834 2711; x_wconf 86' lang='lat' dir='ltr'>vestrae</span> <span class='ocrx_word' id='word_1_754' title='bbox 1844 2677 1973 2712; x_wconf 61' lang='lat' dir='ltr'>&#39;litteras</span> <span class='ocrx_word' id='word_1_755' title='bbox 1986 2678 2074 2723; x_wconf 83' lang='lat' dir='ltr'>Apo-</span> 
     </span>
     <span class='ocr_line' id='line_1_114' title="bbox 1135 2726 2070 2770; baseline 0 -9"><span class='ocrx_word' id='word_1_756' title='bbox 1135 2727 1265 2761; x_wconf 84' lang='lat' dir='ltr'>stolicas</span> <span class='ocrx_word' id='word_1_757' title='bbox 1287 2726 1470 2767; x_wconf 88' lang='lat' dir='ltr'>mittimus,</span> <span class='ocrx_word' id='word_1_758' title='bbox 1498 2736 1534 2759; x_wconf 91' lang='lat' dir='ltr'>ut</span> <span class='ocrx_word' id='word_1_759' title='bbox 1545 2727 1639 2761; x_wconf 91' lang='lat' dir='ltr'>vobis</span> <span class='ocrx_word' id='word_1_760' title='bbox 1650 2727 1684 2761; x_wconf 71' lang='grc' dir='ltr'>ὃς</span> <span class='ocrx_word' id='word_1_761' title='bbox 1698 2738 1752 2770; x_wconf 84' lang='lat' dir='ltr'>per</span> <span class='ocrx_word' id='word_1_762' title='bbox 1765 2739 1821 2762; x_wconf 86' lang='lat' dir='ltr'>vos</span> <span class='ocrx_word' id='word_1_763' title='bbox 1832 2728 1906 2762; x_wconf 87' lang='lat' dir='ltr'>aliis</span> <span class='ocrx_word' id='word_1_764' title='bbox 1919 2728 2070 2762; x_wconf 82' lang='lat' dir='ltr'>fratribus</span> 
     </span>
     <span class='ocr_line' id='line_1_115' title="bbox 1136 2776 2071 2822; baseline 0.001 -12"><span class='ocrx_word' id='word_1_765' title='bbox 1136 2776 1246 2811; x_wconf 85' lang='lat' dir='ltr'>vestris</span> <span class='ocrx_word' id='word_1_766' title='bbox 1268 2777 1472 2816; x_wconf 86' lang='lat' dir='ltr'>innotescat,</span> <span class='ocrx_word' id='word_1_767' title='bbox 1498 2776 1654 2820; x_wconf 87' lang='lat' dir='ltr'>quoniam</span> <span class='ocrx_word' id='word_1_768' title='bbox 1678 2778 1843 2811; x_wconf 89' lang='lat' dir='ltr'>Dominus</span> <span class='ocrx_word' id='word_1_769' title='bbox 1862 2777 1947 2822; x_wconf 84' lang='lat' dir='ltr'>Papa</span> <span class='ocrx_word' id='word_1_770' title='bbox 1973 2777 2071 2811; x_wconf 90' lang='lat' dir='ltr'>nobis</span> 
     </span>
     <span class='ocr_line' id='line_1_116' title="bbox 1136 2826 2077 2872; baseline 0.001 -12"><span class='ocrx_word' id='word_1_771' title='bbox 1136 2826 1219 2861; x_wconf 87' lang='lat' dir='ltr'>vices</span> <span class='ocrx_word' id='word_1_772' title='bbox 1230 2827 1299 2859; x_wconf 87' lang='lat' dir='ltr'>suas</span> <span class='ocrx_word' id='word_1_773' title='bbox 1317 2826 1479 2861; x_wconf 88' lang='lat' dir='ltr'>commisit</span> <span class='ocrx_word' id='word_1_774' title='bbox 1500 2826 1534 2860; x_wconf 89' lang='lat' dir='ltr'>in</span> <span class='ocrx_word' id='word_1_775' title='bbox 1560 2826 1681 2872; x_wconf 88' lang='lat' dir='ltr'>Regno</span> <span class='ocrx_word' id='word_1_776' title='bbox 1703 2828 1891 2872; x_wconf 87' lang='lat' dir='ltr'>Anglorum</span> <span class='ocrx_word' id='word_1_777' title='bbox 1914 2853 1922 2860; x_wconf 93' lang='lat'><em>.</em></span> <span class='ocrx_word' id='word_1_778' title='bbox 1948 2828 2077 2872; x_wconf 90' lang='lat' dir='ltr'>Loqui-</span> 
     </span>
     <span class='ocr_line' id='line_1_117' title="bbox 1137 2873 2072 2922; baseline 0.002 -12"><span class='ocrx_word' id='word_1_779' title='bbox 1137 2888 1208 2910; x_wconf 90' lang='lat' dir='ltr'>mur</span> <span class='ocrx_word' id='word_1_780' title='bbox 1220 2873 1393 2909; x_wconf 88' lang='lat' dir='ltr'>scientibus</span> <span class='ocrx_word' id='word_1_781' title='bbox 1413 2876 1446 2910; x_wconf 85' lang='lat'>&amp;</span> <span class='ocrx_word' id='word_1_782' title='bbox 1468 2876 1665 2911; x_wconf 87' lang='lat' dir='ltr'>docentibus</span> <span class='ocrx_word' id='word_1_783' title='bbox 1687 2877 1792 2921; x_wconf 87' lang='lat' dir='ltr'>legem</span> <span class='ocrx_word' id='word_1_784' title='bbox 1806 2903 1816 2918; x_wconf 94' lang='lat'><em>‚</em></span> <span class='ocrx_word' id='word_1_785' title='bbox 1843 2879 1876 2912; x_wconf 74' lang='grc' dir='ltr'>ὅ(</span> <span class='ocrx_word' id='word_1_786' title='bbox 1899 2889 1980 2922; x_wconf 89' lang='lat' dir='ltr'>quos</span> <span class='ocrx_word' id='word_1_787' title='bbox 2004 2877 2072 2911; x_wconf 84' lang='lat' dir='ltr'>no&#39;n</span> 
     </span>
     <span class='ocr_line' id='line_1_118' title="bbox 1137 2924 2072 2971; baseline 0 -11"><span class='ocrx_word' id='word_1_788' title='bbox 1137 2926 1295 2960; x_wconf 89' lang='lat' dir='ltr'>credimus</span> <span class='ocrx_word' id='word_1_789' title='bbox 1303 2926 1365 2958; x_wconf 79' lang='lat' dir='ltr'>effe</span> <span class='ocrx_word' id='word_1_790' title='bbox 1375 2924 1417 2960; x_wconf 89' lang='lat' dir='ltr'>de</span> <span class='ocrx_word' id='word_1_791' title='bbox 1427 2936 1563 2961; x_wconf 88' lang='lat' dir='ltr'>numero</span> <span class='ocrx_word' id='word_1_792' title='bbox 1574 2938 1688 2961; x_wconf 90' lang='lat' dir='ltr'>eorum</span> <span class='ocrx_word' id='word_1_793' title='bbox 1699 2952 1708 2967; x_wconf 91' lang='lat'>,</span> <span class='ocrx_word' id='word_1_794' title='bbox 1737 2928 1793 2971; x_wconf 89' lang='lat' dir='ltr'>qui</span> <span class='ocrx_word' id='word_1_795' title='bbox 1809 2936 1955 2962; x_wconf 78' lang='lat' dir='ltr'>tenentes</span> <span class='ocrx_word' id='word_1_796' title='bbox 1967 2928 2072 2971; x_wconf 88' lang='lat' dir='ltr'>legem</span> 
     </span>
     <span class='ocr_line' id='line_1_119' title="bbox 1138 2976 2073 3020; baseline -0.001 -10"><span class='ocrx_word' id='word_1_797' title='bbox 1138 2976 1324 3010; x_wconf 84' lang='lat' dir='ltr'>Dominum</span> <span class='ocrx_word' id='word_1_798' title='bbox 1337 2976 1538 3010; x_wconf 86' lang='lat' dir='ltr'>nescierunt:</span> <span class='ocrx_word' id='word_1_799' title='bbox 1564 2978 1597 3011; x_wconf 78' lang='grc' dir='ltr'>δε</span> <span class='ocrx_word' id='word_1_800' title='bbox 1610 2989 1677 3011; x_wconf 91' lang='lat' dir='ltr'>non</span> <span class='ocrx_word' id='word_1_801' title='bbox 1690 2978 1721 3010; x_wconf 87' lang='lat' dir='ltr'>in</span> <span class='ocrx_word' id='word_1_802' title='bbox 1735 2977 1880 3012; x_wconf 90' lang='lat' dir='ltr'>fraudem</span> <span class='ocrx_word' id='word_1_803' title='bbox 1894 2978 2052 3020; x_wconf 73' lang='lat' dir='ltr'>scriptura:</span> <span class='ocrx_word' id='word_1_804' title='bbox 2062 3001 2073 3017; x_wconf 93' lang='lat'>‚</span> 
     </span>
     <span class='ocr_line' id='line_1_120' title="bbox 1138 3025 2071 3071; baseline 0 -12"><span class='ocrx_word' id='word_1_805' title='bbox 1138 3037 1209 3070; x_wconf 82' lang='lat' dir='ltr'>quae</span> <span class='ocrx_word' id='word_1_806' title='bbox 1226 3025 1308 3059; x_wconf 88' lang='lat' dir='ltr'>solvi</span> <span class='ocrx_word' id='word_1_807' title='bbox 1322 3035 1387 3058; x_wconf 92' lang='lat' dir='ltr'>non</span> <span class='ocrx_word' id='word_1_808' title='bbox 1402 3026 1502 3069; x_wconf 85' lang='lat' dir='ltr'>potest</span> <span class='ocrx_word' id='word_1_809' title='bbox 1517 3051 1527 3066; x_wconf 89' lang='lat'>‚</span> <span class='ocrx_word' id='word_1_810' title='bbox 1554 3027 1606 3060; x_wconf 92' lang='lat' dir='ltr'>sed</span> <span class='ocrx_word' id='word_1_811' title='bbox 1619 3028 1751 3070; x_wconf 85' lang='lat' dir='ltr'>propriae</span> <span class='ocrx_word' id='word_1_812' title='bbox 1762 3028 1873 3062; x_wconf 88' lang='lat' dir='ltr'>salutis</span> <span class='ocrx_word' id='word_1_813' title='bbox 1890 3037 2034 3071; x_wconf 71' lang='lat' dir='ltr'>quaerunt</span> <span class='ocrx_word' id='word_1_814' title='bbox 2061 3050 2071 3067; x_wconf 91' lang='lat'>,</span> 
     </span>
     <span class='ocr_line' id='line_1_121' title="bbox 1141 3074 2072 3120; baseline 0.001 -12"><span class='ocrx_word' id='word_1_815' title='bbox 1141 3074 1415 3120; x_wconf 67' lang='lat' dir='ltr'>utimpiignando</span> <span class='ocrx_word' id='word_1_816' title='bbox 1426 3076 1522 3110; x_wconf 88' lang='lat' dir='ltr'>fidem</span> <span class='ocrx_word' id='word_1_817' title='bbox 1548 3076 1660 3111; x_wconf 84' lang='lat' dir='ltr'>fideles</span> <span class='ocrx_word' id='word_1_818' title='bbox 1678 3078 1869 3117; x_wconf 89' lang='lat' dir='ltr'>videantur,</span> <span class='ocrx_word' id='word_1_819' title='bbox 1893 3078 1926 3112; x_wconf 73' lang='grc' dir='ltr'>ὃ(</span> <span class='ocrx_word' id='word_1_820' title='bbox 1939 3076 2072 3110; x_wconf 86' lang='lat' dir='ltr'>habean-</span> 
     </span>
     <span class='ocr_line' id='line_1_122' title="bbox 1139 3124 2073 3170; baseline -0.002 -12"><span class='ocrx_word' id='word_1_821' title='bbox 1139 3124 1386 3169; x_wconf 85' lang='lat' dir='ltr'>turjuris—periti</span> <span class='ocrx_word' id='word_1_822' title='bbox 1400 3149 1410 3165; x_wconf 93' lang='lat'>,</span> <span class='ocrx_word' id='word_1_823' title='bbox 1437 3137 1511 3159; x_wconf 89' lang='lat' dir='ltr'>cum</span> <span class='ocrx_word' id='word_1_824' title='bbox 1525 3126 1692 3169; x_wconf 87' lang='lat' dir='ltr'>perdentes</span> <span class='ocrx_word' id='word_1_825' title='bbox 1713 3128 1744 3160; x_wconf 91' lang='lat' dir='ltr'>se</span> <span class='ocrx_word' id='word_1_826' title='bbox 1772 3128 1804 3161; x_wconf 80' lang='grc' dir='ltr'>δε</span> <span class='ocrx_word' id='word_1_827' title='bbox 1826 3127 1908 3160; x_wconf 84' lang='lat' dir='ltr'>alios</span> <span class='ocrx_word' id='word_1_828' title='bbox 1931 3124 2073 3170; x_wconf 82' lang='lat' dir='ltr'>perdide·</span> 
     </span>
     <span class='ocr_line' id='line_1_123' title="bbox 1140 3175 2071 3218; baseline -0.002 -9"><span class='ocrx_word' id='word_1_829' title='bbox 1140 3176 1205 3209; x_wconf 89' lang='lat' dir='ltr'>rint</span> <span class='ocrx_word' id='word_1_830' title='bbox 1227 3175 1318 3217; x_wconf 85' lang='lat' dir='ltr'>jura,</span> <span class='ocrx_word' id='word_1_831' title='bbox 1344 3176 1377 3208; x_wconf 90' lang='lat'>&amp;</span> <span class='ocrx_word' id='word_1_832' title='bbox 1399 3185 1555 3218; x_wconf 88' lang='lat' dir='ltr'>putentur</span> <span class='ocrx_word' id='word_1_833' title='bbox 1577 3176 1637 3209; x_wconf 90' lang='lat' dir='ltr'>filii</span> <span class='ocrx_word' id='word_1_834' title='bbox 1659 3178 1720 3210; x_wconf 85' lang='lat' dir='ltr'>esse</span> <span class='ocrx_word' id='word_1_835' title='bbox 1747 3177 1940 3210; x_wconf 70' lang='lat' dir='ltr'>obedientiae</span> <span class='ocrx_word' id='word_1_836' title='bbox 1960 3197 1970 3213; x_wconf 86' lang='lat'>,</span> <span class='ocrx_word' id='word_1_837' title='bbox 1995 3184 2071 3207; x_wconf 89' lang='lat' dir='ltr'>curn</span> 
     </span>
     <span class='ocr_line' id='line_1_124' title="bbox 1140 3224 2075 3269; baseline 0 -11"><span class='ocrx_word' id='word_1_838' title='bbox 1140 3224 1368 3269; x_wconf 86' lang='lat' dir='ltr'>qualicumque</span> <span class='ocrx_word' id='word_1_839' title='bbox 1389 3233 1543 3267; x_wconf 84' lang='lat' dir='ltr'>praetextu</span> <span class='ocrx_word' id='word_1_840' title='bbox 1564 3225 1820 3260; x_wconf 84' lang='lat' dir='ltr'>inobedientiam</span> <span class='ocrx_word' id='word_1_841' title='bbox 1850 3227 1938 3258; x_wconf 91' lang='lat' dir='ltr'>suam</span> <span class='ocrx_word' id='word_1_842' title='bbox 1963 3233 2075 3266; x_wconf 84' lang='lat' dir='ltr'>potue-</span> 
     </span>
     <span class='ocr_line' id='line_1_125' title="bbox 1142 3273 2072 3322; baseline -0.002 -15"><span class='ocrx_word' id='word_1_843' title='bbox 1142 3277 1207 3307; x_wconf 88' lang='lat' dir='ltr'>rint</span> <span class='ocrx_word' id='word_1_844' title='bbox 1218 3275 1365 3308; x_wconf 89' lang='lat' dir='ltr'>colorare</span> <span class='ocrx_word' id='word_1_845' title='bbox 1379 3298 1386 3304; x_wconf 88' lang='lat'><em>.</em></span> <span class='ocrx_word' id='word_1_846' title='bbox 1413 3273 1473 3307; x_wconf 86' lang='lat' dir='ltr'>Sed</span> <span class='ocrx_word' id='word_1_847' title='bbox 1485 3274 1594 3308; x_wconf 72' lang='lat' dir='ltr'>frustra</span> <span class='ocrx_word' id='word_1_848' title='bbox 1604 3301 1611 3307; x_wconf 93' lang='lat'>.</span> <span class='ocrx_word' id='word_1_849' title='bbox 1641 3277 1732 3322; x_wconf 80' lang='lat' dir='ltr'>Qia</span> <span class='ocrx_word' id='word_1_850' title='bbox 1763 3286 1827 3308; x_wconf 87' lang='lat' dir='ltr'>nori</span> <span class='ocrx_word' id='word_1_851' title='bbox 1840 3274 1883 3306; x_wconf 85' lang='lat' dir='ltr'>est</span> <span class='ocrx_word' id='word_1_852' title='bbox 1897 3273 2050 3315; x_wconf 85' lang='lat' dir='ltr'>sapientia</span> <span class='ocrx_word' id='word_1_853' title='bbox 2062 3297 2072 3313; x_wconf 89' lang='lat'>,</span> 
     </span>
     <span class='ocr_line' id='line_1_126' title="bbox 1144 3322 2075 3364; baseline -0.002 -7"><span class='ocrx_word' id='word_1_854' title='bbox 1144 3336 1209 3358; x_wconf 91' lang='lat' dir='ltr'>non</span> <span class='ocrx_word' id='word_1_855' title='bbox 1223 3324 1267 3358; x_wconf 87' lang='lat' dir='ltr'>est</span> <span class='ocrx_word' id='word_1_856' title='bbox 1280 3322 1449 3357; x_wconf 83' lang='lat' dir='ltr'>confilium</span> <span class='ocrx_word' id='word_1_857' title='bbox 1466 3335 1579 3358; x_wconf 88' lang='lat' dir='ltr'>contra</span> <span class='ocrx_word' id='word_1_858' title='bbox 1594 3326 1777 3358; x_wconf 88' lang='lat' dir='ltr'>Dominum</span> <span class='ocrx_word' id='word_1_859' title='bbox 1799 3347 1809 3363; x_wconf 90' lang='lat'>,</span> <span class='ocrx_word' id='word_1_860' title='bbox 1832 3322 1885 3363; x_wconf 89' lang='lat' dir='ltr'>qui</span> <span class='ocrx_word' id='word_1_861' title='bbox 1906 3322 1970 3364; x_wconf 77' lang='lat' dir='ltr'>jam</span> <span class='ocrx_word' id='word_1_862' title='bbox 1992 3322 2075 3355; x_wconf 85' lang='lat' dir='ltr'>testi-</span> 
     </span>
     <span class='ocr_line' id='line_1_127' title="bbox 1144 3371 2073 3415; baseline -0.002 -9"><span class='ocrx_word' id='word_1_863' title='bbox 1144 3374 1260 3407; x_wconf 89' lang='lat' dir='ltr'>monio</span> <span class='ocrx_word' id='word_1_864' title='bbox 1282 3371 1420 3415; x_wconf 88' lang='lat' dir='ltr'>patentis</span> <span class='ocrx_word' id='word_1_865' title='bbox 1442 3375 1546 3415; x_wconf 89' lang='lat' dir='ltr'>operis</span> <span class='ocrx_word' id='word_1_866' title='bbox 1565 3374 1663 3415; x_wconf 86' lang='lat' dir='ltr'>coepit</span> <span class='ocrx_word' id='word_1_867' title='bbox 1688 3372 1827 3406; x_wconf 87' lang='lat' dir='ltr'>revelare</span> <span class='ocrx_word' id='word_1_868' title='bbox 1848 3371 1981 3405; x_wconf 80' lang='lat' dir='ltr'>consilia</span> <span class='ocrx_word' id='word_1_869' title='bbox 2005 3382 2073 3404; x_wconf 88' lang='lat' dir='ltr'>cor-</span> 
     </span>
     <span class='ocr_line' id='line_1_128' title="bbox 1144 3421 2074 3466; baseline -0.005 -8"><span class='ocrx_word' id='word_1_870' title='bbox 1144 3423 1235 3458; x_wconf 90' lang='lat' dir='ltr'>dium</span> <span class='ocrx_word' id='word_1_871' title='bbox 1249 3447 1261 3464; x_wconf 91' lang='lat'>‚</span> <span class='ocrx_word' id='word_1_872' title='bbox 1285 3422 1318 3456; x_wconf 86' lang='lat'>&amp;</span> <span class='ocrx_word' id='word_1_873' title='bbox 1331 3422 1481 3465; x_wconf 82' lang='lat' dir='ltr'>parvulos</span> <span class='ocrx_word' id='word_1_874' title='bbox 1492 3423 1693 3466; x_wconf 88' lang='lat' dir='ltr'>suosjugiter</span> <span class='ocrx_word' id='word_1_875' title='bbox 1705 3421 1915 3463; x_wconf 86' lang='lat' dir='ltr'>consolatur,</span> <span class='ocrx_word' id='word_1_876' title='bbox 1942 3431 2000 3454; x_wconf 88' lang='lat' dir='ltr'>nec</span> <span class='ocrx_word' id='word_1_877' title='bbox 2011 3430 2074 3462; x_wconf 89' lang='lat' dir='ltr'>pet-</span> 
     </span>
     <span class='ocr_line' id='line_1_129' title="bbox 1927 3479 2034 3505; baseline -0.009 -1"><span class='ocrx_word' id='word_1_878' title='bbox 1927 3479 2034 3505; x_wconf 88' lang='lat' dir='ltr'>mittit</span> 
     </span>
    </p>
   </div>
   <div class='ocr_carea' id='block_1_20' title="bbox 1118 3152 1132 3503">
    <p class='ocr_par' dir='ltr' id='par_1_22' title="bbox 1118 3152 1132 3503">
     <span class='ocr_line' id='line_1_130' title="bbox 1118 3152 1132 3503; textangle 90"><span class='ocrx_word' id='word_1_879' title='bbox 1118 3152 1132 3503; x_wconf 65' lang='lat'><em>——‘——-————-⁶·-—-··</em></span> 
     </span>
    </p>
   </div>
  </div>
 </body>
</html>
