<?xml version="1.0" encoding="UTF-8"?>
<!DOCTYPE html PUBLIC "-//W3C//DTD XHTML 1.0 Transitional//EN"
    "http://www.w3.org/TR/xhtml1/DTD/xhtml1-transitional.dtd">
<html xmlns="http://www.w3.org/1999/xhtml" xml:lang="en" lang="en">
 <head>
  <title>
</title>
<meta http-equiv="Content-Type" content="text/html;charset=utf-8" />
  <meta name='ocr-system' content='tesseract 3.04.00' />
  <meta name='ocr-capabilities' content='ocr_page ocr_carea ocr_par ocr_line ocrx_word'/>
</head>
<body>
  <div class='ocr_page' id='page_1' title='image "./operaomniastudio10lupuuoft_0333.png"; bbox 0 0 2358 3776; ppageno 0'>
   <div class='ocr_carea' id='block_1_1' title="bbox 518 92 1672 154">
    <p class='ocr_par' dir='ltr' id='par_1_1' title="bbox 518 92 1672 154">
     <span class='ocr_line' id='line_1_1' title="bbox 518 92 1672 154; baseline -0.007 0"><span class='ocrx_word' id='word_1_1' title='bbox 518 107 560 154; x_wconf 87' lang='lat' dir='ltr'>S.</span> <span class='ocrx_word' id='word_1_2' title='bbox 609 100 908 152; x_wconf 82' lang='lat' dir='ltr'>THOMAE</span> <span class='ocrx_word' id='word_1_3' title='bbox 957 92 1356 147; x_wconf 83' lang='lat' dir='ltr'>CANTu-AR.</span> <span class='ocrx_word' id='word_1_4' title='bbox 1408 96 1543 144; x_wconf 91' lang='lat' dir='ltr'><strong>LIB.</strong></span> <span class='ocrx_word' id='word_1_5' title='bbox 1580 101 1672 151; x_wconf 87' lang='lat' dir='ltr'>1v.</span> 
     </span>
    </p>
   </div>
   <div class='ocr_carea' id='block_1_2' title="bbox 126 181 1069 287">
    <p class='ocr_par' dir='ltr' id='par_1_2' title="bbox 126 181 1069 287">
     <span class='ocr_line' id='line_1_2' title="bbox 128 181 1069 238; baseline -0.013 -8"><span class='ocrx_word' id='word_1_6' title='bbox 128 196 198 230; x_wconf 77' lang='lat' dir='ltr'>lam</span> <span class='ocrx_word' id='word_1_7' title='bbox 212 190 369 238; x_wconf 67' lang='lat' dir='ltr'>tanquam</span> <span class='ocrx_word' id='word_1_8' title='bbox 382 190 423 227; x_wconf 86' lang='lat' dir='ltr'>ab</span> <span class='ocrx_word' id='word_1_9' title='bbox 445 191 588 231; x_wconf 73' lang='lat' dir='ltr'>Ecclesia</span> <span class='ocrx_word' id='word_1_10' title='bbox 609 190 757 226; x_wconf 70' lang='lat' dir='ltr'>missam.</span> <span class='ocrx_word' id='word_1_11' title='bbox 783 181 962 233; x_wconf 48' lang='lat' dir='ltr'>Haec-video</span> <span class='ocrx_word' id='word_1_12' title='bbox 973 182 1069 218; x_wconf 85' lang='lat' dir='ltr'>dixe-</span> 
     </span>
     <span class='ocr_line' id='line_1_3' title="bbox 126 233 1069 287; baseline -0.013 -9"><span class='ocrx_word' id='word_1_13' title='bbox 126 247 214 285; x_wconf 65' lang='lat' dir='ltr'>cin,</span> <span class='ocrx_word' id='word_1_14' title='bbox 242 243 318 287; x_wconf 88' lang='lat' dir='ltr'>quia</span> <span class='ocrx_word' id='word_1_15' title='bbox 329 243 423 277; x_wconf 87' lang='lat' dir='ltr'>multi</span> <span class='ocrx_word' id='word_1_16' title='bbox 440 244 574 287; x_wconf 76' lang='lat' dir='ltr'>venient</span> <span class='ocrx_word' id='word_1_17' title='bbox 588 266 600 284; x_wconf 95' lang='lat'>,</span> <span class='ocrx_word' id='word_1_18' title='bbox 627 242 661 277; x_wconf 74' lang='grc' dir='ltr'>ἀ</span> <span class='ocrx_word' id='word_1_19' title='bbox 672 238 758 275; x_wconf 76' lang='lat' dir='ltr'>certe</span> <span class='ocrx_word' id='word_1_20' title='bbox 768 238 848 272; x_wconf 65' lang='lat' dir='ltr'>seio-2</span> <span class='ocrx_word' id='word_1_21' title='bbox 857 244 963 278; x_wconf 84' lang='lat' dir='ltr'>neque</span> <span class='ocrx_word' id='word_1_22' title='bbox 975 233 1069 268; x_wconf 85' lang='lat' dir='ltr'>dubi·</span> 
     </span>
    </p>
   </div>
   <div class='ocr_carea' id='block_1_3' title="bbox 130 283 1102 341">
    <p class='ocr_par' dir='ltr' id='par_1_3' title="bbox 130 283 1102 341">
     <span class='ocr_line' id='line_1_4' title="bbox 130 283 1102 341; baseline -0.009 -10"><span class='ocrx_word' id='word_1_23' title='bbox 130 305 190 335; x_wconf 85' lang='lat' dir='ltr'>to,</span> <span class='ocrx_word' id='word_1_24' title='bbox 211 295 303 341; x_wconf 74' lang='lat' dir='ltr'>quod</span> <span class='ocrx_word' id='word_1_25' title='bbox 317 294 417 338; x_wconf 80' lang='lat' dir='ltr'>aliqui</span> <span class='ocrx_word' id='word_1_26' title='bbox 438 293 504 337; x_wconf 83' lang='lat' dir='ltr'>jam</span> <span class='ocrx_word' id='word_1_27' title='bbox 526 301 709 331; x_wconf 88' lang='lat' dir='ltr'>venerunt,</span> <span class='ocrx_word' id='word_1_28' title='bbox 733 288 790 333; x_wconf 92' lang='lat' dir='ltr'>qui</span> <span class='ocrx_word' id='word_1_29' title='bbox 812 285 903 338; x_wconf 84' lang='lat' dir='ltr'>velut</span> <span class='ocrx_word' id='word_1_30' title='bbox 921 283 1072 328; x_wconf 86' lang='lat' dir='ltr'>pestilens</span> <span class='ocrx_word' id='word_1_31' title='bbox 1098 317 1102 322; x_wconf 86' lang='lat'><em>.</em></span> 
     </span>
    </p>
   </div>
   <div class='ocr_carea' id='block_1_4' title="bbox 125 338 1073 638">
    <p class='ocr_par' dir='ltr' id='par_1_4' title="bbox 125 338 1073 638">
     <span class='ocr_line' id='line_1_5' title="bbox 126 338 1066 383; baseline -0.013 -4"><span class='ocrx_word' id='word_1_32' title='bbox 126 344 243 379; x_wconf 79' lang='lat' dir='ltr'>ventus</span> <span class='ocrx_word' id='word_1_33' title='bbox 263 344 393 379; x_wconf 67' lang='lat' dir='ltr'>adducti</span> <span class='ocrx_word' id='word_1_34' title='bbox 413 343 663 378; x_wconf 76' lang='lat' dir='ltr'>mendaciorum</span> <span class='ocrx_word' id='word_1_35' title='bbox 686 338 857 383; x_wconf 56' lang='lat' dir='ltr'>aurugine·</span> <span class='ocrx_word' id='word_1_36' title='bbox 871 345 988 370; x_wconf 83' lang='lat' dir='ltr'>terram</span> <span class='ocrx_word' id='word_1_37' title='bbox 999 345 1066 369; x_wconf 85' lang='lat' dir='ltr'>cor-</span> 
     </span>
     <span class='ocr_line' id='line_1_6' title="bbox 127 384 1071 439; baseline -0.01 -10"><span class='ocrx_word' id='word_1_38' title='bbox 127 404 303 439; x_wconf 83' lang='lat' dir='ltr'>rumpunt.</span> <span class='ocrx_word' id='word_1_39' title='bbox 329 396 411 430; x_wconf 90' lang='lat' dir='ltr'>Sunt</span> <span class='ocrx_word' id='word_1_40' title='bbox 421 394 511 428; x_wconf 90' lang='lat' dir='ltr'>enim</span> <span class='ocrx_word' id='word_1_41' title='bbox 529 393 580 426; x_wconf 88' lang='lat' dir='ltr'>isti</span> <span class='ocrx_word' id='word_1_42' title='bbox 602 389 776 434; x_wconf 78' lang='lat' dir='ltr'>Prophetae</span> <span class='ocrx_word' id='word_1_43' title='bbox 798 386 899 426; x_wconf 71' lang='lat' dir='ltr'>Rani,</span> <span class='ocrx_word' id='word_1_44' title='bbox 926 384 1008 418; x_wconf 85' lang='lat' dir='ltr'>miffi</span> <span class='ocrx_word' id='word_1_45' title='bbox 1035 395 1071 420; x_wconf 88' lang='lat' dir='ltr'>ut</span> 
     </span>
     <span class='ocr_line' id='line_1_7' title="bbox 125 435 1072 491; baseline -0.012 -12"><span class='ocrx_word' id='word_1_46' title='bbox 125 443 293 491; x_wconf 82' lang='lat' dir='ltr'>decipiant</span> <span class='ocrx_word' id='word_1_47' title='bbox 305 444 462 488; x_wconf 87' lang='lat' dir='ltr'>populum</span> <span class='ocrx_word' id='word_1_48' title='bbox 475 468 485 484; x_wconf 92' lang='lat'>,</span> <span class='ocrx_word' id='word_1_49' title='bbox 511 443 544 478; x_wconf 88' lang='lat'>&amp;</span> <span class='ocrx_word' id='word_1_50' title='bbox 555 453 591 477; x_wconf 89' lang='lat' dir='ltr'>ut</span> <span class='ocrx_word' id='word_1_51' title='bbox 605 441 773 486; x_wconf 87' lang='lat' dir='ltr'>Religiosa</span> <span class='ocrx_word' id='word_1_52' title='bbox 786 435 952 473; x_wconf 86' lang='lat' dir='ltr'>mendacia</span> <span class='ocrx_word' id='word_1_53' title='bbox 972 435 1072 469; x_wconf 71' lang='lat' dir='ltr'>disto·</span> 
     </span>
     <span class='ocr_line' id='line_1_8' title="bbox 125 485 1071 533; baseline -0.01 -5"><span class='ocrx_word' id='word_1_54' title='bbox 125 505 200 529; x_wconf 79' lang='lat' dir='ltr'>rum</span> <span class='ocrx_word' id='word_1_55' title='bbox 211 494 339 529; x_wconf 75' lang='lat' dir='ltr'>facilius</span> <span class='ocrx_word' id='word_1_56' title='bbox 350 493 635 529; x_wconf 77' lang='lat' dir='ltr'>fideminducant.</span> <span class='ocrx_word' id='word_1_57' title='bbox 665 491 696 524; x_wconf 81' lang='lat' dir='ltr'>A</span> <span class='ocrx_word' id='word_1_58' title='bbox 721 485 893 533; x_wconf 71' lang='lat' dir='ltr'>Prophetis</span> <span class='ocrx_word' id='word_1_59' title='bbox 915 485 1071 520; x_wconf 88' lang='lat' dir='ltr'>Hierusa-</span> 
     </span>
     <span class='ocr_line' id='line_1_9' title="bbox 126 536 1069 590; baseline -0.011 -10"><span class='ocrx_word' id='word_1_60' title='bbox 126 545 192 579; x_wconf 79' lang='lat' dir='ltr'>lem</span> <span class='ocrx_word' id='word_1_61' title='bbox 205 545 262 579; x_wconf 84' lang='lat' dir='ltr'>ista</span> <span class='ocrx_word' id='word_1_62' title='bbox 273 545 438 590; x_wconf 78' lang='lat' dir='ltr'>egreditur</span> <span class='ocrx_word' id='word_1_63' title='bbox 451 543 595 587; x_wconf 77' lang='lat' dir='ltr'>pollutio</span> <span class='ocrx_word' id='word_1_64' title='bbox 606 544 697 586; x_wconf 86' lang='lat' dir='ltr'>supra</span> <span class='ocrx_word' id='word_1_65' title='bbox 709 549 840 575; x_wconf 83' lang='lat' dir='ltr'>terram.</span> <span class='ocrx_word' id='word_1_66' title='bbox 872 536 957 570; x_wconf 91' lang='lat' dir='ltr'>Ecce</span> <span class='ocrx_word' id='word_1_67' title='bbox 980 536 1069 570; x_wconf 87' lang='lat' dir='ltr'>enim</span> 
     </span>
     <span class='ocr_line' id='line_1_10' title="bbox 127 586 1073 638; baseline -0.011 -10"><span class='ocrx_word' id='word_1_68' title='bbox 127 595 331 638; x_wconf 76' lang='lat' dir='ltr'>profeffionis</span> <span class='ocrx_word' id='word_1_69' title='bbox 346 594 462 628; x_wconf 79' lang='lat' dir='ltr'>nost-rae</span> <span class='ocrx_word' id='word_1_70' title='bbox 473 594 545 627; x_wconf 87' lang='lat' dir='ltr'>sunt</span> <span class='ocrx_word' id='word_1_71' title='bbox 559 618 569 634; x_wconf 91' lang='lat'>,</span> <span class='ocrx_word' id='word_1_72' title='bbox 594 593 650 637; x_wconf 88' lang='lat' dir='ltr'>qui</span> <span class='ocrx_word' id='word_1_73' title='bbox 673 586 893 635; x_wconf 85' lang='lat' dir='ltr'>persequendo</span> <span class='ocrx_word' id='word_1_74' title='bbox 918 598 978 620; x_wconf 90' lang='lat' dir='ltr'>nos</span> <span class='ocrx_word' id='word_1_75' title='bbox 1001 598 1073 620; x_wconf 89' lang='lat' dir='ltr'>mo-</span> 
     </span>
    </p>
   </div>
   <div class='ocr_carea' id='block_1_5' title="bbox 127 636 1077 687">
    <p class='ocr_par' dir='ltr' id='par_1_5' title="bbox 127 636 1077 687">
     <span class='ocr_line' id='line_1_11' title="bbox 127 636 1077 687; baseline -0.008 -10"><span class='ocrx_word' id='word_1_76' title='bbox 127 654 205 679; x_wconf 86' lang='lat' dir='ltr'>vent</span> <span class='ocrx_word' id='word_1_77' title='bbox 231 643 326 687; x_wconf 88' lang='lat' dir='ltr'>pedes</span> <span class='ocrx_word' id='word_1_78' title='bbox 351 645 447 685; x_wconf 88' lang='lat' dir='ltr'>suos,</span> <span class='ocrx_word' id='word_1_79' title='bbox 474 644 508 677; x_wconf 76' lang='lat' dir='ltr'>t&amp;</span> <span class='ocrx_word' id='word_1_80' title='bbox 534 655 602 677; x_wconf 90' lang='lat' dir='ltr'>non</span> <span class='ocrx_word' id='word_1_81' title='bbox 631 641 818 687; x_wconf 82' lang='lat' dir='ltr'>quiescunt,</span> <span class='ocrx_word' id='word_1_82' title='bbox 844 638 900 682; x_wconf 89' lang='lat' dir='ltr'>qui</span> <span class='ocrx_word' id='word_1_83' title='bbox 917 636 1077 680; x_wconf 77' lang='lat' dir='ltr'>epistolas</span> 
     </span>
    </p>
   </div>
   <div class='ocr_carea' id='block_1_6' title="bbox 123 687 1074 1037">
    <p class='ocr_par' dir='ltr' id='par_1_6' title="bbox 123 687 1074 1037">
     <span class='ocr_line' id='line_1_12' title="bbox 129 687 1072 738; baseline -0.011 -9"><span class='ocrx_word' id='word_1_84' title='bbox 129 694 304 729; x_wconf 88' lang='lat' dir='ltr'>mendacio</span> <span class='ocrx_word' id='word_1_85' title='bbox 316 694 469 738; x_wconf 81' lang='lat' dir='ltr'>plenasin</span> <span class='ocrx_word' id='word_1_86' title='bbox 491 694 615 728; x_wconf 87' lang='lat' dir='ltr'>Orbem</span> <span class='ocrx_word' id='word_1_87' title='bbox 640 691 805 735; x_wconf 84' lang='lat' dir='ltr'>dirigunt,</span> <span class='ocrx_word' id='word_1_88' title='bbox 831 699 922 722; x_wconf 83' lang='lat' dir='ltr'>aures</span> <span class='ocrx_word' id='word_1_89' title='bbox 938 687 1072 721; x_wconf 87' lang='lat' dir='ltr'>audien-</span> 
     </span>
     <span class='ocr_line' id='line_1_13' title="bbox 126 736 1070 789; baseline -0.007 -12"><span class='ocrx_word' id='word_1_90' title='bbox 126 742 288 779; x_wconf 85' lang='lat' dir='ltr'>dientium</span> <span class='ocrx_word' id='word_1_91' title='bbox 311 744 485 789; x_wconf 80' lang='lat' dir='ltr'>polluunt„</span> <span class='ocrx_word' id='word_1_92' title='bbox 515 744 549 778; x_wconf 80' lang='grc' dir='ltr'>δε</span> <span class='ocrx_word' id='word_1_93' title='bbox 574 740 695 786; x_wconf 86' lang='lat' dir='ltr'>linguis</span> <span class='ocrx_word' id='word_1_94' title='bbox 719 741 782 774; x_wconf 89' lang='lat' dir='ltr'>suis</span> <span class='ocrx_word' id='word_1_95' title='bbox 807 750 866 772; x_wconf 85' lang='lat' dir='ltr'>nos</span> <span class='ocrx_word' id='word_1_96' title='bbox 886 748 960 772; x_wconf 87' lang='lat' dir='ltr'>toto</span> <span class='ocrx_word' id='word_1_97' title='bbox 978 736 1070 772; x_wconf 88' lang='lat' dir='ltr'>Orbe</span> 
     </span>
     <span class='ocr_line' id='line_1_14' title="bbox 127 787 1071 831; baseline -0.008 -3"><span class='ocrx_word' id='word_1_98' title='bbox 127 795 373 828; x_wconf 69' lang='lat' dir='ltr'>consectantur.</span> <span class='ocrx_word' id='word_1_99' title='bbox 398 793 585 831; x_wconf 71' lang='lat' dir='ltr'>Fastienim</span> <span class='ocrx_word' id='word_1_100' title='bbox 596 791 782 824; x_wconf 88' lang='lat' dir='ltr'>divitiarum</span> <span class='ocrx_word' id='word_1_101' title='bbox 804 789 882 823; x_wconf 84' lang='lat' dir='ltr'>servi</span> <span class='ocrx_word' id='word_1_102' title='bbox 899 812 909 827; x_wconf 90' lang='lat'>,</span> <span class='ocrx_word' id='word_1_103' title='bbox 935 787 975 822; x_wconf 86' lang='lat' dir='ltr'>ad</span> <span class='ocrx_word' id='word_1_104' title='bbox 1001 788 1071 822; x_wconf 93' lang='lat' dir='ltr'>Do-</span> 
     </span>
     <span class='ocr_line' id='line_1_15' title="bbox 126 839 1074 884; baseline -0.007 -8"><span class='ocrx_word' id='word_1_105' title='bbox 126 844 295 877; x_wconf 77' lang='lat' dir='ltr'>minorum</span> <span class='ocrx_word' id='word_1_106' title='bbox 310 855 451 884; x_wconf 79' lang='lat' dir='ltr'>nutum,</span> <span class='ocrx_word' id='word_1_107' title='bbox 473 842 496 876; x_wconf 58' lang='grc' dir='ltr'>ἡ</span> <span class='ocrx_word' id='word_1_108' title='bbox 510 839 626 883; x_wconf 90' lang='lat' dir='ltr'>quibus</span> <span class='ocrx_word' id='word_1_109' title='bbox 648 842 679 875; x_wconf 89' lang='lat' dir='ltr'>se</span> <span class='ocrx_word' id='word_1_110' title='bbox 701 842 828 884; x_wconf 87' lang='lat' dir='ltr'>sperant</span> <span class='ocrx_word' id='word_1_111' title='bbox 849 848 1036 881; x_wconf 87' lang='lat' dir='ltr'>accepturos</span> <span class='ocrx_word' id='word_1_112' title='bbox 1061 861 1074 878; x_wconf 84' lang='lat'>‚</span> 
     </span>
     <span class='ocr_line' id='line_1_16' title="bbox 124 887 1072 933; baseline -0.006 -7"><span class='ocrx_word' id='word_1_113' title='bbox 124 891 343 928; x_wconf 83' lang='lat' dir='ltr'>Comicorum</span> <span class='ocrx_word' id='word_1_114' title='bbox 366 893 467 927; x_wconf 79' lang='lat' dir='ltr'>instar</span> <span class='ocrx_word' id='word_1_115' title='bbox 479 891 666 932; x_wconf 82' lang='lat' dir='ltr'>servorum,</span> <span class='ocrx_word' id='word_1_116' title='bbox 692 889 795 926; x_wconf 78' lang='lat' dir='ltr'>modo</span> <span class='ocrx_word' id='word_1_117' title='bbox 816 888 907 933; x_wconf 73' lang='lat' dir='ltr'>ajunt</span> <span class='ocrx_word' id='word_1_118' title='bbox 919 887 1032 923; x_wconf 91' lang='lat' dir='ltr'>omnia</span> <span class='ocrx_word' id='word_1_119' title='bbox 1060 910 1072 926; x_wconf 91' lang='lat'>,</span> 
     </span>
     <span class='ocr_line' id='line_1_17' title="bbox 126 936 1071 988; baseline -0.007 -11"><span class='ocrx_word' id='word_1_120' title='bbox 126 940 232 977; x_wconf 73' lang='lat' dir='ltr'>modo</span> <span class='ocrx_word' id='word_1_121' title='bbox 250 953 390 988; x_wconf 77' lang='lat' dir='ltr'>negant.</span> <span class='ocrx_word' id='word_1_122' title='bbox 417 940 543 976; x_wconf 70' lang='lat' dir='ltr'>Verum</span> <span class='ocrx_word' id='word_1_123' title='bbox 554 941 704 976; x_wconf 90' lang='lat' dir='ltr'>dolorem</span> <span class='ocrx_word' id='word_1_124' title='bbox 715 940 750 975; x_wconf 87' lang='lat' dir='ltr'>id</span> <span class='ocrx_word' id='word_1_125' title='bbox 775 949 956 983; x_wconf 85' lang='lat' dir='ltr'>temperat,</span> <span class='ocrx_word' id='word_1_126' title='bbox 982 936 1071 981; x_wconf 90' lang='lat' dir='ltr'>quod</span> 
     </span>
     <span class='ocr_line' id='line_1_18' title="bbox 123 989 1064 1037; baseline -0.005 -11"><span class='ocrx_word' id='word_1_127' title='bbox 123 992 192 1037; x_wconf 69' lang='lat' dir='ltr'>jam</span> <span class='ocrx_word' id='word_1_128' title='bbox 204 993 328 1036; x_wconf 82' lang='lat' dir='ltr'>pridem</span> <span class='ocrx_word' id='word_1_129' title='bbox 343 993 452 1026; x_wconf 83' lang='lat' dir='ltr'>Mater</span> <span class='ocrx_word' id='word_1_130' title='bbox 472 991 579 1025; x_wconf 80' lang='lat' dir='ltr'>nostra</span> <span class='ocrx_word' id='word_1_131' title='bbox 596 991 786 1026; x_wconf 89' lang='lat' dir='ltr'>interiorem</span> <span class='ocrx_word' id='word_1_132' title='bbox 810 989 894 1023; x_wconf 89' lang='lat' dir='ltr'>hanc</span> <span class='ocrx_word' id='word_1_133' title='bbox 909 990 1064 1022; x_wconf 83' lang='lat' dir='ltr'>viscerum</span> 
     </span>
    </p>
   </div>
   <div class='ocr_carea' id='block_1_7' title="bbox 126 1033 1083 1087">
    <p class='ocr_par' dir='ltr' id='par_1_7' title="bbox 126 1033 1083 1087">
     <span class='ocr_line' id='line_1_19' title="bbox 126 1033 1083 1087; baseline -0.007 -10"><span class='ocrx_word' id='word_1_134' title='bbox 126 1041 306 1087; x_wconf 73' lang='lat' dir='ltr'>paffionem</span> <span class='ocrx_word' id='word_1_135' title='bbox 319 1043 491 1077; x_wconf 79' lang='lat' dir='ltr'>sustineat.</span> <span class='ocrx_word' id='word_1_136' title='bbox 521 1041 628 1077; x_wconf 85' lang='lat' dir='ltr'><strong>Unde</strong></span> <span class='ocrx_word' id='word_1_137' title='bbox 649 1042 684 1076; x_wconf 68' lang='grc' dir='ltr'>ὅ(</span> <span class='ocrx_word' id='word_1_138' title='bbox 705 1042 872 1076; x_wconf 86' lang='lat' dir='ltr'>Dominus</span> <span class='ocrx_word' id='word_1_139' title='bbox 892 1039 958 1082; x_wconf 90' lang='lat' dir='ltr'>ipse</span> <span class='ocrx_word' id='word_1_140' title='bbox 981 1033 1083 1080; x_wconf 70' lang='lat' dir='ltr'>huju-‘</span> 
     </span>
    </p>
   </div>
   <div class='ocr_carea' id='block_1_8' title="bbox 119 1087 1088 3135">
    <p class='ocr_par' dir='ltr' id='par_1_8' title="bbox 119 1087 1088 3135">
     <span class='ocr_line' id='line_1_20' title="bbox 124 1087 1071 1137; baseline -0.01 -9"><span class='ocrx_word' id='word_1_141' title='bbox 124 1093 232 1128; x_wconf 73' lang='lat' dir='ltr'>smodi</span> <span class='ocrx_word' id='word_1_142' title='bbox 254 1091 448 1137; x_wconf 83' lang='lat' dir='ltr'>Prophetis,</span> <span class='ocrx_word' id='word_1_143' title='bbox 475 1092 640 1136; x_wconf 88' lang='lat' dir='ltr'>quietiam</span> <span class='ocrx_word' id='word_1_144' title='bbox 664 1091 723 1126; x_wconf 87' lang='lat' dir='ltr'>sub</span> <span class='ocrx_word' id='word_1_145' title='bbox 746 1091 828 1125; x_wconf 87' lang='lat' dir='ltr'>statu</span> <span class='ocrx_word' id='word_1_146' title='bbox 848 1090 964 1124; x_wconf 89' lang='lat' dir='ltr'>veteris</span> <span class='ocrx_word' id='word_1_147' title='bbox 990 1087 1071 1132; x_wconf 84' lang='lat' dir='ltr'>legis</span> 
     </span>
     <span class='ocr_line' id='line_1_21' title="bbox 124 1139 1066 1186; baseline -0.006 -10"><span class='ocrx_word' id='word_1_148' title='bbox 124 1142 223 1186; x_wconf 77' lang='lat' dir='ltr'>pauci</span> <span class='ocrx_word' id='word_1_149' title='bbox 236 1153 303 1178; x_wconf 89' lang='lat' dir='ltr'>non</span> <span class='ocrx_word' id='word_1_150' title='bbox 316 1153 406 1177; x_wconf 90' lang='lat' dir='ltr'>erant</span> <span class='ocrx_word' id='word_1_151' title='bbox 420 1166 431 1183; x_wconf 95' lang='lat'>,</span> <span class='ocrx_word' id='word_1_152' title='bbox 457 1143 721 1176; x_wconf 87' lang='lat' dir='ltr'>comminaturin</span> <span class='ocrx_word' id='word_1_153' title='bbox 745 1139 928 1185; x_wconf 76' lang='lat' dir='ltr'>Propheta:</span> <span class='ocrx_word' id='word_1_154' title='bbox 957 1140 1033 1171; x_wconf 83' lang='lat' dir='ltr'>Ecce</span> <span class='ocrx_word' id='word_1_155' title='bbox 1055 1160 1066 1176; x_wconf 92' lang='lat'>,</span> 
     </span>
     <span class='ocr_line' id='line_1_22' title="bbox 128 1188 1070 1236; baseline -0.006 -10"><span class='ocrx_word' id='word_1_156' title='bbox 128 1193 261 1236; x_wconf 88' lang='lat' dir='ltr'>inquit,</span> <span class='ocrx_word' id='word_1_157' title='bbox 286 1191 389 1226; x_wconf 80' lang='lat' dir='ltr'>cibabo</span> <span class='ocrx_word' id='word_1_158' title='bbox 399 1204 445 1225; x_wconf 84' lang='lat' dir='ltr'>eos</span> <span class='ocrx_word' id='word_1_159' title='bbox 459 1190 610 1236; x_wconf 61' lang='lat' dir='ltr'>absinthio</span> <span class='ocrx_word' id='word_1_160' title='bbox 625 1217 635 1232; x_wconf 92' lang='lat'>,</span> <span class='ocrx_word' id='word_1_161' title='bbox 661 1194 695 1227; x_wconf 68' lang='lat' dir='ltr'>(rt</span> <span class='ocrx_word' id='word_1_162' title='bbox 704 1191 816 1234; x_wconf 78' lang='lat' dir='ltr'>potabo</span> <span class='ocrx_word' id='word_1_163' title='bbox 827 1190 919 1232; x_wconf 82' lang='lat' dir='ltr'>felle.</span> <span class='ocrx_word' id='word_1_164' title='bbox 934 1190 935 1193; x_wconf 76' lang='grc'>’</span> <span class='ocrx_word' id='word_1_165' title='bbox 951 1188 983 1220; x_wconf 85' lang='grc' dir='ltr'><strong>Δ</strong></span> <span class='ocrx_word' id='word_1_166' title='bbox 996 1188 1070 1221; x_wconf 92' lang='lat' dir='ltr'>Pro·</span> 
     </span>
     <span class='ocr_line' id='line_1_23' title="bbox 127 1237 1071 1286; baseline -0.007 -11"><span class='ocrx_word' id='word_1_167' title='bbox 127 1239 235 1286; x_wconf 81' lang='lat' dir='ltr'>phetis</span> <span class='ocrx_word' id='word_1_168' title='bbox 256 1244 345 1277; x_wconf 90' lang='lat' dir='ltr'>enim</span> <span class='ocrx_word' id='word_1_169' title='bbox 367 1242 571 1276; x_wconf 86' lang='lat' dir='ltr'>Hierusalem</span> <span class='ocrx_word' id='word_1_170' title='bbox 593 1244 712 1286; x_wconf 77' lang='lat' dir='ltr'>egressa</span> <span class='ocrx_word' id='word_1_171' title='bbox 732 1240 777 1274; x_wconf 88' lang='lat' dir='ltr'>est</span> <span class='ocrx_word' id='word_1_172' title='bbox 801 1238 942 1282; x_wconf 89' lang='lat' dir='ltr'>pollutio</span> <span class='ocrx_word' id='word_1_173' title='bbox 981 1237 1071 1279; x_wconf 83' lang='lat' dir='ltr'>super</span> 
     </span>
     <span class='ocr_line' id='line_1_24' title="bbox 127 1286 1072 1335; baseline -0.01 -9"><span class='ocrx_word' id='word_1_174' title='bbox 127 1302 265 1332; x_wconf 84' lang='lat' dir='ltr'>terram,</span> <span class='ocrx_word' id='word_1_175' title='bbox 292 1303 396 1335; x_wconf 89' lang='lat' dir='ltr'>neque</span> <span class='ocrx_word' id='word_1_176' title='bbox 409 1291 449 1325; x_wconf 89' lang='lat' dir='ltr'>ab</span> <span class='ocrx_word' id='word_1_177' title='bbox 461 1291 517 1325; x_wconf 86' lang='lat' dir='ltr'>ista</span> <span class='ocrx_word' id='word_1_178' title='bbox 531 1291 721 1335; x_wconf 65' lang='lat' dir='ltr'>agritudine</span> <span class='ocrx_word' id='word_1_179' title='bbox 733 1288 859 1332; x_wconf 76' lang='lat' dir='ltr'>penitus</span> <span class='ocrx_word' id='word_1_180' title='bbox 872 1286 1033 1320; x_wconf 85' lang='lat' dir='ltr'>sanabitur</span> <span class='ocrx_word' id='word_1_181' title='bbox 1061 1308 1072 1324; x_wconf 89' lang='lat'>,</span> 
     </span>
     <span class='ocr_line' id='line_1_25' title="bbox 127 1335 1071 1383; baseline -0.008 -8"><span class='ocrx_word' id='word_1_182' title='bbox 127 1340 236 1376; x_wconf 79' lang='lat' dir='ltr'>donec</span> <span class='ocrx_word' id='word_1_183' title='bbox 247 1342 274 1375; x_wconf 84' lang='lat' dir='ltr'>is</span> <span class='ocrx_word' id='word_1_184' title='bbox 294 1341 439 1380; x_wconf 84' lang='lat' dir='ltr'>venerit,</span> <span class='ocrx_word' id='word_1_185' title='bbox 465 1339 522 1383; x_wconf 88' lang='lat' dir='ltr'>qui</span> <span class='ocrx_word' id='word_1_186' title='bbox 535 1338 659 1373; x_wconf 87' lang='lat' dir='ltr'>sanabit</span> <span class='ocrx_word' id='word_1_187' title='bbox 678 1346 792 1371; x_wconf 90' lang='lat' dir='ltr'>omnes</span> <span class='ocrx_word' id='word_1_188' title='bbox 814 1337 1009 1380; x_wconf 83' lang='lat' dir='ltr'>languores,</span> <span class='ocrx_word' id='word_1_189' title='bbox 1037 1335 1071 1368; x_wconf 72' lang='grc' dir='ltr'>ἃ</span> 
     </span>
     <span class='ocr_line' id='line_1_26' title="bbox 126 1383 1070 1434; baseline -0.005 -11"><span class='ocrx_word' id='word_1_190' title='bbox 126 1390 296 1425; x_wconf 79' lang='lat' dir='ltr'>renovabit</span> <span class='ocrx_word' id='word_1_191' title='bbox 308 1400 344 1424; x_wconf 90' lang='lat' dir='ltr'>ut</span> <span class='ocrx_word' id='word_1_192' title='bbox 354 1389 676 1434; x_wconf 81' lang='lat' dir='ltr'>aquilaejuventutem</span> <span class='ocrx_word' id='word_1_193' title='bbox 690 1387 779 1421; x_wconf 89' lang='lat' dir='ltr'>suam</span> <span class='ocrx_word' id='word_1_194' title='bbox 794 1412 800 1419; x_wconf 93' lang='lat'><strong><em>.</em></strong></span> <span class='ocrx_word' id='word_1_195' title='bbox 830 1386 903 1421; x_wconf 86' lang='lat' dir='ltr'>Vos</span> <span class='ocrx_word' id='word_1_196' title='bbox 914 1383 1045 1428; x_wconf 77' lang='lat' dir='ltr'>quidem</span> <span class='ocrx_word' id='word_1_197' title='bbox 1060 1408 1070 1424; x_wconf 96' lang='lat'>‚</span> 
     </span>
     <span class='ocr_line' id='line_1_27' title="bbox 123 1435 1072 1482; baseline -0.007 -8"><span class='ocrx_word' id='word_1_198' title='bbox 123 1439 262 1482; x_wconf 77' lang='lat' dir='ltr'>fratres,</span> <span class='ocrx_word' id='word_1_199' title='bbox 299 1440 405 1476; x_wconf 88' lang='lat' dir='ltr'>nolite</span> <span class='ocrx_word' id='word_1_200' title='bbox 425 1439 535 1473; x_wconf 88' lang='lat' dir='ltr'>audire</span> <span class='ocrx_word' id='word_1_201' title='bbox 555 1436 734 1481; x_wconf 80' lang='lat' dir='ltr'>Prophetas</span> <span class='ocrx_word' id='word_1_202' title='bbox 753 1436 850 1471; x_wconf 88' lang='lat' dir='ltr'>istos.</span> <span class='ocrx_word' id='word_1_203' title='bbox 878 1435 1072 1479; x_wconf 89' lang='lat' dir='ltr'>Radulphus</span> 
     </span>
     <span class='ocr_line' id='line_1_28' title="bbox 127 1485 1071 1532; baseline -0.005 -9"><span class='ocrx_word' id='word_1_204' title='bbox 127 1489 207 1524; x_wconf 76' lang='lat' dir='ltr'>vero</span> <span class='ocrx_word' id='word_1_205' title='bbox 227 1489 443 1524; x_wconf 82' lang='lat' dir='ltr'>Landavenfis</span> <span class='ocrx_word' id='word_1_206' title='bbox 455 1488 664 1532; x_wconf 83' lang='lat' dir='ltr'>qualisqualis</span> <span class='ocrx_word' id='word_1_207' title='bbox 676 1485 778 1521; x_wconf 91' lang='lat' dir='ltr'>Archi</span> <span class='ocrx_word' id='word_1_208' title='bbox 791 1505 801 1511; x_wconf 95' lang='lat'>-</span> <span class='ocrx_word' id='word_1_209' title='bbox 812 1486 985 1520; x_wconf 87' lang='lat' dir='ltr'>Diaconus</span> <span class='ocrx_word' id='word_1_210' title='bbox 1000 1509 1011 1525; x_wconf 95' lang='lat'>,</span> <span class='ocrx_word' id='word_1_211' title='bbox 1037 1485 1071 1518; x_wconf 77' lang='grc' dir='ltr'>ἀ</span> 
     </span>
     <span class='ocr_line' id='line_1_29' title="bbox 119 1535 1070 1581; baseline -0.006 -8"><span class='ocrx_word' id='word_1_212' title='bbox 119 1538 290 1574; x_wconf 78' lang='lat' dir='ltr'>-Ricardus</span> <span class='ocrx_word' id='word_1_213' title='bbox 303 1540 399 1573; x_wconf 83' lang='lat' dir='ltr'>Barre</span> <span class='ocrx_word' id='word_1_214' title='bbox 409 1538 564 1572; x_wconf 85' lang='lat' dir='ltr'>dicuntur</span> <span class='ocrx_word' id='word_1_215' title='bbox 575 1538 743 1581; x_wconf 86' lang='lat' dir='ltr'>Principes</span> <span class='ocrx_word' id='word_1_216' title='bbox 769 1535 954 1580; x_wconf 85' lang='lat' dir='ltr'>Prophetiae</span> <span class='ocrx_word' id='word_1_217' title='bbox 966 1560 973 1567; x_wconf 92' lang='lat'><em>.</em></span> <span class='ocrx_word' id='word_1_218' title='bbox 1002 1535 1070 1568; x_wconf 90' lang='lat' dir='ltr'>No·</span> 
     </span>
     <span class='ocr_line' id='line_1_30' title="bbox 122 1583 1072 1634; baseline -0.005 -12"><span class='ocrx_word' id='word_1_219' title='bbox 122 1588 206 1631; x_wconf 68' lang='lat' dir='ltr'>lite,</span> <span class='ocrx_word' id='word_1_220' title='bbox 233 1589 389 1634; x_wconf 88' lang='lat' dir='ltr'>inquam,</span> <span class='ocrx_word' id='word_1_221' title='bbox 415 1588 544 1623; x_wconf 89' lang='lat' dir='ltr'>credere</span> <span class='ocrx_word' id='word_1_222' title='bbox 563 1613 571 1622; x_wconf 95' lang='lat'><strong><em>.</em></strong></span> <span class='ocrx_word' id='word_1_223' title='bbox 609 1587 772 1631; x_wconf 78' lang='lat' dir='ltr'>Propheta</span> <span class='ocrx_word' id='word_1_224' title='bbox 787 1586 905 1632; x_wconf 84' lang='lat' dir='ltr'>quippe</span> <span class='ocrx_word' id='word_1_225' title='bbox 925 1583 1072 1621; x_wconf 84' lang='lat' dir='ltr'>vaticinii</span> 
     </span>
     <span class='ocr_line' id='line_1_31' title="bbox 129 1634 1076 1681; baseline -0.005 -7"><span class='ocrx_word' id='word_1_226' title='bbox 129 1639 198 1674; x_wconf 83' lang='lat' dir='ltr'>fine</span> <span class='ocrx_word' id='word_1_227' title='bbox 222 1640 454 1675; x_wconf 86' lang='lat' dir='ltr'>monstrabitur</span> <span class='ocrx_word' id='word_1_228' title='bbox 466 1663 474 1671; x_wconf 92' lang='lat'><strong><em>.</em></strong></span> <span class='ocrx_word' id='word_1_229' title='bbox 503 1639 544 1672; x_wconf 89' lang='lat' dir='ltr'>Et</span> <span class='ocrx_word' id='word_1_230' title='bbox 557 1637 661 1672; x_wconf 85' lang='lat' dir='ltr'>scietis</span> <span class='ocrx_word' id='word_1_231' title='bbox 675 1638 809 1671; x_wconf 79' lang='lat' dir='ltr'>indubie</span> <span class='ocrx_word' id='word_1_232' title='bbox 822 1661 832 1677; x_wconf 93' lang='lat'>,</span> <span class='ocrx_word' id='word_1_233' title='bbox 859 1637 947 1681; x_wconf 90' lang='lat' dir='ltr'>quod</span> <span class='ocrx_word' id='word_1_234' title='bbox 961 1636 994 1669; x_wconf 89' lang='lat' dir='ltr'>in</span> <span class='ocrx_word' id='word_1_235' title='bbox 1007 1634 1076 1671; x_wconf 90' lang='lat' dir='ltr'>bre·</span> 
     </span>
     <span class='ocr_line' id='line_1_32' title="bbox 130 1686 1072 1734; baseline -0.005 -10"><span class='ocrx_word' id='word_1_236' title='bbox 130 1689 189 1730; x_wconf 89' lang='lat' dir='ltr'>vi,</span> <span class='ocrx_word' id='word_1_237' title='bbox 217 1691 322 1724; x_wconf 91' lang='lat' dir='ltr'>necin</span> <span class='ocrx_word' id='word_1_238' title='bbox 336 1690 456 1734; x_wconf 90' lang='lat' dir='ltr'>longos</span> <span class='ocrx_word' id='word_1_239' title='bbox 474 1687 619 1733; x_wconf 66' lang='lat' dir='ltr'>profesto</span> <span class='ocrx_word' id='word_1_240' title='bbox 631 1689 699 1723; x_wconf 88' lang='lat' dir='ltr'>dies</span> <span class='ocrx_word' id='word_1_241' title='bbox 712 1712 722 1728; x_wconf 89' lang='lat'>,</span> <span class='ocrx_word' id='word_1_242' title='bbox 750 1688 903 1722; x_wconf 89' lang='lat' dir='ltr'>Domino</span> <span class='ocrx_word' id='word_1_243' title='bbox 914 1686 1072 1726; x_wconf 85' lang='lat' dir='ltr'>faciente,</span> 
     </span>
     <span class='ocr_line' id='line_1_33' title="bbox 130 1736 1072 1782; baseline -0.005 -8"><span class='ocrx_word' id='word_1_244' title='bbox 130 1740 294 1774; x_wconf 82' lang='lat' dir='ltr'>sermones</span> <span class='ocrx_word' id='word_1_245' title='bbox 320 1739 395 1774; x_wconf 82' lang='lat' dir='ltr'>vani</span> <span class='ocrx_word' id='word_1_246' title='bbox 422 1740 457 1772; x_wconf 90' lang='lat' dir='ltr'>in</span> <span class='ocrx_word' id='word_1_247' title='bbox 485 1749 632 1782; x_wconf 88' lang='lat' dir='ltr'>tempore</span> <span class='ocrx_word' id='word_1_248' title='bbox 667 1739 862 1772; x_wconf 75' lang='lat' dir='ltr'>visitationis</span> <span class='ocrx_word' id='word_1_249' title='bbox 884 1736 1035 1781; x_wconf 86' lang='lat' dir='ltr'>peribunt</span> <span class='ocrx_word' id='word_1_250' title='bbox 1062 1759 1072 1769; x_wconf 94' lang='lat'>.</span> 
     </span>
     <span class='ocr_line' id='line_1_34' title="bbox 131 1784 1076 1832; baseline -0.006 -9"><span class='ocrx_word' id='word_1_251' title='bbox 131 1788 221 1823; x_wconf 89' lang='lat' dir='ltr'>Cum</span> <span class='ocrx_word' id='word_1_252' title='bbox 234 1791 325 1823; x_wconf 89' lang='lat' dir='ltr'>enim</span> <span class='ocrx_word' id='word_1_253' title='bbox 344 1788 547 1832; x_wconf 85' lang='lat' dir='ltr'>particularis</span> <span class='ocrx_word' id='word_1_254' title='bbox 561 1787 709 1823; x_wconf 87' lang='lat' dir='ltr'>disceffio</span> <span class='ocrx_word' id='word_1_255' title='bbox 729 1787 867 1826; x_wconf 86' lang='lat' dir='ltr'>venerit,</span> <span class='ocrx_word' id='word_1_256' title='bbox 902 1787 937 1819; x_wconf 85' lang='lat'>&amp;</span> <span class='ocrx_word' id='word_1_257' title='bbox 958 1784 1076 1819; x_wconf 89' lang='lat' dir='ltr'>revela-</span> 
     </span>
     <span class='ocr_line' id='line_1_35' title="bbox 127 1833 1079 1881; baseline -0.008 -7"><span class='ocrx_word' id='word_1_258' title='bbox 127 1847 184 1874; x_wconf 82' lang='lat' dir='ltr'>tus</span> <span class='ocrx_word' id='word_1_259' title='bbox 193 1838 290 1873; x_wconf 87' lang='lat' dir='ltr'>fuerit</span> <span class='ocrx_word' id='word_1_260' title='bbox 301 1838 403 1872; x_wconf 90' lang='lat' dir='ltr'>homo</span> <span class='ocrx_word' id='word_1_261' title='bbox 415 1837 558 1881; x_wconf 77' lang='lat' dir='ltr'>peccati,</span> <span class='ocrx_word' id='word_1_262' title='bbox 585 1833 672 1871; x_wconf 79' lang='lat' dir='ltr'>filius</span> <span class='ocrx_word' id='word_1_263' title='bbox 684 1834 876 1880; x_wconf 83' lang='lat' dir='ltr'>perditionis</span> <span class='ocrx_word' id='word_1_264' title='bbox 888 1859 898 1874; x_wconf 87' lang='lat'><em>‚</em></span> <span class='ocrx_word' id='word_1_265' title='bbox 910 1834 950 1868; x_wconf 91' lang='lat' dir='ltr'>de</span> <span class='ocrx_word' id='word_1_266' title='bbox 959 1834 1079 1868; x_wconf 84' lang='lat' dir='ltr'>instan-</span> 
     </span>
     <span class='ocr_line' id='line_1_36' title="bbox 132 1883 1077 1932; baseline -0.005 -9"><span class='ocrx_word' id='word_1_267' title='bbox 132 1889 181 1924; x_wconf 76' lang='lat' dir='ltr'>tia</span> <span class='ocrx_word' id='word_1_268' title='bbox 193 1889 367 1923; x_wconf 88' lang='lat' dir='ltr'>Dominici</span> <span class='ocrx_word' id='word_1_269' title='bbox 378 1887 442 1922; x_wconf 92' lang='lat' dir='ltr'>diei</span> <span class='ocrx_word' id='word_1_270' title='bbox 458 1887 546 1921; x_wconf 88' lang='lat' dir='ltr'>nulla</span> <span class='ocrx_word' id='word_1_271' title='bbox 556 1887 690 1932; x_wconf 77' lang='lat' dir='ltr'>quaestio</span> <span class='ocrx_word' id='word_1_272' title='bbox 709 1886 755 1921; x_wconf 87' lang='lat' dir='ltr'>est</span> <span class='ocrx_word' id='word_1_273' title='bbox 767 1911 775 1919; x_wconf 94' lang='lat'>.</span> <span class='ocrx_word' id='word_1_274' title='bbox 803 1885 874 1920; x_wconf 90' lang='lat' dir='ltr'>Vos</span> <span class='ocrx_word' id='word_1_275' title='bbox 888 1896 997 1919; x_wconf 86' lang='lat' dir='ltr'>autem</span> <span class='ocrx_word' id='word_1_276' title='bbox 1018 1883 1077 1918; x_wconf 83' lang='lat' dir='ltr'>sta·</span> 
     </span>
     <span class='ocr_line' id='line_1_37' title="bbox 131 1927 1078 1981; baseline -0.007 -7"><span class='ocrx_word' id='word_1_277' title='bbox 131 1949 186 1981; x_wconf 84' lang='lat' dir='ltr'>tc,</span> <span class='ocrx_word' id='word_1_278' title='bbox 210 1938 492 1974; x_wconf 77' lang='lat' dir='ltr'>&amp;confortamini</span> <span class='ocrx_word' id='word_1_279' title='bbox 515 1938 548 1972; x_wconf 90' lang='lat' dir='ltr'>in</span> <span class='ocrx_word' id='word_1_280' title='bbox 572 1927 747 1978; x_wconf 86' lang='lat' dir='ltr'>Domino,</span> <span class='ocrx_word' id='word_1_281' title='bbox 774 1948 816 1971; x_wconf 88' lang='lat' dir='ltr'>ne</span> <span class='ocrx_word' id='word_1_282' title='bbox 826 1937 896 1971; x_wconf 89' lang='lat' dir='ltr'>dies</span> <span class='ocrx_word' id='word_1_283' title='bbox 918 1936 974 1969; x_wconf 89' lang='lat' dir='ltr'>ille</span> <span class='ocrx_word' id='word_1_284' title='bbox 1001 1944 1078 1967; x_wconf 90' lang='lat' dir='ltr'>tan-</span> 
     </span>
     <span class='ocr_line' id='line_1_38' title="bbox 131 1985 1079 2034; baseline -0.005 -11"><span class='ocrx_word' id='word_1_285' title='bbox 131 1989 231 2034; x_wconf 69' lang='lat' dir='ltr'>quam</span> <span class='ocrx_word' id='word_1_286' title='bbox 244 1991 364 2024; x_wconf 83' lang='lat' dir='ltr'>furvos</span> <span class='ocrx_word' id='word_1_287' title='bbox 377 1986 654 2032; x_wconf 87' lang='lat' dir='ltr'>comprehendat.</span> <span class='ocrx_word' id='word_1_288' title='bbox 684 1987 772 2021; x_wconf 89' lang='lat' dir='ltr'>Ecce</span> <span class='ocrx_word' id='word_1_289' title='bbox 795 1986 885 2021; x_wconf 88' lang='lat' dir='ltr'>enim</span> <span class='ocrx_word' id='word_1_290' title='bbox 910 1985 1001 2020; x_wconf 89' lang='lat' dir='ltr'>dedit</span> <span class='ocrx_word' id='word_1_291' title='bbox 1023 1995 1079 2018; x_wconf 88' lang='lat' dir='ltr'>vos</span> 
     </span>
     <span class='ocr_line' id='line_1_39' title="bbox 131 2036 1079 2078; baseline -0.005 -4"><span class='ocrx_word' id='word_1_292' title='bbox 131 2038 227 2074; x_wconf 81' lang='lat' dir='ltr'>Deus</span> <span class='ocrx_word' id='word_1_293' title='bbox 247 2039 348 2074; x_wconf 89' lang='lat' dir='ltr'>hodie</span> <span class='ocrx_word' id='word_1_294' title='bbox 369 2040 403 2073; x_wconf 91' lang='lat' dir='ltr'>in</span> <span class='ocrx_word' id='word_1_295' title='bbox 423 2038 591 2073; x_wconf 87' lang='lat' dir='ltr'>civitatem</span> <span class='ocrx_word' id='word_1_296' title='bbox 615 2038 778 2072; x_wconf 83' lang='lat' dir='ltr'>munitam</span> <span class='ocrx_word' id='word_1_297' title='bbox 793 2062 804 2078; x_wconf 91' lang='lat'>,</span> <span class='ocrx_word' id='word_1_298' title='bbox 831 2038 865 2071; x_wconf 89' lang='lat'>&amp;</span> <span class='ocrx_word' id='word_1_299' title='bbox 888 2036 1079 2071; x_wconf 85' lang='lat' dir='ltr'>columnam</span> 
     </span>
     <span class='ocr_line' id='line_1_40' title="bbox 132 2088 1078 2132; baseline -0.002 -9"><span class='ocrx_word' id='word_1_300' title='bbox 132 2088 266 2124; x_wconf 79' lang='lat' dir='ltr'>ferream</span> <span class='ocrx_word' id='word_1_301' title='bbox 278 2112 288 2129; x_wconf 90' lang='lat'>,</span> <span class='ocrx_word' id='word_1_302' title='bbox 315 2090 350 2124; x_wconf 75' lang='grc' dir='ltr'>ἀ</span> <span class='ocrx_word' id='word_1_303' title='bbox 371 2090 405 2123; x_wconf 92' lang='lat' dir='ltr'>in</span> <span class='ocrx_word' id='word_1_304' title='bbox 418 2100 547 2123; x_wconf 89' lang='lat' dir='ltr'>murum</span> <span class='ocrx_word' id='word_1_305' title='bbox 564 2099 689 2124; x_wconf 81' lang='lat' dir='ltr'>aeneum</span> <span class='ocrx_word' id='word_1_306' title='bbox 703 2088 795 2132; x_wconf 88' lang='lat' dir='ltr'>super</span> <span class='ocrx_word' id='word_1_307' title='bbox 804 2099 939 2122; x_wconf 87' lang='lat' dir='ltr'>omnem</span> <span class='ocrx_word' id='word_1_308' title='bbox 951 2098 1078 2127; x_wconf 87' lang='lat' dir='ltr'>terram,</span> 
     </span>
     <span class='ocr_line' id='line_1_41' title="bbox 134 2137 1080 2185; baseline -0.007 -10"><span class='ocrx_word' id='word_1_309' title='bbox 134 2139 223 2185; x_wconf 84' lang='lat' dir='ltr'>Regi</span> <span class='ocrx_word' id='word_1_310' title='bbox 235 2149 342 2181; x_wconf 76' lang='lat' dir='ltr'>terrae,</span> <span class='ocrx_word' id='word_1_311' title='bbox 368 2140 403 2174; x_wconf 69' lang='grc' dir='ltr'>ὅ(</span> <span class='ocrx_word' id='word_1_312' title='bbox 426 2138 633 2183; x_wconf 69' lang='lat' dir='ltr'>Principibus</span> <span class='ocrx_word' id='word_1_313' title='bbox 655 2137 743 2182; x_wconf 86' lang='lat' dir='ltr'>ejus,</span> <span class='ocrx_word' id='word_1_314' title='bbox 771 2139 804 2172; x_wconf 88' lang='lat'>&amp;</span> <span class='ocrx_word' id='word_1_315' title='bbox 818 2139 940 2182; x_wconf 87' lang='lat' dir='ltr'>populo</span> <span class='ocrx_word' id='word_1_316' title='bbox 958 2149 1047 2171; x_wconf 88' lang='lat' dir='ltr'>terrae</span> <span class='ocrx_word' id='word_1_317' title='bbox 1074 2161 1080 2168; x_wconf 94' lang='lat'><strong>.</strong></span> 
     </span>
     <span class='ocr_line' id='line_1_42' title="bbox 135 2188 1080 2232; baseline -0.004 -8"><span class='ocrx_word' id='word_1_318' title='bbox 135 2189 169 2224; x_wconf 81' lang='lat' dir='ltr'>si</span> <span class='ocrx_word' id='word_1_319' title='bbox 181 2189 375 2225; x_wconf 81' lang='lat' dir='ltr'>bellaverint</span> <span class='ocrx_word' id='word_1_320' title='bbox 385 2189 534 2224; x_wconf 78' lang='lat' dir='ltr'>adversus</span> <span class='ocrx_word' id='word_1_321' title='bbox 547 2200 605 2224; x_wconf 84' lang='lat' dir='ltr'>vos</span> <span class='ocrx_word' id='word_1_322' title='bbox 618 2213 629 2229; x_wconf 93' lang='lat'>,</span> <span class='ocrx_word' id='word_1_323' title='bbox 656 2201 723 2222; x_wconf 92' lang='lat' dir='ltr'>non</span> <span class='ocrx_word' id='word_1_324' title='bbox 737 2189 953 2232; x_wconf 83' lang='lat' dir='ltr'>praevalebunt</span> <span class='ocrx_word' id='word_1_325' title='bbox 966 2212 977 2228; x_wconf 93' lang='lat'>‚</span> <span class='ocrx_word' id='word_1_326' title='bbox 1003 2188 1080 2231; x_wconf 88' lang='lat' dir='ltr'>quia</span> 
     </span>
     <span class='ocr_line' id='line_1_43' title="bbox 135 2238 1080 2276; baseline -0.005 0"><span class='ocrx_word' id='word_1_327' title='bbox 135 2241 306 2276; x_wconf 84' lang='lat' dir='ltr'>Dominus</span> <span class='ocrx_word' id='word_1_328' title='bbox 331 2240 394 2274; x_wconf 90' lang='lat' dir='ltr'>erit</span> <span class='ocrx_word' id='word_1_329' title='bbox 417 2240 607 2273; x_wconf 88' lang='lat' dir='ltr'>vobiscum.</span> <span class='ocrx_word' id='word_1_330' title='bbox 635 2238 743 2274; x_wconf 90' lang='lat' dir='ltr'>Unde</span> <span class='ocrx_word' id='word_1_331' title='bbox 756 2249 815 2272; x_wconf 87' lang='lat' dir='ltr'>nos</span> <span class='ocrx_word' id='word_1_332' title='bbox 840 2239 882 2273; x_wconf 90' lang='lat' dir='ltr'>de</span> <span class='ocrx_word' id='word_1_333' title='bbox 892 2238 1080 2272; x_wconf 87' lang='lat' dir='ltr'>obedientia</span> 
     </span>
     <span class='ocr_line' id='line_1_44' title="bbox 137 2288 1081 2330; baseline -0.001 -8"><span class='ocrx_word' id='word_1_334' title='bbox 137 2289 238 2323; x_wconf 82' lang='lat' dir='ltr'>vestra</span> <span class='ocrx_word' id='word_1_335' title='bbox 252 2302 319 2325; x_wconf 91' lang='lat' dir='ltr'>non</span> <span class='ocrx_word' id='word_1_336' title='bbox 332 2290 507 2324; x_wconf 78' lang='lat' dir='ltr'>minimum</span> <span class='ocrx_word' id='word_1_337' title='bbox 520 2288 744 2330; x_wconf 86' lang='lat' dir='ltr'>confidentes,</span> <span class='ocrx_word' id='word_1_338' title='bbox 769 2289 906 2325; x_wconf 80' lang='lat' dir='ltr'>firmiter</span> <span class='ocrx_word' id='word_1_339' title='bbox 917 2288 1010 2323; x_wconf 85' lang='lat' dir='ltr'>vobis</span> <span class='ocrx_word' id='word_1_340' title='bbox 1033 2288 1081 2322; x_wconf 85' lang='lat' dir='ltr'>in-</span> 
     </span>
     <span class='ocr_line' id='line_1_45' title="bbox 136 2337 1080 2384; baseline -0.002 -11"><span class='ocrx_word' id='word_1_341' title='bbox 136 2340 306 2384; x_wconf 72' lang='lat' dir='ltr'>jungimus</span> <span class='ocrx_word' id='word_1_342' title='bbox 319 2364 330 2380; x_wconf 92' lang='lat'>,</span> <span class='ocrx_word' id='word_1_343' title='bbox 355 2339 434 2374; x_wconf 87' lang='lat' dir='ltr'>&amp;in</span> <span class='ocrx_word' id='word_1_344' title='bbox 456 2341 575 2374; x_wconf 85' lang='lat' dir='ltr'>virtute</span> <span class='ocrx_word' id='word_1_345' title='bbox 595 2338 790 2374; x_wconf 66' lang='lat' dir='ltr'>obedientie</span> <span class='ocrx_word' id='word_1_346' title='bbox 807 2340 953 2384; x_wconf 76' lang='lat' dir='ltr'>praecepti</span> <span class='ocrx_word' id='word_1_347' title='bbox 979 2337 1080 2372; x_wconf 82' lang='lat' dir='ltr'>nostri</span> 
     </span>
     <span class='ocr_line' id='line_1_46' title="bbox 137 2387 1074 2434; baseline 0 -12"><span class='ocrx_word' id='word_1_348' title='bbox 137 2389 335 2425; x_wconf 79' lang='lat' dir='ltr'>authoritate</span> <span class='ocrx_word' id='word_1_349' title='bbox 346 2387 532 2425; x_wconf 89' lang='lat' dir='ltr'>inhibemus</span> <span class='ocrx_word' id='word_1_350' title='bbox 542 2413 554 2430; x_wconf 91' lang='lat'>,</span> <span class='ocrx_word' id='word_1_351' title='bbox 579 2399 621 2423; x_wconf 86' lang='lat' dir='ltr'>ne</span> <span class='ocrx_word' id='word_1_352' title='bbox 635 2390 670 2423; x_wconf 90' lang='lat' dir='ltr'>in</span> <span class='ocrx_word' id='word_1_353' title='bbox 679 2395 790 2423; x_wconf 77' lang='lat' dir='ltr'>‘novas&#39;</span> <span class='ocrx_word' id='word_1_354' title='bbox 796 2388 1016 2434; x_wconf 83' lang='lat' dir='ltr'>obligationes</span> <span class='ocrx_word' id='word_1_355' title='bbox 1029 2388 1074 2431; x_wconf 80' lang='lat' dir='ltr'>ju·</span> 
     </span>
     <span class='ocr_line' id='line_1_47' title="bbox 123 2439 1080 2483; baseline -0.003 -9"><span class='ocrx_word' id='word_1_356' title='bbox 123 2440 274 2474; x_wconf 72' lang='lat' dir='ltr'>&#39;umenti</span> <span class='ocrx_word' id='word_1_357' title='bbox 288 2464 300 2480; x_wconf 91' lang='lat'>,</span> <span class='ocrx_word' id='word_1_358' title='bbox 328 2442 381 2473; x_wconf 90' lang='lat' dir='ltr'>seu</span> <span class='ocrx_word' id='word_1_359' title='bbox 392 2440 493 2473; x_wconf 83' lang='lat' dir='ltr'>etiam</span> <span class='ocrx_word' id='word_1_360' title='bbox 505 2439 756 2483; x_wconf 85' lang='lat' dir='ltr'>pollicitationis</span> <span class='ocrx_word' id='word_1_361' title='bbox 766 2439 783 2472; x_wconf 73' lang='lat' dir='ltr'>a</span> <span class='ocrx_word' id='word_1_362' title='bbox 798 2439 892 2474; x_wconf 88' lang='lat' dir='ltr'>nobis</span> <span class='ocrx_word' id='word_1_363' title='bbox 901 2441 1019 2474; x_wconf 61' lang='lat' dir='ltr'>exasiae</span> <span class='ocrx_word' id='word_1_364' title='bbox 1030 2439 1080 2472; x_wconf 92' lang='lat' dir='ltr'>de·</span> 
     </span>
     <span class='ocr_line' id='line_1_48' title="bbox 136 2488 1082 2534; baseline -0.003 -10"><span class='ocrx_word' id='word_1_365' title='bbox 136 2490 286 2524; x_wconf 86' lang='lat' dir='ltr'>clinetis.</span> <span class='ocrx_word' id='word_1_366' title='bbox 315 2488 478 2534; x_wconf 83' lang='lat' dir='ltr'>Alioquin</span> <span class='ocrx_word' id='word_1_367' title='bbox 490 2499 568 2529; x_wconf 85' lang='lat' dir='ltr'>vos,</span> <span class='ocrx_word' id='word_1_368' title='bbox 581 2489 671 2531; x_wconf 87' lang='lat' dir='ltr'>quod</span> <span class='ocrx_word' id='word_1_369' title='bbox 684 2489 776 2523; x_wconf 89' lang='lat' dir='ltr'>Deus</span> <span class='ocrx_word' id='word_1_370' title='bbox 786 2499 909 2524; x_wconf 82' lang='lat' dir='ltr'>avertat</span> <span class='ocrx_word' id='word_1_371' title='bbox 921 2514 932 2530; x_wconf 92' lang='lat'><em>‚</em></span> <span class='ocrx_word' id='word_1_372' title='bbox 959 2490 992 2522; x_wconf 91' lang='lat' dir='ltr'>in</span> <span class='ocrx_word' id='word_1_373' title='bbox 1010 2490 1082 2522; x_wconf 90' lang='lat' dir='ltr'>ino-</span> 
     </span>
     <span class='ocr_line' id='line_1_49' title="bbox 138 2539 1081 2583; baseline -0.002 -9"><span class='ocrx_word' id='word_1_374' title='bbox 138 2539 313 2574; x_wconf 85' lang='lat' dir='ltr'>bedientiae</span> <span class='ocrx_word' id='word_1_375' title='bbox 328 2549 451 2573; x_wconf 85' lang='lat' dir='ltr'>reatum</span> <span class='ocrx_word' id='word_1_376' title='bbox 463 2539 627 2583; x_wconf 85' lang='lat' dir='ltr'>prolapsos</span> <span class='ocrx_word' id='word_1_377' title='bbox 650 2539 789 2573; x_wconf 86' lang='lat' dir='ltr'>adducet</span> <span class='ocrx_word' id='word_1_378' title='bbox 811 2540 981 2574; x_wconf 84' lang='lat' dir='ltr'>Dominus</span> <span class='ocrx_word' id='word_1_379' title='bbox 1003 2549 1081 2572; x_wconf 90' lang='lat' dir='ltr'>cum</span> 
     </span>
     <span class='ocr_line' id='line_1_50' title="bbox 138 2588 1083 2634; baseline -0.003 -9"><span class='ocrx_word' id='word_1_380' title='bbox 138 2589 354 2634; x_wconf 84' lang='lat' dir='ltr'>operantibus</span> <span class='ocrx_word' id='word_1_381' title='bbox 369 2588 594 2631; x_wconf 87' lang='lat' dir='ltr'>iniquitatem.</span> <span class='ocrx_word' id='word_1_382' title='bbox 621 2590 676 2623; x_wconf 87' lang='lat' dir='ltr'>De</span> <span class='ocrx_word' id='word_1_383' title='bbox 694 2600 808 2624; x_wconf 77' lang='lat' dir='ltr'>caetero</span> <span class='ocrx_word' id='word_1_384' title='bbox 829 2591 940 2625; x_wconf 81' lang='lat' dir='ltr'>fratres</span> <span class='ocrx_word' id='word_1_385' title='bbox 952 2599 1046 2623; x_wconf 87' lang='lat' dir='ltr'>orate</span> <span class='ocrx_word' id='word_1_386' title='bbox 1072 2613 1083 2629; x_wconf 92' lang='lat'>,</span> 
     </span>
     <span class='ocr_line' id='line_1_51' title="bbox 139 2637 1084 2682; baseline -0.004 -7"><span class='ocrx_word' id='word_1_387' title='bbox 139 2652 178 2675; x_wconf 89' lang='lat' dir='ltr'>ut</span> <span class='ocrx_word' id='word_1_388' title='bbox 195 2639 383 2675; x_wconf 89' lang='lat' dir='ltr'>rumoribus</span> <span class='ocrx_word' id='word_1_389' title='bbox 394 2637 638 2682; x_wconf 86' lang='lat' dir='ltr'>falsiloquorum</span> <span class='ocrx_word' id='word_1_390' title='bbox 651 2638 823 2680; x_wconf 84' lang='lat' dir='ltr'>oppreffis,</span> <span class='ocrx_word' id='word_1_391' title='bbox 850 2641 884 2673; x_wconf 75' lang='grc' dir='ltr'>δι</span> <span class='ocrx_word' id='word_1_392' title='bbox 895 2639 1084 2682; x_wconf 90' lang='lat' dir='ltr'>multiplicis</span> 
     </span>
     <span class='ocr_line' id='line_1_52' title="bbox 141 2686 1085 2728; baseline -0.004 -2"><span class='ocrx_word' id='word_1_393' title='bbox 141 2691 364 2727; x_wconf 69' lang='lat' dir='ltr'>fraudulentiae</span> <span class='ocrx_word' id='word_1_394' title='bbox 375 2688 484 2728; x_wconf 87' lang='lat' dir='ltr'>dolis,</span> <span class='ocrx_word' id='word_1_395' title='bbox 511 2688 625 2722; x_wconf 88' lang='lat' dir='ltr'>veritas</span> <span class='ocrx_word' id='word_1_396' title='bbox 636 2686 702 2721; x_wconf 91' lang='lat' dir='ltr'>Dei</span> <span class='ocrx_word' id='word_1_397' title='bbox 721 2698 850 2728; x_wconf 85' lang='lat' dir='ltr'>currat,</span> <span class='ocrx_word' id='word_1_398' title='bbox 876 2688 911 2722; x_wconf 74' lang='grc' dir='ltr'>δε</span> <span class='ocrx_word' id='word_1_399' title='bbox 933 2688 1085 2724; x_wconf 83' lang='lat' dir='ltr'>clarifice—</span> 
     </span>
     <span class='ocr_line' id='line_1_53' title="bbox 141 2737 1084 2785; baseline -0.004 -9"><span class='ocrx_word' id='word_1_400' title='bbox 141 2751 197 2777; x_wconf 84' lang='lat' dir='ltr'>tur</span> <span class='ocrx_word' id='word_1_401' title='bbox 209 2752 262 2785; x_wconf 89' lang='lat' dir='ltr'>per</span> <span class='ocrx_word' id='word_1_402' title='bbox 275 2751 334 2774; x_wconf 88' lang='lat' dir='ltr'>nos</span> <span class='ocrx_word' id='word_1_403' title='bbox 345 2764 357 2781; x_wconf 94' lang='lat'>,</span> <span class='ocrx_word' id='word_1_404' title='bbox 382 2739 602 2774; x_wconf 88' lang='lat' dir='ltr'>&amp;liberemur</span> <span class='ocrx_word' id='word_1_405' title='bbox 613 2738 654 2772; x_wconf 92' lang='lat' dir='ltr'>ab</span> <span class='ocrx_word' id='word_1_406' title='bbox 673 2738 870 2781; x_wconf 82' lang='lat' dir='ltr'>importunis</span> <span class='ocrx_word' id='word_1_407' title='bbox 880 2739 912 2773; x_wconf 88' lang='lat'>&amp;</span> <span class='ocrx_word' id='word_1_408' title='bbox 924 2738 1017 2772; x_wconf 89' lang='lat' dir='ltr'>malis</span> <span class='ocrx_word' id='word_1_409' title='bbox 1029 2737 1084 2772; x_wconf 89' lang='lat' dir='ltr'>ho·</span> 
     </span>
     <span class='ocr_line' id='line_1_54' title="bbox 142 2789 1087 2834; baseline -0.005 -7"><span class='ocrx_word' id='word_1_410' title='bbox 142 2791 289 2827; x_wconf 85' lang='lat' dir='ltr'>minibus</span> <span class='ocrx_word' id='word_1_411' title='bbox 309 2814 321 2831; x_wconf 90' lang='lat'>,</span> <span class='ocrx_word' id='word_1_412' title='bbox 357 2791 411 2834; x_wconf 90' lang='lat' dir='ltr'>qui</span> <span class='ocrx_word' id='word_1_413' title='bbox 437 2789 560 2833; x_wconf 78' lang='lat' dir='ltr'>jamdiu</span> <span class='ocrx_word' id='word_1_414' title='bbox 581 2790 749 2823; x_wconf 89' lang='lat' dir='ltr'>veritatem</span> <span class='ocrx_word' id='word_1_415' title='bbox 770 2789 834 2823; x_wconf 90' lang='lat' dir='ltr'>Dei</span> <span class='ocrx_word' id='word_1_416' title='bbox 858 2790 891 2822; x_wconf 90' lang='lat' dir='ltr'>in</span> <span class='ocrx_word' id='word_1_417' title='bbox 913 2789 1087 2823; x_wconf 88' lang='lat' dir='ltr'>mendacio</span> 
     </span>
     <span class='ocr_line' id='line_1_55' title="bbox 142 2838 1087 2883; baseline -0.003 -8"><span class='ocrx_word' id='word_1_418' title='bbox 142 2843 375 2876; x_wconf 86' lang='lat' dir='ltr'>detinuerunt.</span> <span class='ocrx_word' id='word_1_419' title='bbox 407 2840 451 2874; x_wconf 87' lang='lat' dir='ltr'>Et</span> <span class='ocrx_word' id='word_1_420' title='bbox 463 2839 572 2874; x_wconf 86' lang='lat' dir='ltr'>Deum</span> <span class='ocrx_word' id='word_1_421' title='bbox 589 2838 795 2883; x_wconf 81' lang='lat' dir='ltr'>patientiae&amp;</span> <span class='ocrx_word' id='word_1_422' title='bbox 806 2838 911 2872; x_wconf 91' lang='lat' dir='ltr'>solatii</span> <span class='ocrx_word' id='word_1_423' title='bbox 925 2838 981 2872; x_wconf 90' lang='lat' dir='ltr'>det</span> <span class='ocrx_word' id='word_1_424' title='bbox 995 2838 1087 2872; x_wconf 89' lang='lat' dir='ltr'>vobis</span> 
     </span>
     <span class='ocr_line' id='line_1_56' title="bbox 144 2887 1087 2936; baseline -0.003 -11"><span class='ocrx_word' id='word_1_425' title='bbox 144 2891 178 2925; x_wconf 82' lang='lat' dir='ltr'>id</span> <span class='ocrx_word' id='word_1_426' title='bbox 191 2893 296 2935; x_wconf 80' lang='lat' dir='ltr'>sapere</span> <span class='ocrx_word' id='word_1_427' title='bbox 309 2892 343 2925; x_wconf 90' lang='lat' dir='ltr'>in</span> <span class='ocrx_word' id='word_1_428' title='bbox 353 2891 541 2936; x_wconf 74' lang='lat' dir='ltr'>alterutrum</span> <span class='ocrx_word' id='word_1_429' title='bbox 559 2914 569 2930; x_wconf 93' lang='lat'>‚</span> <span class='ocrx_word' id='word_1_430' title='bbox 597 2887 771 2923; x_wconf 74' lang='lat' dir='ltr'>secundum</span> <span class='ocrx_word' id='word_1_431' title='bbox 786 2889 891 2932; x_wconf 75' lang='lat' dir='ltr'>Iesum</span> <span class='ocrx_word' id='word_1_432' title='bbox 906 2887 1087 2928; x_wconf 85' lang='lat' dir='ltr'>Christum,</span> 
     </span>
     <span class='ocr_line' id='line_1_57' title="bbox 145 2939 1087 2982; baseline -0.003 -7"><span class='ocrx_word' id='word_1_433' title='bbox 145 2950 182 2975; x_wconf 87' lang='lat' dir='ltr'>ut</span> <span class='ocrx_word' id='word_1_434' title='bbox 201 2951 298 2975; x_wconf 88' lang='lat' dir='ltr'>onera</span> <span class='ocrx_word' id='word_1_435' title='bbox 320 2941 427 2975; x_wconf 85' lang='lat' dir='ltr'>nostra</span> <span class='ocrx_word' id='word_1_436' title='bbox 449 2940 589 2974; x_wconf 90' lang='lat' dir='ltr'>invicem</span> <span class='ocrx_word' id='word_1_437' title='bbox 616 2949 797 2982; x_wconf 87' lang='lat' dir='ltr'>portantes,</span> <span class='ocrx_word' id='word_1_438' title='bbox 824 2940 996 2973; x_wconf 88' lang='lat' dir='ltr'>unanimes</span> <span class='ocrx_word' id='word_1_439' title='bbox 1018 2964 1029 2981; x_wconf 92' lang='lat'>,</span> <span class='ocrx_word' id='word_1_440' title='bbox 1055 2939 1087 2972; x_wconf 74' lang='grc' dir='ltr'>ὅ(</span> 
     </span>
     <span class='ocr_line' id='line_1_58' title="bbox 145 2989 1084 3033; baseline -0.002 -9"><span class='ocrx_word' id='word_1_441' title='bbox 145 3002 215 3025; x_wconf 89' lang='lat' dir='ltr'>uno</span> <span class='ocrx_word' id='word_1_442' title='bbox 235 3001 291 3024; x_wconf 90' lang='lat' dir='ltr'>ore</span> <span class='ocrx_word' id='word_1_443' title='bbox 303 2989 557 3024; x_wconf 83' lang='lat' dir='ltr'>honorificemus</span> <span class='ocrx_word' id='word_1_444' title='bbox 570 2989 698 3024; x_wconf 90' lang='lat' dir='ltr'>Patrem</span> <span class='ocrx_word' id='word_1_445' title='bbox 722 2989 861 3023; x_wconf 88' lang='lat' dir='ltr'>Domini</span> <span class='ocrx_word' id='word_1_446' title='bbox 885 2989 985 3024; x_wconf 87' lang='lat' dir='ltr'>nostri</span> <span class='ocrx_word' id='word_1_447' title='bbox 1013 2990 1084 3033; x_wconf 72' lang='lat' dir='ltr'>Iesu</span> 
     </span>
     <span class='ocr_line' id='line_1_59' title="bbox 146 3039 1088 3083; baseline -0.002 -8"><span class='ocrx_word' id='word_1_448' title='bbox 146 3040 295 3080; x_wconf 82' lang='lat' dir='ltr'>Christi,</span> <span class='ocrx_word' id='word_1_449' title='bbox 309 3041 343 3074; x_wconf 75' lang='grc' dir='ltr'>δε</span> <span class='ocrx_word' id='word_1_450' title='bbox 354 3040 510 3083; x_wconf 86' lang='lat' dir='ltr'>Sponsam</span> <span class='ocrx_word' id='word_1_451' title='bbox 520 3039 586 3082; x_wconf 76' lang='lat' dir='ltr'>ejus</span> <span class='ocrx_word' id='word_1_452' title='bbox 597 3039 737 3076; x_wconf 87' lang='lat' dir='ltr'>Matrem</span> <span class='ocrx_word' id='word_1_453' title='bbox 749 3039 890 3074; x_wconf 87' lang='lat' dir='ltr'>nostram</span> <span class='ocrx_word' id='word_1_454' title='bbox 900 3064 911 3081; x_wconf 94' lang='lat'>,</span> <span class='ocrx_word' id='word_1_455' title='bbox 938 3040 1088 3075; x_wconf 69' lang='lat' dir='ltr'>SanCiam</span> 
     </span>
     <span class='ocr_line' id='line_1_60' title="bbox 144 3089 627 3135; baseline -0.008 -9"><span class='ocrx_word' id='word_1_456' title='bbox 144 3091 180 3126; x_wconf 65' lang='grc' dir='ltr'>ὅ(</span> <span class='ocrx_word' id='word_1_457' title='bbox 193 3090 423 3135; x_wconf 83' lang='lat' dir='ltr'>Apostolicam</span> <span class='ocrx_word' id='word_1_458' title='bbox 435 3089 608 3125; x_wconf 75' lang='lat' dir='ltr'>Ecclesiam</span> <span class='ocrx_word' id='word_1_459' title='bbox 620 3115 627 3122; x_wconf 94' lang='lat'>.</span> 
     </span>
    </p>
   </div>
   <div class='ocr_carea' id='block_1_9' title="bbox 192 3178 1037 3336">
    <p class='ocr_par' dir='ltr' id='par_1_9' title="bbox 192 3178 1037 3336">
     <span class='ocr_line' id='line_1_61' title="bbox 273 3178 961 3225; baseline -0.001 0"><span class='ocrx_word' id='word_1_460' title='bbox 273 3188 679 3225; x_wconf 79' lang='lat' dir='ltr'>EplsToLA</span> <span class='ocrx_word' id='word_1_461' title='bbox 756 3178 961 3225; x_wconf 85' lang='lat' dir='ltr'><strong>xxx1v.</strong></span> 
     </span>
     <span class='ocr_line' id='line_1_62' title="bbox 192 3286 1037 3336; baseline 0.001 -14"><span class='ocrx_word' id='word_1_462' title='bbox 192 3293 332 3336; x_wconf 76' lang='lat' dir='ltr'>Joannis</span> <span class='ocrx_word' id='word_1_463' title='bbox 357 3286 582 3329; x_wconf 73' lang='lat' dir='ltr'>Saresberienfis</span> <span class='ocrx_word' id='word_1_464' title='bbox 612 3292 780 3325; x_wconf 76' lang='lat' dir='ltr'>conventui</span> <span class='ocrx_word' id='word_1_465' title='bbox 805 3289 1037 3333; x_wconf 80' lang='lat' dir='ltr'>Cantuaerienfi.</span> 
     </span>
    </p>
   </div>
   <div class='ocr_carea' id='block_1_10' title="bbox 259 3383 1089 3484">
    <p class='ocr_par' dir='ltr' id='par_1_10' title="bbox 259 3383 1089 3484">
     <span class='ocr_line' id='line_1_63' title="bbox 259 3383 1089 3435; baseline 0.002 -13"><span class='ocrx_word' id='word_1_466' title='bbox 259 3387 457 3423; x_wconf 82' lang='lat' dir='ltr'>ESTRAM</span> <span class='ocrx_word' id='word_1_467' title='bbox 486 3388 616 3433; x_wconf 71' lang='lat' dir='ltr'>saepius,</span> <span class='ocrx_word' id='word_1_468' title='bbox 628 3389 649 3422; x_wconf 86' lang='lat' dir='ltr'>si</span> <span class='ocrx_word' id='word_1_469' title='bbox 664 3383 824 3426; x_wconf 78' lang='lat' dir='ltr'>reminisci</span> <span class='ocrx_word' id='word_1_470' title='bbox 839 3391 946 3435; x_wconf 76' lang='lat' dir='ltr'>placet</span> <span class='ocrx_word' id='word_1_471' title='bbox 960 3416 971 3433; x_wconf 92' lang='lat'>,</span> <span class='ocrx_word' id='word_1_472' title='bbox 999 3401 1089 3425; x_wconf 90' lang='lat' dir='ltr'>com-</span> 
     </span>
     <span class='ocr_line' id='line_1_64' title="bbox 280 3440 1083 3484; baseline 0 -9"><span class='ocrx_word' id='word_1_473' title='bbox 280 3441 396 3476; x_wconf 87' lang='lat' dir='ltr'>monui</span> <span class='ocrx_word' id='word_1_474' title='bbox 412 3440 601 3476; x_wconf 86' lang='lat' dir='ltr'>charitatem</span> <span class='ocrx_word' id='word_1_475' title='bbox 613 3464 624 3481; x_wconf 87' lang='lat'>,</span> <span class='ocrx_word' id='word_1_476' title='bbox 651 3440 809 3484; x_wconf 74' lang='lat' dir='ltr'>quatenus</span> <span class='ocrx_word' id='word_1_477' title='bbox 822 3441 909 3478; x_wconf 83' lang='lat' dir='ltr'>Patri</span> <span class='ocrx_word' id='word_1_478' title='bbox 934 3441 1037 3476; x_wconf 76' lang='lat' dir='ltr'>vestro</span> <span class='ocrx_word' id='word_1_479' title='bbox 1050 3440 1083 3474; x_wconf 87' lang='lat'>&amp;</span> 
     </span>
    </p>
   </div>
   <div class='ocr_carea' id='block_1_11' title="bbox 1130 180 2082 1284">
    <p class='ocr_par' dir='ltr' id='par_1_11' title="bbox 1130 180 2082 1284">
     <span class='ocr_line' id='line_1_65' title="bbox 1132 180 2074 239; baseline 0.005 -19"><span class='ocrx_word' id='word_1_480' title='bbox 1132 182 1306 224; x_wconf 76' lang='lat' dir='ltr'>Domino,</span> <span class='ocrx_word' id='word_1_481' title='bbox 1332 191 1392 225; x_wconf 88' lang='lat' dir='ltr'>pro</span> <span class='ocrx_word' id='word_1_482' title='bbox 1407 180 1557 217; x_wconf 84' lang='lat' dir='ltr'>libertate</span> <span class='ocrx_word' id='word_1_483' title='bbox 1570 183 1718 223; x_wconf 82' lang='lat' dir='ltr'>Ecclefiae</span> <span class='ocrx_word' id='word_1_484' title='bbox 1735 201 1878 239; x_wconf 68' lang='lat' dir='ltr'>agonem</span> <span class='ocrx_word' id='word_1_485' title='bbox 1889 194 1925 230; x_wconf 71' lang='lat' dir='ltr'>in</span> <span class='ocrx_word' id='word_1_486' title='bbox 1946 198 2074 233; x_wconf 65' lang='lat' dir='ltr'>sextum</span> 
     </span>
     <span class='ocr_line' id='line_1_66' title="bbox 1131 230 2073 292; baseline 0.005 -23"><span class='ocrx_word' id='word_1_487' title='bbox 1131 244 1254 269; x_wconf 87' lang='lat' dir='ltr'>annum</span> <span class='ocrx_word' id='word_1_488' title='bbox 1267 257 1279 274; x_wconf 93' lang='lat'>,</span> <span class='ocrx_word' id='word_1_489' title='bbox 1304 231 1397 276; x_wconf 86' lang='lat' dir='ltr'>quod</span> <span class='ocrx_word' id='word_1_490' title='bbox 1433 230 1590 268; x_wconf 63' lang='lat' dir='ltr'>haetenus</span> <span class='ocrx_word' id='word_1_491' title='bbox 1607 237 1718 279; x_wconf 85' lang='lat' dir='ltr'>exegit</span> <span class='ocrx_word' id='word_1_492' title='bbox 1742 245 1929 287; x_wconf 67' lang='lat' dir='ltr'>neceffitas,</span> <span class='ocrx_word' id='word_1_493' title='bbox 1952 257 2073 292; x_wconf 69' lang='lat' dir='ltr'>prom.</span> 
     </span>
     <span class='ocr_line' id='line_1_67' title="bbox 1131 283 2071 338; baseline 0.003 -20"><span class='ocrx_word' id='word_1_494' title='bbox 1131 284 1245 325; x_wconf 79' lang='lat' dir='ltr'>henti,</span> <span class='ocrx_word' id='word_1_495' title='bbox 1272 283 1434 324; x_wconf 85' lang='lat' dir='ltr'>fideliter,</span> <span class='ocrx_word' id='word_1_496' title='bbox 1459 293 1496 318; x_wconf 90' lang='lat' dir='ltr'>ut</span> <span class='ocrx_word' id='word_1_497' title='bbox 1519 284 1714 327; x_wconf 84' lang='lat' dir='ltr'>oportebat,</span> <span class='ocrx_word' id='word_1_498' title='bbox 1741 292 1917 331; x_wconf 63' lang='lat' dir='ltr'>affisteretis</span> <span class='ocrx_word' id='word_1_499' title='bbox 1940 322 1951 338; x_wconf 64' lang='lat'>‚</span> <span class='ocrx_word' id='word_1_500' title='bbox 1976 298 2011 333; x_wconf 62' lang='lat' dir='ltr'>gc</span> <span class='ocrx_word' id='word_1_501' title='bbox 2035 309 2071 333; x_wconf 64' lang='lat' dir='ltr'>ut</span> 
     </span>
     <span class='ocr_line' id='line_1_68' title="bbox 1130 334 2071 387; baseline 0.003 -16"><span class='ocrx_word' id='word_1_502' title='bbox 1130 334 1417 371; x_wconf 84' lang='lat' dir='ltr'>communicaretis</span> <span class='ocrx_word' id='word_1_503' title='bbox 1426 334 1667 369; x_wconf 77' lang='lat' dir='ltr'>neceffitatibus</span> <span class='ocrx_word' id='word_1_504' title='bbox 1678 346 1790 371; x_wconf 90' lang='lat' dir='ltr'>eorum</span> <span class='ocrx_word' id='word_1_505' title='bbox 1802 364 1812 380; x_wconf 90' lang='lat'>,</span> <span class='ocrx_word' id='word_1_506' title='bbox 1838 347 1894 387; x_wconf 72' lang='lat' dir='ltr'>qui</span> <span class='ocrx_word' id='word_1_507' title='bbox 1916 348 2071 383; x_wconf 80' lang='lat' dir='ltr'>acerbita-</span> 
     </span>
     <span class='ocr_line' id='line_1_69' title="bbox 1132 384 2075 433; baseline 0.005 -13"><span class='ocrx_word' id='word_1_508' title='bbox 1132 396 1180 420; x_wconf 86' lang='lat' dir='ltr'>tes</span> <span class='ocrx_word' id='word_1_509' title='bbox 1194 384 1310 424; x_wconf 84' lang='lat' dir='ltr'>exilii,</span> <span class='ocrx_word' id='word_1_510' title='bbox 1338 384 1581 429; x_wconf 89' lang='lat' dir='ltr'>proscriptionis</span> <span class='ocrx_word' id='word_1_511' title='bbox 1605 385 1758 428; x_wconf 83' lang='lat' dir='ltr'>injurias,</span> <span class='ocrx_word' id='word_1_512' title='bbox 1784 398 1998 433; x_wconf 83' lang='lat' dir='ltr'>contumelias</span> <span class='ocrx_word' id='word_1_513' title='bbox 2019 399 2075 433; x_wconf 69' lang='lat' dir='ltr'>de.</span> 
     </span>
     <span class='ocr_line' id='line_1_70' title="bbox 1132 434 2073 482; baseline 0.007 -12"><span class='ocrx_word' id='word_1_514' title='bbox 1132 434 1332 471; x_wconf 86' lang='lat' dir='ltr'>trahentium</span> <span class='ocrx_word' id='word_1_515' title='bbox 1347 459 1358 476; x_wconf 93' lang='lat'>,</span> <span class='ocrx_word' id='word_1_516' title='bbox 1385 435 1625 479; x_wconf 83' lang='lat' dir='ltr'>persecutorum</span> <span class='ocrx_word' id='word_1_517' title='bbox 1647 436 1811 472; x_wconf 82' lang='lat' dir='ltr'>molestias</span> <span class='ocrx_word' id='word_1_518' title='bbox 1833 463 1844 479; x_wconf 89' lang='lat'>,</span> <span class='ocrx_word' id='word_1_519' title='bbox 1871 451 1913 475; x_wconf 86' lang='lat' dir='ltr'>ne</span> <span class='ocrx_word' id='word_1_520' title='bbox 1931 446 2073 482; x_wconf 70' lang='lat' dir='ltr'>furorem</span> 
     </span>
     <span class='ocr_line' id='line_1_71' title="bbox 1130 485 2075 530; baseline 0.01 -10"><span class='ocrx_word' id='word_1_521' title='bbox 1130 485 1293 526; x_wconf 80' lang='lat' dir='ltr'>dixerim,</span> <span class='ocrx_word' id='word_1_522' title='bbox 1318 496 1376 528; x_wconf 86' lang='lat' dir='ltr'>pro</span> <span class='ocrx_word' id='word_1_523' title='bbox 1397 485 1498 519; x_wconf 92' lang='lat' dir='ltr'>verbo</span> <span class='ocrx_word' id='word_1_524' title='bbox 1522 486 1664 520; x_wconf 85' lang='lat' dir='ltr'>Domini</span> <span class='ocrx_word' id='word_1_525' title='bbox 1692 489 1917 530; x_wconf 85' lang='lat' dir='ltr'>pertulerunt.</span> <span class='ocrx_word' id='word_1_526' title='bbox 1947 493 1989 527; x_wconf 92' lang='lat' dir='ltr'>Et</span> <span class='ocrx_word' id='word_1_527' title='bbox 2014 499 2075 530; x_wconf 80' lang='lat' dir='ltr'>uti-</span> 
     </span>
     <span class='ocr_line' id='line_1_72' title="bbox 1131 533 2077 579; baseline 0.008 -9"><span class='ocrx_word' id='word_1_528' title='bbox 1131 547 1210 573; x_wconf 85' lang='lat' dir='ltr'>nam</span> <span class='ocrx_word' id='word_1_529' title='bbox 1231 536 1378 571; x_wconf 83' lang='lat' dir='ltr'>salutaria</span> <span class='ocrx_word' id='word_1_530' title='bbox 1404 536 1439 572; x_wconf 83' lang='lat'>&amp;</span> <span class='ocrx_word' id='word_1_531' title='bbox 1459 533 1595 570; x_wconf 85' lang='lat' dir='ltr'>honesta</span> <span class='ocrx_word' id='word_1_532' title='bbox 1623 547 1814 572; x_wconf 90' lang='lat' dir='ltr'>monentem</span> <span class='ocrx_word' id='word_1_533' title='bbox 1842 541 2006 577; x_wconf 69' lang='lat' dir='ltr'>audissetis</span> <span class='ocrx_word' id='word_1_534' title='bbox 2029 546 2077 579; x_wconf 90' lang='lat' dir='ltr'>vel</span> 
     </span>
     <span class='ocr_line' id='line_1_73' title="bbox 1130 585 2075 633; baseline 0.008 -13"><span class='ocrx_word' id='word_1_535' title='bbox 1130 587 1270 622; x_wconf 89' lang='lat' dir='ltr'>audiatis</span> <span class='ocrx_word' id='word_1_536' title='bbox 1306 585 1412 620; x_wconf 89' lang='lat' dir='ltr'>adhuc</span> <span class='ocrx_word' id='word_1_537' title='bbox 1449 610 1461 627; x_wconf 95' lang='lat'>,</span> <span class='ocrx_word' id='word_1_538' title='bbox 1489 597 1530 620; x_wconf 91' lang='lat' dir='ltr'>ne</span> <span class='ocrx_word' id='word_1_539' title='bbox 1565 597 1623 620; x_wconf 85' lang='lat' dir='ltr'>vos</span> <span class='ocrx_word' id='word_1_540' title='bbox 1658 610 1670 626; x_wconf 88' lang='lat'>,</span> <span class='ocrx_word' id='word_1_541' title='bbox 1706 590 1794 632; x_wconf 88' lang='lat' dir='ltr'>quod</span> <span class='ocrx_word' id='word_1_542' title='bbox 1816 589 1895 625; x_wconf 82' lang='lat' dir='ltr'>absit</span> <span class='ocrx_word' id='word_1_543' title='bbox 1927 616 1939 633; x_wconf 95' lang='lat'>,</span> <span class='ocrx_word' id='word_1_544' title='bbox 1975 593 2075 628; x_wconf 82' lang='lat' dir='ltr'>nimis</span> 
     </span>
     <span class='ocr_line' id='line_1_74' title="bbox 1132 634 2076 681; baseline 0.005 -10"><span class='ocrx_word' id='word_1_545' title='bbox 1132 638 1202 671; x_wconf 78' lang='lat' dir='ltr'>sero</span> <span class='ocrx_word' id='word_1_546' title='bbox 1248 637 1406 681; x_wconf 85' lang='lat' dir='ltr'>poeniteat</span> <span class='ocrx_word' id='word_1_547' title='bbox 1449 634 1683 670; x_wconf 84' lang='lat' dir='ltr'>incredulitatis</span> <span class='ocrx_word' id='word_1_548' title='bbox 1710 639 1745 672; x_wconf 73' lang='grc' dir='ltr'>ὅς</span> <span class='ocrx_word' id='word_1_549' title='bbox 1780 637 1906 675; x_wconf 85' lang='lat' dir='ltr'>duritiae</span> <span class='ocrx_word' id='word_1_550' title='bbox 1937 644 2042 678; x_wconf 79' lang='lat' dir='ltr'>vestrae</span> <span class='ocrx_word' id='word_1_551' title='bbox 2068 668 2076 676; x_wconf 94' lang='lat'>.</span> 
     </span>
     <span class='ocr_line' id='line_1_75' title="bbox 1133 685 2079 734; baseline 0.008 -15"><span class='ocrx_word' id='word_1_552' title='bbox 1133 688 1221 722; x_wconf 85' lang='lat' dir='ltr'>Nam</span> <span class='ocrx_word' id='word_1_553' title='bbox 1247 697 1312 731; x_wconf 83' lang='lat' dir='ltr'>ego</span> <span class='ocrx_word' id='word_1_554' title='bbox 1339 685 1491 720; x_wconf 68' lang='lat' dir='ltr'>hactenns</span> <span class='ocrx_word' id='word_1_555' title='bbox 1519 686 1634 726; x_wconf 88' lang='lat' dir='ltr'>vobis,</span> <span class='ocrx_word' id='word_1_556' title='bbox 1661 695 1698 720; x_wconf 91' lang='lat' dir='ltr'>ut</span> <span class='ocrx_word' id='word_1_557' title='bbox 1721 688 1899 725; x_wconf 74' lang='lat' dir='ltr'>Cassandra</span> <span class='ocrx_word' id='word_1_558' title='bbox 1920 690 2079 734; x_wconf 66' lang='lat' dir='ltr'>Troianis</span> 
     </span>
     <span class='ocr_line' id='line_1_76' title="bbox 1132 736 2077 780; baseline 0.007 -9"><span class='ocrx_word' id='word_1_559' title='bbox 1132 739 1256 780; x_wconf 89' lang='lat' dir='ltr'>semper</span> <span class='ocrx_word' id='word_1_560' title='bbox 1278 747 1350 770; x_wconf 88' lang='lat' dir='ltr'>vera</span> <span class='ocrx_word' id='word_1_561' title='bbox 1371 736 1612 779; x_wconf 87' lang='lat' dir='ltr'>pronuncians,</span> <span class='ocrx_word' id='word_1_562' title='bbox 1640 736 1750 771; x_wconf 85' lang='lat' dir='ltr'>videor</span> <span class='ocrx_word' id='word_1_563' title='bbox 1767 740 1906 775; x_wconf 80' lang='lat' dir='ltr'>insanire</span> <span class='ocrx_word' id='word_1_564' title='bbox 1924 767 1933 775; x_wconf 87' lang='lat'><strong><em>.</em></strong></span> <span class='ocrx_word' id='word_1_565' title='bbox 1971 742 2015 777; x_wconf 88' lang='lat' dir='ltr'>Et</span> <span class='ocrx_word' id='word_1_566' title='bbox 2035 744 2077 778; x_wconf 87' lang='lat' dir='ltr'>ab</span> 
     </span>
     <span class='ocr_line' id='line_1_77' title="bbox 1134 786 2071 835; baseline 0.005 -14"><span class='ocrx_word' id='word_1_567' title='bbox 1134 786 1309 822; x_wconf 86' lang='lat' dir='ltr'>incredulis</span> <span class='ocrx_word' id='word_1_568' title='bbox 1321 787 1461 821; x_wconf 88' lang='lat' dir='ltr'>dicitur:</span> <span class='ocrx_word' id='word_1_569' title='bbox 1491 787 1642 823; x_wconf 75' lang='lat' dir='ltr'>Homoille</span> <span class='ocrx_word' id='word_1_570' title='bbox 1652 787 1690 821; x_wconf 69' lang='lat' dir='ltr'>de</span> <span class='ocrx_word' id='word_1_571' title='bbox 1709 790 1793 823; x_wconf 78' lang='lat' dir='ltr'>corde</span> <span class='ocrx_word' id='word_1_572' title='bbox 1810 788 1865 834; x_wconf 84' lang='lat' dir='ltr'>suo</span> <span class='ocrx_word' id='word_1_573' title='bbox 1893 791 2071 835; x_wconf 71' lang='lat' dir='ltr'>prophetat.</span> 
     </span>
     <span class='ocr_line' id='line_1_78' title="bbox 1134 834 2076 880; baseline 0.007 -9"><span class='ocrx_word' id='word_1_574' title='bbox 1134 838 1175 871; x_wconf 88' lang='lat' dir='ltr'>Et</span> <span class='ocrx_word' id='word_1_575' title='bbox 1188 847 1224 872; x_wconf 85' lang='lat' dir='ltr'>ut</span> <span class='ocrx_word' id='word_1_576' title='bbox 1237 836 1444 880; x_wconf 80' lang='lat' dir='ltr'>simpliciores</span> <span class='ocrx_word' id='word_1_577' title='bbox 1456 834 1591 871; x_wconf 85' lang='lat' dir='ltr'>inducat</span> <span class='ocrx_word' id='word_1_578' title='bbox 1604 839 1638 871; x_wconf 89' lang='lat' dir='ltr'>in</span> <span class='ocrx_word' id='word_1_579' title='bbox 1651 840 1768 873; x_wconf 86' lang='lat' dir='ltr'>erroris</span> <span class='ocrx_word' id='word_1_580' title='bbox 1779 840 1813 875; x_wconf 72' lang='grc' dir='ltr'>ὃς</span> <span class='ocrx_word' id='word_1_581' title='bbox 1837 841 2012 877; x_wconf 89' lang='lat' dir='ltr'>infortunii</span> <span class='ocrx_word' id='word_1_582' title='bbox 2027 845 2076 878; x_wconf 88' lang='lat' dir='ltr'>sui</span> 
     </span>
     <span class='ocr_line' id='line_1_79' title="bbox 1132 887 2078 930; baseline 0.007 -8"><span class='ocrx_word' id='word_1_583' title='bbox 1132 888 1353 926; x_wconf 87' lang='lat' dir='ltr'>consortium,</span> <span class='ocrx_word' id='word_1_584' title='bbox 1379 887 1471 921; x_wconf 85' lang='lat' dir='ltr'>vanis</span> <span class='ocrx_word' id='word_1_585' title='bbox 1488 898 1583 922; x_wconf 85' lang='lat' dir='ltr'>terret</span> <span class='ocrx_word' id='word_1_586' title='bbox 1606 888 1771 930; x_wconf 85' lang='lat' dir='ltr'>oraculis,</span> <span class='ocrx_word' id='word_1_587' title='bbox 1797 890 1931 926; x_wconf 84' lang='lat' dir='ltr'>&amp;nunc</span> <span class='ocrx_word' id='word_1_588' title='bbox 1954 895 2078 928; x_wconf 69' lang='lat' dir='ltr'>rectum</span> 
     </span>
     <span class='ocr_line' id='line_1_80' title="bbox 1133 937 2076 984; baseline 0.004 -12"><span class='ocrx_word' id='word_1_589' title='bbox 1133 937 1482 982; x_wconf 86' lang='lat' dir='ltr'>sapientibusintentat</span> <span class='ocrx_word' id='word_1_590' title='bbox 1493 937 1625 971; x_wconf 86' lang='lat' dir='ltr'>adversa</span> <span class='ocrx_word' id='word_1_591' title='bbox 1638 962 1649 979; x_wconf 92' lang='lat'>‚</span> <span class='ocrx_word' id='word_1_592' title='bbox 1677 950 1766 974; x_wconf 91' lang='lat' dir='ltr'>nunc</span> <span class='ocrx_word' id='word_1_593' title='bbox 1787 940 2076 984; x_wconf 81' lang='lat' dir='ltr'>adquiescentibus</span> 
     </span>
     <span class='ocr_line' id='line_1_81' title="bbox 1133 987 2077 1033; baseline 0.007 -11"><span class='ocrx_word' id='word_1_594' title='bbox 1133 991 1279 1033; x_wconf 88' lang='lat' dir='ltr'>prospera</span> <span class='ocrx_word' id='word_1_595' title='bbox 1291 987 1463 1030; x_wconf 87' lang='lat' dir='ltr'>pollicetur</span> <span class='ocrx_word' id='word_1_596' title='bbox 1475 1011 1482 1018; x_wconf 87' lang='lat'><strong>.</strong></span> <span class='ocrx_word' id='word_1_597' title='bbox 1512 988 1572 1022; x_wconf 88' lang='lat' dir='ltr'>Sed</span> <span class='ocrx_word' id='word_1_598' title='bbox 1582 999 1657 1022; x_wconf 89' lang='lat' dir='ltr'>ecce</span> <span class='ocrx_word' id='word_1_599' title='bbox 1670 988 1703 1023; x_wconf 87' lang='lat' dir='ltr'>in</span> <span class='ocrx_word' id='word_1_600' title='bbox 1717 991 1853 1025; x_wconf 84' lang='lat' dir='ltr'>cervices</span> <span class='ocrx_word' id='word_1_601' title='bbox 1862 993 2077 1029; x_wconf 88' lang='lat' dir='ltr'>inimicorum</span> 
     </span>
     <span class='ocr_line' id='line_1_82' title="bbox 1134 1037 2079 1083; baseline 0.004 -10"><span class='ocrx_word' id='word_1_602' title='bbox 1134 1039 1283 1073; x_wconf 73' lang='lat' dir='ltr'>Ecclesia:</span> <span class='ocrx_word' id='word_1_603' title='bbox 1294 1037 1380 1072; x_wconf 87' lang='lat' dir='ltr'>Petri</span> <span class='ocrx_word' id='word_1_604' title='bbox 1394 1037 1523 1082; x_wconf 82' lang='lat' dir='ltr'>gladius</span> <span class='ocrx_word' id='word_1_605' title='bbox 1536 1047 1684 1081; x_wconf 85' lang='lat' dir='ltr'>potenter</span> <span class='ocrx_word' id='word_1_606' title='bbox 1695 1051 1823 1076; x_wconf 83' lang='lat' dir='ltr'>exertus</span> <span class='ocrx_word' id='word_1_607' title='bbox 1840 1043 1883 1076; x_wconf 82' lang='lat' dir='ltr'>est</span> <span class='ocrx_word' id='word_1_608' title='bbox 1896 1067 1907 1083; x_wconf 91' lang='lat'>,</span> <span class='ocrx_word' id='word_1_609' title='bbox 1934 1044 1967 1078; x_wconf 87' lang='lat'>&amp;</span> <span class='ocrx_word' id='word_1_610' title='bbox 1993 1045 2079 1079; x_wconf 89' lang='lat' dir='ltr'>Mal-</span> 
     </span>
     <span class='ocr_line' id='line_1_83' title="bbox 1131 1087 2081 1134; baseline 0.006 -12"><span class='ocrx_word' id='word_1_611' title='bbox 1131 1087 1197 1123; x_wconf 93' lang='lat' dir='ltr'>cho</span> <span class='ocrx_word' id='word_1_612' title='bbox 1209 1113 1221 1129; x_wconf 92' lang='lat'>,</span> <span class='ocrx_word' id='word_1_613' title='bbox 1249 1089 1305 1122; x_wconf 87' lang='lat' dir='ltr'>nifi</span> <span class='ocrx_word' id='word_1_614' title='bbox 1315 1087 1453 1121; x_wconf 88' lang='lat' dir='ltr'>declinet</span> <span class='ocrx_word' id='word_1_615' title='bbox 1465 1087 1563 1122; x_wconf 74' lang='lat' dir='ltr'>istum</span> <span class='ocrx_word' id='word_1_616' title='bbox 1580 1113 1590 1128; x_wconf 91' lang='lat'>,</span> <span class='ocrx_word' id='word_1_617' title='bbox 1615 1091 1797 1134; x_wconf 87' lang='lat' dir='ltr'>amputabit</span> <span class='ocrx_word' id='word_1_618' title='bbox 1810 1092 1988 1128; x_wconf 84' lang='lat' dir='ltr'>auriculam</span> <span class='ocrx_word' id='word_1_619' title='bbox 2002 1095 2081 1128; x_wconf 78' lang='lat' dir='ltr'>dex·</span> 
     </span>
     <span class='ocr_line' id='line_1_84' title="bbox 1132 1135 2078 1187; baseline 0.007 -15"><span class='ocrx_word' id='word_1_620' title='bbox 1132 1150 1255 1173; x_wconf 87' lang='lat' dir='ltr'>teram.</span> <span class='ocrx_word' id='word_1_621' title='bbox 1283 1138 1374 1185; x_wconf 80' lang='lat' dir='ltr'>Qid</span> <span class='ocrx_word' id='word_1_622' title='bbox 1397 1135 1552 1172; x_wconf 86' lang='lat' dir='ltr'>Malchus</span> <span class='ocrx_word' id='word_1_623' title='bbox 1567 1139 1688 1175; x_wconf 83' lang='lat' dir='ltr'>Latino</span> <span class='ocrx_word' id='word_1_624' title='bbox 1710 1143 1803 1177; x_wconf 87' lang='lat' dir='ltr'>sonet</span> <span class='ocrx_word' id='word_1_625' title='bbox 1826 1143 1983 1187; x_wconf 86' lang='lat' dir='ltr'>eloquio,</span> <span class='ocrx_word' id='word_1_626' title='bbox 2003 1155 2078 1179; x_wconf 62' lang='lat' dir='ltr'>‘now</span> 
     </span>
     <span class='ocr_line' id='line_1_85' title="bbox 1133 1187 2081 1234; baseline 0.006 -13"><span class='ocrx_word' id='word_1_627' title='bbox 1133 1189 1188 1223; x_wconf 84' lang='lat' dir='ltr'>stis</span> <span class='ocrx_word' id='word_1_628' title='bbox 1217 1214 1224 1221; x_wconf 91' lang='lat'><strong><em>.</em></strong></span> <span class='ocrx_word' id='word_1_629' title='bbox 1253 1189 1388 1230; x_wconf 90' lang='lat' dir='ltr'>Loquor</span> <span class='ocrx_word' id='word_1_630' title='bbox 1423 1187 1519 1222; x_wconf 86' lang='lat' dir='ltr'>enim·</span> <span class='ocrx_word' id='word_1_631' title='bbox 1537 1189 1736 1232; x_wconf 86' lang='lat' dir='ltr'>scientibus,</span> <span class='ocrx_word' id='word_1_632' title='bbox 1762 1194 1949 1228; x_wconf 85' lang='lat' dir='ltr'>tenentibus</span> <span class='ocrx_word' id='word_1_633' title='bbox 1971 1219 1981 1234; x_wconf 87' lang='lat'>,</span> <span class='ocrx_word' id='word_1_634' title='bbox 2007 1195 2081 1227; x_wconf 83' lang='lat' dir='ltr'>dili·</span> 
     </span>
     <span class='ocr_line' id='line_1_86' title="bbox 1132 1237 2082 1284; baseline 0.007 -12"><span class='ocrx_word' id='word_1_635' title='bbox 1132 1237 1303 1283; x_wconf 87' lang='lat' dir='ltr'>gentibus,</span> <span class='ocrx_word' id='word_1_636' title='bbox 1330 1237 1365 1272; x_wconf 77' lang='grc' dir='ltr'>δε</span> <span class='ocrx_word' id='word_1_637' title='bbox 1389 1239 1656 1280; x_wconf 70' lang='lat' dir='ltr'>amplefientibus</span> <span class='ocrx_word' id='word_1_638' title='bbox 1678 1241 1803 1284; x_wconf 80' lang='lat' dir='ltr'>legem.</span> <span class='ocrx_word' id='word_1_639' title='bbox 1823 1241 1909 1276; x_wconf 61' lang='lat' dir='ltr'>&lt;Non</span> <span class='ocrx_word' id='word_1_640' title='bbox 1932 1242 2082 1278; x_wconf 77' lang='lat' dir='ltr'>credeba-</span> 
     </span>
    </p>
   </div>
   <div class='ocr_carea' id='block_1_12' title="bbox 1132 1286 2083 1388">
    <p class='ocr_par' dir='ltr' id='par_1_12' title="bbox 1132 1286 2083 1388">
     <span class='ocr_line' id='line_1_87' title="bbox 1133 1286 2083 1333; baseline 0.007 -12"><span class='ocrx_word' id='word_1_641' title='bbox 1133 1297 1205 1326; x_wconf 84' lang='lat' dir='ltr'>tur,</span> <span class='ocrx_word' id='word_1_642' title='bbox 1231 1286 1321 1330; x_wconf 88' lang='lat' dir='ltr'>quod</span> <span class='ocrx_word' id='word_1_643' title='bbox 1347 1287 1526 1333; x_wconf 70' lang='lat' dir='ltr'>Episcopus</span> <span class='ocrx_word' id='word_1_644' title='bbox 1548 1287 1794 1323; x_wconf 78' lang='lat' dir='ltr'>Londoniensis</span> <span class='ocrx_word' id='word_1_645' title='bbox 1813 1315 1824 1330; x_wconf 92' lang='lat'>,</span> <span class='ocrx_word' id='word_1_646' title='bbox 1855 1294 2083 1328; x_wconf 68' lang='lat' dir='ltr'>&amp;Authores</span> 
     </span>
     <span class='ocr_line' id='line_1_88' title="bbox 1132 1333 2083 1388; baseline 0.007 -17"><span class='ocrx_word' id='word_1_647' title='bbox 1132 1336 1188 1371; x_wconf 87' lang='lat' dir='ltr'>alii</span> <span class='ocrx_word' id='word_1_648' title='bbox 1200 1333 1624 1370; x_wconf 87' lang='lat' dir='ltr'>schismatis&amp;incentores</span> <span class='ocrx_word' id='word_1_649' title='bbox 1645 1336 1744 1372; x_wconf 71' lang='lat' dir='ltr'>essent</span> <span class='ocrx_word' id='word_1_650' title='bbox 1767 1339 1988 1376; x_wconf 83' lang='lat' dir='ltr'>anathematis</span> <span class='ocrx_word' id='word_1_651' title='bbox 2008 1343 2083 1388; x_wconf 85' lang='lat' dir='ltr'>gla-</span> 
     </span>
    </p>
   </div>
   <div class='ocr_carea' id='block_1_13' title="bbox 1132 1385 2091 3137">
    <p class='ocr_par' dir='ltr' id='par_1_13' title="bbox 1132 1385 2091 3137">
     <span class='ocr_line' id='line_1_89' title="bbox 1132 1385 2081 1434; baseline 0.006 -13"><span class='ocrx_word' id='word_1_652' title='bbox 1132 1386 1190 1421; x_wconf 90' lang='lat' dir='ltr'>dio</span> <span class='ocrx_word' id='word_1_653' title='bbox 1203 1386 1421 1430; x_wconf 85' lang='lat' dir='ltr'>percellendi,</span> <span class='ocrx_word' id='word_1_654' title='bbox 1448 1385 1592 1419; x_wconf 78' lang='lat' dir='ltr'>sedilios</span> <span class='ocrx_word' id='word_1_655' title='bbox 1605 1386 1668 1428; x_wconf 69' lang='lat' dir='ltr'>jam</span> <span class='ocrx_word' id='word_1_656' title='bbox 1682 1388 1700 1420; x_wconf 71' lang='lat' dir='ltr'>a</span> <span class='ocrx_word' id='word_1_657' title='bbox 1711 1400 1847 1433; x_wconf 86' lang='lat' dir='ltr'>corpore</span> <span class='ocrx_word' id='word_1_658' title='bbox 1859 1392 2035 1434; x_wconf 76' lang='lat' dir='ltr'>suo&#39;rejecit</span> <span class='ocrx_word' id='word_1_659' title='bbox 2047 1395 2081 1428; x_wconf 75' lang='lat' dir='ltr'>&amp;t</span> 
     </span>
     <span class='ocr_line' id='line_1_90' title="bbox 1133 1434 2080 1481; baseline 0.005 -10"><span class='ocrx_word' id='word_1_660' title='bbox 1133 1435 1268 1471; x_wconf 80' lang='lat' dir='ltr'>exclusit</span> <span class='ocrx_word' id='word_1_661' title='bbox 1282 1435 1441 1469; x_wconf 84' lang='lat' dir='ltr'>Ecclesia.</span> <span class='ocrx_word' id='word_1_662' title='bbox 1473 1434 1555 1468; x_wconf 84' lang='lat' dir='ltr'>Non</span> <span class='ocrx_word' id='word_1_663' title='bbox 1571 1436 1782 1479; x_wconf 86' lang='lat' dir='ltr'>credebatur,</span> <span class='ocrx_word' id='word_1_664' title='bbox 1812 1440 1908 1481; x_wconf 38' lang='lat' dir='ltr'>quod*</span> <span class='ocrx_word' id='word_1_665' title='bbox 1924 1442 2080 1476; x_wconf 86' lang='lat' dir='ltr'>condem·</span> 
     </span>
     <span class='ocr_line' id='line_1_91' title="bbox 1136 1483 2082 1532; baseline 0.006 -13"><span class='ocrx_word' id='word_1_666' title='bbox 1136 1487 1306 1521; x_wconf 86' lang='lat' dir='ltr'>nationem</span> <span class='ocrx_word' id='word_1_667' title='bbox 1329 1495 1443 1519; x_wconf 89' lang='lat' dir='ltr'>eorum</span> <span class='ocrx_word' id='word_1_668' title='bbox 1471 1483 1645 1519; x_wconf 82' lang='lat' dir='ltr'>Romanus</span> <span class='ocrx_word' id='word_1_669' title='bbox 1672 1486 1826 1521; x_wconf 86' lang='lat' dir='ltr'>Pontifex</span> <span class='ocrx_word' id='word_1_670' title='bbox 1847 1491 2082 1532; x_wconf 74' lang='lat' dir='ltr'>approbaturus</span> 
     </span>
     <span class='ocr_line' id='line_1_92' title="bbox 1134 1534 2081 1586; baseline 0.008 -16"><span class='ocrx_word' id='word_1_671' title='bbox 1134 1537 1210 1570; x_wconf 74' lang='lat' dir='ltr'>esset</span> <span class='ocrx_word' id='word_1_672' title='bbox 1223 1559 1233 1575; x_wconf 90' lang='lat'>,</span> <span class='ocrx_word' id='word_1_673' title='bbox 1259 1534 1310 1569; x_wconf 85' lang='lat' dir='ltr'>sed</span> <span class='ocrx_word' id='word_1_674' title='bbox 1325 1546 1366 1568; x_wconf 84' lang='lat' dir='ltr'>ex</span> <span class='ocrx_word' id='word_1_675' title='bbox 1379 1545 1419 1568; x_wconf 92' lang='lat' dir='ltr'>eo</span> <span class='ocrx_word' id='word_1_676' title='bbox 1433 1534 1559 1567; x_wconf 81' lang='lat' dir='ltr'>constat</span> <span class='ocrx_word' id='word_1_677' title='bbox 1572 1544 1673 1568; x_wconf 82' lang='lat' dir='ltr'>ratam</span> <span class='ocrx_word' id='word_1_678' title='bbox 1687 1538 1749 1570; x_wconf 72' lang='lat' dir='ltr'>esse</span> <span class='ocrx_word' id='word_1_679' title='bbox 1761 1538 1957 1574; x_wconf 82' lang='lat' dir='ltr'>sententiam</span> <span class='ocrx_word' id='word_1_680' title='bbox 1968 1566 1978 1581; x_wconf 90' lang='lat'>,</span> <span class='ocrx_word' id='word_1_681' title='bbox 1989 1543 2081 1586; x_wconf 86' lang='lat' dir='ltr'>quod</span> 
     </span>
     <span class='ocr_line' id='line_1_93' title="bbox 1137 1583 2082 1636; baseline 0.006 -15"><span class='ocrx_word' id='word_1_682' title='bbox 1137 1585 1263 1621; x_wconf 90' lang='lat' dir='ltr'>Nuncii</span> <span class='ocrx_word' id='word_1_683' title='bbox 1276 1584 1317 1619; x_wconf 88' lang='lat' dir='ltr'>ab</span> <span class='ocrx_word' id='word_1_684' title='bbox 1331 1583 1520 1627; x_wconf 82' lang='lat' dir='ltr'>Apostolica</span> <span class='ocrx_word' id='word_1_685' title='bbox 1535 1583 1616 1619; x_wconf 85' lang='lat' dir='ltr'>Sede</span> <span class='ocrx_word' id='word_1_686' title='bbox 1627 1587 1708 1620; x_wconf 78' lang='lat' dir='ltr'>miffi</span> <span class='ocrx_word' id='word_1_687' title='bbox 1723 1587 1796 1622; x_wconf 88' lang='lat' dir='ltr'>sunt</span> <span class='ocrx_word' id='word_1_688' title='bbox 1814 1614 1824 1630; x_wconf 91' lang='lat'>‚</span> <span class='ocrx_word' id='word_1_689' title='bbox 1852 1591 1907 1632; x_wconf 93' lang='lat' dir='ltr'>qui</span> <span class='ocrx_word' id='word_1_690' title='bbox 1928 1593 1984 1625; x_wconf 85' lang='lat' dir='ltr'>eos</span> <span class='ocrx_word' id='word_1_691' title='bbox 2007 1605 2082 1636; x_wconf 79' lang='lat' dir='ltr'>prae·</span> 
     </span>
     <span class='ocr_line' id='line_1_94' title="bbox 1136 1633 2077 1680; baseline 0.01 -10"><span class='ocrx_word' id='word_1_692' title='bbox 1136 1638 1213 1672; x_wconf 86' lang='lat' dir='ltr'>stito</span> <span class='ocrx_word' id='word_1_693' title='bbox 1233 1636 1418 1680; x_wconf 77' lang='lat' dir='ltr'>juramento</span> <span class='ocrx_word' id='word_1_694' title='bbox 1441 1633 1618 1669; x_wconf 75' lang='lat' dir='ltr'>secundnm</span> <span class='ocrx_word' id='word_1_695' title='bbox 1644 1647 1768 1671; x_wconf 89' lang='lat' dir='ltr'>morem</span> <span class='ocrx_word' id='word_1_696' title='bbox 1792 1640 1939 1676; x_wconf 84' lang='lat' dir='ltr'>Ecclesiae</span> <span class='ocrx_word' id='word_1_697' title='bbox 1962 1643 2018 1677; x_wconf 85' lang='lat' dir='ltr'>sub</span> <span class='ocrx_word' id='word_1_698' title='bbox 2039 1655 2077 1679; x_wconf 77' lang='lat' dir='ltr'>ea</span> 
     </span>
     <span class='ocr_line' id='line_1_95' title="bbox 1135 1685 2081 1734; baseline -0.001 -12"><span class='ocrx_word' id='word_1_699' title='bbox 1135 1687 1331 1722; x_wconf 89' lang='lat' dir='ltr'>conditione</span> <span class='ocrx_word' id='word_1_700' title='bbox 1352 1685 1580 1722; x_wconf 85' lang='lat' dir='ltr'>absolverent,</span> <span class='ocrx_word' id='word_1_701' title='bbox 1608 1686 1628 1717; x_wconf 80' lang='lat' dir='ltr'>si</span> <span class='ocrx_word' id='word_1_702' title='bbox 1653 1687 1726 1719; x_wconf 84' lang='lat' dir='ltr'>Rex</span> <span class='ocrx_word' id='word_1_703' title='bbox 1747 1698 1823 1732; x_wconf 82' lang='lat' dir='ltr'>cum</span> <span class='ocrx_word' id='word_1_704' title='bbox 1845 1689 1985 1725; x_wconf 82' lang='lat' dir='ltr'>Ecclesia</span> <span class='ocrx_word' id='word_1_705' title='bbox 1999 1718 2009 1734; x_wconf 89' lang='lat'>‚</span> <span class='ocrx_word' id='word_1_706' title='bbox 2037 1695 2081 1727; x_wconf 70' lang='lat' dir='ltr'>se.</span> 
     </span>
     <span class='ocr_line' id='line_1_96' title="bbox 1137 1733 2083 1780; baseline 0.006 -9"><span class='ocrx_word' id='word_1_707' title='bbox 1137 1737 1285 1772; x_wconf 75' lang='lat' dir='ltr'>cundum</span> <span class='ocrx_word' id='word_1_708' title='bbox 1296 1735 1386 1778; x_wconf 90' lang='lat' dir='ltr'>quod</span> <span class='ocrx_word' id='word_1_709' title='bbox 1400 1734 1565 1767; x_wconf 82' lang='lat' dir='ltr'>Dominus</span> <span class='ocrx_word' id='word_1_710' title='bbox 1586 1733 1674 1777; x_wconf 86' lang='lat' dir='ltr'>Papa</span> <span class='ocrx_word' id='word_1_711' title='bbox 1688 1737 1937 1780; x_wconf 79' lang='lat' dir='ltr'>praescripserat,</span> <span class='ocrx_word' id='word_1_712' title='bbox 1967 1743 2083 1777; x_wconf 82' lang='lat' dir='ltr'>faceret</span> 
     </span>
     <span class='ocr_line' id='line_1_97' title="bbox 1138 1781 2086 1830; baseline 0.005 -10"><span class='ocrx_word' id='word_1_713' title='bbox 1138 1795 1267 1830; x_wconf 85' lang='lat' dir='ltr'>pacem.</span> <span class='ocrx_word' id='word_1_714' title='bbox 1297 1781 1400 1826; x_wconf 70' lang='lat' dir='ltr'>&lt;Euius</span> <span class='ocrx_word' id='word_1_715' title='bbox 1414 1785 1466 1827; x_wconf 85' lang='lat' dir='ltr'>spe</span> <span class='ocrx_word' id='word_1_716' title='bbox 1478 1781 1553 1818; x_wconf 85' lang='lat' dir='ltr'>data</span> <span class='ocrx_word' id='word_1_717' title='bbox 1568 1806 1578 1823; x_wconf 91' lang='lat'>‚</span> <span class='ocrx_word' id='word_1_718' title='bbox 1618 1784 1856 1822; x_wconf 77' lang='lat' dir='ltr'>Cantuariensis</span> <span class='ocrx_word' id='word_1_719' title='bbox 1870 1788 2086 1827; x_wconf 76' lang='lat' dir='ltr'>Archi-Dia-</span> 
     </span>
     <span class='ocr_line' id='line_1_98' title="bbox 1137 1834 2085 1880; baseline 0.004 -10"><span class='ocrx_word' id='word_1_720' title='bbox 1137 1845 1259 1876; x_wconf 87' lang='lat' dir='ltr'>conus,</span> <span class='ocrx_word' id='word_1_721' title='bbox 1287 1834 1455 1878; x_wconf 72' lang='lat' dir='ltr'>&amp;aliiqui</span> <span class='ocrx_word' id='word_1_722' title='bbox 1478 1844 1569 1868; x_wconf 86' lang='lat' dir='ltr'>erant</span> <span class='ocrx_word' id='word_1_723' title='bbox 1594 1835 1626 1869; x_wconf 94' lang='lat' dir='ltr'>in</span> <span class='ocrx_word' id='word_1_724' title='bbox 1647 1835 1790 1878; x_wconf 81' lang='lat' dir='ltr'>partibus</span> <span class='ocrx_word' id='word_1_725' title='bbox 1803 1838 1999 1880; x_wconf 82' lang='lat' dir='ltr'>cismarinis,</span> <span class='ocrx_word' id='word_1_726' title='bbox 2030 1843 2085 1878; x_wconf 77' lang='lat' dir='ltr'>ab,-</span> 
     </span>
     <span class='ocr_line' id='line_1_99' title="bbox 1140 1884 2084 1938; baseline 0 -18"><span class='ocrx_word' id='word_1_727' title='bbox 1140 1886 1239 1922; x_wconf 81' lang='lat' dir='ltr'>soluti</span> <span class='ocrx_word' id='word_1_728' title='bbox 1257 1886 1331 1921; x_wconf 90' lang='lat' dir='ltr'>sunt</span> <span class='ocrx_word' id='word_1_729' title='bbox 1344 1884 1496 1928; x_wconf 80' lang='lat' dir='ltr'>praemissa</span> <span class='ocrx_word' id='word_1_730' title='bbox 1509 1885 1662 1927; x_wconf 84' lang='lat' dir='ltr'>juratoria</span> <span class='ocrx_word' id='word_1_731' title='bbox 1675 1887 1848 1921; x_wconf 85' lang='lat' dir='ltr'>cautione.</span> <span class='ocrx_word' id='word_1_732' title='bbox 1879 1887 1922 1923; x_wconf 85' lang='lat' dir='ltr'>Et</span> <span class='ocrx_word' id='word_1_733' title='bbox 1934 1892 2010 1935; x_wconf 71' lang='lat' dir='ltr'>quja</span> <span class='ocrx_word' id='word_1_734' title='bbox 2022 1904 2084 1938; x_wconf 66' lang='lat' dir='ltr'>pax</span> 
     </span>
     <span class='ocr_line' id='line_1_100' title="bbox 1139 1933 2083 1986; baseline 0.012 -16"><span class='ocrx_word' id='word_1_735' title='bbox 1139 1937 1223 1972; x_wconf 84' lang='lat' dir='ltr'>infra</span> <span class='ocrx_word' id='word_1_736' title='bbox 1235 1935 1368 1970; x_wconf 82' lang='lat' dir='ltr'>Festum</span> <span class='ocrx_word' id='word_1_737' title='bbox 1381 1935 1472 1969; x_wconf 85' lang='lat' dir='ltr'>Beati</span> <span class='ocrx_word' id='word_1_738' title='bbox 1485 1933 1662 1970; x_wconf 88' lang='lat' dir='ltr'>Michaelis</span> <span class='ocrx_word' id='word_1_739' title='bbox 1672 1961 1683 1977; x_wconf 92' lang='lat'>,</span> <span class='ocrx_word' id='word_1_740' title='bbox 1712 1947 1748 1971; x_wconf 92' lang='lat' dir='ltr'>ut</span> <span class='ocrx_word' id='word_1_741' title='bbox 1758 1937 1946 1976; x_wconf 67' lang='lat' dir='ltr'>condictum</span> <span class='ocrx_word' id='word_1_742' title='bbox 1961 1943 2083 1986; x_wconf 64' lang='lat' dir='ltr'>fuerat,</span> 
     </span>
     <span class='ocr_line' id='line_1_101' title="bbox 1141 1985 2081 2032; baseline 0.013 -11"><span class='ocrx_word' id='word_1_743' title='bbox 1141 1988 1247 2021; x_wconf 84' lang='lat' dir='ltr'>secuta</span> <span class='ocrx_word' id='word_1_744' title='bbox 1260 1985 1407 2026; x_wconf 88' lang='lat' dir='ltr'>nonest,</span> <span class='ocrx_word' id='word_1_745' title='bbox 1434 1986 1466 2019; x_wconf 93' lang='lat' dir='ltr'>in</span> <span class='ocrx_word' id='word_1_746' title='bbox 1478 1985 1614 2022; x_wconf 89' lang='lat' dir='ltr'>eandem</span> <span class='ocrx_word' id='word_1_747' title='bbox 1637 1989 1830 2026; x_wconf 88' lang='lat' dir='ltr'>sententiam</span> <span class='ocrx_word' id='word_1_748' title='bbox 1861 1994 2081 2032; x_wconf 86' lang='lat' dir='ltr'>anathematis</span> 
     </span>
     <span class='ocr_line' id='line_1_102' title="bbox 1141 2036 2085 2092; baseline 0.01 -18"><span class='ocrx_word' id='word_1_749' title='bbox 1141 2040 1230 2083; x_wconf 84' lang='lat' dir='ltr'>juxta</span> <span class='ocrx_word' id='word_1_750' title='bbox 1239 2037 1427 2072; x_wconf 69' lang='lat' dir='ltr'>condictum</span> <span class='ocrx_word' id='word_1_751' title='bbox 1441 2036 1560 2073; x_wconf 77' lang='lat' dir='ltr'>reduCti</span> <span class='ocrx_word' id='word_1_752' title='bbox 1574 2039 1666 2074; x_wconf 87' lang='lat' dir='ltr'>sunt.</span> <span class='ocrx_word' id='word_1_753' title='bbox 1695 2041 1906 2089; x_wconf 89' lang='lat' dir='ltr'>Liquetergo</span> <span class='ocrx_word' id='word_1_754' title='bbox 1918 2047 2017 2090; x_wconf 69' lang='lat' dir='ltr'>quarn</span> <span class='ocrx_word' id='word_1_755' title='bbox 2031 2059 2085 2092; x_wconf 88' lang='lat' dir='ltr'>pe·</span> 
     </span>
     <span class='ocr_line' id='line_1_103' title="bbox 1143 2089 2086 2134; baseline 0.01 -10"><span class='ocrx_word' id='word_1_756' title='bbox 1143 2089 1279 2124; x_wconf 86' lang='lat' dir='ltr'>riculosa</span> <span class='ocrx_word' id='word_1_757' title='bbox 1292 2089 1329 2123; x_wconf 87' lang='lat' dir='ltr'>sit</span> <span class='ocrx_word' id='word_1_758' title='bbox 1349 2089 1554 2134; x_wconf 87' lang='lat' dir='ltr'>participatio</span> <span class='ocrx_word' id='word_1_759' title='bbox 1567 2102 1697 2126; x_wconf 90' lang='lat' dir='ltr'>eorum:</span> <span class='ocrx_word' id='word_1_760' title='bbox 1729 2095 1836 2130; x_wconf 72' lang='lat' dir='ltr'>revera</span> <span class='ocrx_word' id='word_1_761' title='bbox 1857 2099 2086 2132; x_wconf 85' lang='lat' dir='ltr'>excommuni-</span> 
     </span>
     <span class='ocr_line' id='line_1_104' title="bbox 1143 2140 2089 2189; baseline 0.01 -15"><span class='ocrx_word' id='word_1_762' title='bbox 1143 2141 1206 2174; x_wconf 89' lang='lat' dir='ltr'>cati</span> <span class='ocrx_word' id='word_1_763' title='bbox 1226 2148 1342 2183; x_wconf 82' lang='lat' dir='ltr'>erant,</span> <span class='ocrx_word' id='word_1_764' title='bbox 1366 2141 1629 2186; x_wconf 84' lang='lat' dir='ltr'>quosoportebat</span> <span class='ocrx_word' id='word_1_765' title='bbox 1640 2143 1764 2179; x_wconf 89' lang='lat' dir='ltr'>absolvi</span> <span class='ocrx_word' id='word_1_766' title='bbox 1778 2170 1785 2178; x_wconf 89' lang='lat'><strong><em>.</em></strong></span> <span class='ocrx_word' id='word_1_767' title='bbox 1812 2140 1959 2189; x_wconf 82' lang='lat' dir='ltr'>Superest</span> <span class='ocrx_word' id='word_1_768' title='bbox 1972 2150 2089 2183; x_wconf 84' lang='lat' dir='ltr'>utani-</span> 
     </span>
     <span class='ocr_line' id='line_1_105' title="bbox 1144 2189 2089 2239; baseline 0.01 -16"><span class='ocrx_word' id='word_1_769' title='bbox 1144 2189 1324 2225; x_wconf 80' lang='lat' dir='ltr'>madverfio</span> <span class='ocrx_word' id='word_1_770' title='bbox 1339 2191 1493 2234; x_wconf 88' lang='lat' dir='ltr'>procedat</span> <span class='ocrx_word' id='word_1_771' title='bbox 1506 2191 1661 2235; x_wconf 78' lang='lat' dir='ltr'>ulterius,</span> <span class='ocrx_word' id='word_1_772' title='bbox 1693 2195 1769 2239; x_wconf 79' lang='lat' dir='ltr'>quia</span> <span class='ocrx_word' id='word_1_773' title='bbox 1793 2193 1958 2232; x_wconf 89' lang='lat' dir='ltr'>haereditas</span> <span class='ocrx_word' id='word_1_774' title='bbox 1972 2198 2089 2232; x_wconf 75' lang='lat' dir='ltr'>Domi·</span> 
     </span>
     <span class='ocr_line' id='line_1_106' title="bbox 1146 2239 2088 2290; baseline 0.01 -16"><span class='ocrx_word' id='word_1_775' title='bbox 1146 2241 1180 2274; x_wconf 91' lang='lat' dir='ltr'>ni</span> <span class='ocrx_word' id='word_1_776' title='bbox 1203 2240 1245 2274; x_wconf 86' lang='lat' dir='ltr'>de</span> <span class='ocrx_word' id='word_1_777' title='bbox 1282 2251 1385 2275; x_wconf 86' lang='lat' dir='ltr'>manu</span> <span class='ocrx_word' id='word_1_778' title='bbox 1405 2239 1550 2275; x_wconf 88' lang='lat' dir='ltr'>hostium</span> <span class='ocrx_word' id='word_1_779' title='bbox 1569 2243 1696 2278; x_wconf 80' lang='lat' dir='ltr'>liberari</span> <span class='ocrx_word' id='word_1_780' title='bbox 1720 2257 1788 2280; x_wconf 92' lang='lat' dir='ltr'>non</span> <span class='ocrx_word' id='word_1_781' title='bbox 1809 2249 1913 2290; x_wconf 87' lang='lat' dir='ltr'>potest</span> <span class='ocrx_word' id='word_1_782' title='bbox 1934 2273 1944 2289; x_wconf 95' lang='lat'>,</span> <span class='ocrx_word' id='word_1_783' title='bbox 1972 2249 2029 2282; x_wconf 88' lang='lat' dir='ltr'>nisi</span> <span class='ocrx_word' id='word_1_784' title='bbox 2052 2249 2088 2282; x_wconf 87' lang='lat' dir='ltr'>in</span> 
     </span>
     <span class='ocr_line' id='line_1_107' title="bbox 1145 2289 2091 2341; baseline 0.01 -17"><span class='ocrx_word' id='word_1_785' title='bbox 1145 2301 1244 2325; x_wconf 80' lang='lat' dir='ltr'>manu</span> <span class='ocrx_word' id='word_1_786' title='bbox 1256 2290 1351 2324; x_wconf 91' lang='lat' dir='ltr'>forti.</span> <span class='ocrx_word' id='word_1_787' title='bbox 1382 2289 1420 2322; x_wconf 84' lang='lat' dir='ltr'>ln</span> <span class='ocrx_word' id='word_1_788' title='bbox 1443 2301 1511 2332; x_wconf 89' lang='lat' dir='ltr'>quo</span> <span class='ocrx_word' id='word_1_789' title='bbox 1523 2292 1679 2327; x_wconf 69' lang='lat' dir='ltr'>conflictu</span> <span class='ocrx_word' id='word_1_790' title='bbox 1694 2299 2091 2341; x_wconf 81' lang='lat' dir='ltr'>patenteragnoscetDo-</span> 
     </span>
     <span class='ocr_line' id='line_1_108' title="bbox 1145 2339 2087 2387; baseline 0.008 -14"><span class='ocrx_word' id='word_1_791' title='bbox 1145 2341 1277 2382; x_wconf 89' lang='lat' dir='ltr'>minus,</span> <span class='ocrx_word' id='word_1_792' title='bbox 1301 2340 1358 2383; x_wconf 89' lang='lat' dir='ltr'>qui</span> <span class='ocrx_word' id='word_1_793' title='bbox 1385 2340 1463 2374; x_wconf 87' lang='lat' dir='ltr'>sunt</span> <span class='ocrx_word' id='word_1_794' title='bbox 1489 2339 1576 2382; x_wconf 86' lang='lat' dir='ltr'>ejus,</span> <span class='ocrx_word' id='word_1_795' title='bbox 1603 2342 1636 2375; x_wconf 76' lang='lat' dir='ltr'>&lt;Sc</span> <span class='ocrx_word' id='word_1_796' title='bbox 1655 2343 1711 2386; x_wconf 90' lang='lat' dir='ltr'>qui</span> <span class='ocrx_word' id='word_1_797' title='bbox 1734 2345 1833 2387; x_wconf 88' lang='lat' dir='ltr'>pluris</span> <span class='ocrx_word' id='word_1_798' title='bbox 1859 2348 1984 2383; x_wconf 88' lang='lat' dir='ltr'>faciunt</span> <span class='ocrx_word' id='word_1_799' title='bbox 2005 2349 2087 2384; x_wconf 84' lang='lat' dir='ltr'>ollas</span> 
     </span>
     <span class='ocr_line' id='line_1_109' title="bbox 1146 2389 2086 2441; baseline 0.011 -18"><span class='ocrx_word' id='word_1_800' title='bbox 1146 2389 1329 2435; x_wconf 84' lang='lat' dir='ltr'>AEgyptias</span> <span class='ocrx_word' id='word_1_801' title='bbox 1350 2400 1434 2433; x_wconf 88' lang='lat' dir='ltr'>pane</span> <span class='ocrx_word' id='word_1_802' title='bbox 1457 2390 1610 2425; x_wconf 85' lang='lat' dir='ltr'>Coelesti:</span> <span class='ocrx_word' id='word_1_803' title='bbox 1638 2392 1736 2426; x_wconf 84' lang='lat' dir='ltr'>verbo</span> <span class='ocrx_word' id='word_1_804' title='bbox 1749 2396 1868 2428; x_wconf 89' lang='lat' dir='ltr'>scilicet</span> <span class='ocrx_word' id='word_1_805' title='bbox 1882 2397 1971 2437; x_wconf 92' lang='lat' dir='ltr'>Dei,</span> <span class='ocrx_word' id='word_1_806' title='bbox 1997 2399 2086 2441; x_wconf 79' lang='lat' dir='ltr'>quod</span> 
     </span>
     <span class='ocr_line' id='line_1_110' title="bbox 1145 2439 2087 2487; baseline 0.005 -12"><span class='ocrx_word' id='word_1_807' title='bbox 1145 2441 1202 2475; x_wconf 86' lang='lat' dir='ltr'>dat</span> <span class='ocrx_word' id='word_1_808' title='bbox 1224 2441 1329 2474; x_wconf 87' lang='lat' dir='ltr'>vitam</span> <span class='ocrx_word' id='word_1_809' title='bbox 1353 2439 1505 2473; x_wconf 87' lang='lat' dir='ltr'>Mundo.</span> <span class='ocrx_word' id='word_1_810' title='bbox 1533 2440 1747 2486; x_wconf 83' lang='lat' dir='ltr'>Qicumque</span> <span class='ocrx_word' id='word_1_811' title='bbox 1772 2443 1847 2476; x_wconf 77' lang='lat' dir='ltr'>veto</span> <span class='ocrx_word' id='word_1_812' title='bbox 1870 2445 1990 2479; x_wconf 85' lang='lat' dir='ltr'>fuerint</span> <span class='ocrx_word' id='word_1_813' title='bbox 2013 2447 2047 2480; x_wconf 90' lang='lat' dir='ltr'>hi</span> <span class='ocrx_word' id='word_1_814' title='bbox 2076 2472 2087 2487; x_wconf 89' lang='lat'>,</span> 
     </span>
     <span class='ocr_line' id='line_1_111' title="bbox 1147 2490 2089 2540; baseline 0.005 -15"><span class='ocrx_word' id='word_1_815' title='bbox 1147 2492 1265 2525; x_wconf 86' lang='lat' dir='ltr'>sortem</span> <span class='ocrx_word' id='word_1_816' title='bbox 1287 2490 1514 2525; x_wconf 82' lang='lat' dir='ltr'>damnationis</span> <span class='ocrx_word' id='word_1_817' title='bbox 1536 2491 1598 2522; x_wconf 83' lang='lat' dir='ltr'>suae</span> <span class='ocrx_word' id='word_1_818' title='bbox 1625 2490 1780 2532; x_wconf 87' lang='lat' dir='ltr'>recipient</span> <span class='ocrx_word' id='word_1_819' title='bbox 1807 2503 1881 2527; x_wconf 91' lang='lat' dir='ltr'>cum</span> <span class='ocrx_word' id='word_1_820' title='bbox 1906 2493 1978 2536; x_wconf 89' lang='lat' dir='ltr'>his,</span> <span class='ocrx_word' id='word_1_821' title='bbox 2006 2508 2089 2540; x_wconf 81' lang='lat' dir='ltr'>quos</span> 
     </span>
     <span class='ocr_line' id='line_1_112' title="bbox 1147 2537 2089 2584; baseline 0.006 -9"><span class='ocrx_word' id='word_1_822' title='bbox 1147 2552 1227 2575; x_wconf 88' lang='lat' dir='ltr'>terra</span> <span class='ocrx_word' id='word_1_823' title='bbox 1242 2540 1334 2575; x_wconf 87' lang='lat' dir='ltr'>vivos</span> <span class='ocrx_word' id='word_1_824' title='bbox 1355 2538 1520 2573; x_wconf 88' lang='lat' dir='ltr'>absorbit.</span> <span class='ocrx_word' id='word_1_825' title='bbox 1548 2537 1637 2572; x_wconf 87' lang='lat' dir='ltr'>Nam</span> <span class='ocrx_word' id='word_1_826' title='bbox 1661 2540 1719 2583; x_wconf 88' lang='lat' dir='ltr'>qui</span> <span class='ocrx_word' id='word_1_827' title='bbox 1740 2544 2089 2584; x_wconf 75' lang='lat' dir='ltr'>peccatis&#39;communi-</span> 
     </span>
     <span class='ocr_line' id='line_1_113' title="bbox 1148 2587 2088 2641; baseline 0.002 -16"><span class='ocrx_word' id='word_1_828' title='bbox 1148 2601 1201 2626; x_wconf 88' lang='lat' dir='ltr'>cat</span> <span class='ocrx_word' id='word_1_829' title='bbox 1210 2591 1345 2628; x_wconf 86' lang='lat' dir='ltr'>alienis,</span> <span class='ocrx_word' id='word_1_830' title='bbox 1371 2587 1630 2623; x_wconf 87' lang='lat' dir='ltr'>communicabit</span> <span class='ocrx_word' id='word_1_831' title='bbox 1649 2590 1681 2624; x_wconf 77' lang='grc' dir='ltr'>δε</span> <span class='ocrx_word' id='word_1_832' title='bbox 1706 2593 1803 2625; x_wconf 87' lang='lat' dir='ltr'>morti</span> <span class='ocrx_word' id='word_1_833' title='bbox 1819 2618 1826 2624; x_wconf 93' lang='lat'>.</span> <span class='ocrx_word' id='word_1_834' title='bbox 1855 2595 1955 2629; x_wconf 86' lang='lat' dir='ltr'>Exite</span> <span class='ocrx_word' id='word_1_835' title='bbox 1972 2607 2052 2641; x_wconf 91' lang='lat' dir='ltr'>ergo</span> <span class='ocrx_word' id='word_1_836' title='bbox 2068 2622 2088 2637; x_wconf 27' lang='lat'>⁴,</span> 
     </span>
     <span class='ocr_line' id='line_1_114' title="bbox 1147 2638 2088 2687; baseline 0.004 -11"><span class='ocrx_word' id='word_1_837' title='bbox 1147 2642 1275 2687; x_wconf 75' lang='lat' dir='ltr'>quaeso,</span> <span class='ocrx_word' id='word_1_838' title='bbox 1302 2641 1343 2674; x_wconf 88' lang='lat' dir='ltr'>de</span> <span class='ocrx_word' id='word_1_839' title='bbox 1353 2638 1465 2673; x_wconf 84' lang='lat' dir='ltr'>medio</span> <span class='ocrx_word' id='word_1_840' title='bbox 1485 2648 1597 2673; x_wconf 90' lang='lat' dir='ltr'>eorum</span> <span class='ocrx_word' id='word_1_841' title='bbox 1611 2664 1622 2680; x_wconf 92' lang='lat'>,</span> <span class='ocrx_word' id='word_1_842' title='bbox 1658 2642 1774 2683; x_wconf 89' lang='lat' dir='ltr'>ponite</span> <span class='ocrx_word' id='word_1_843' title='bbox 1794 2643 1892 2677; x_wconf 87' lang='lat' dir='ltr'>corda</span> <span class='ocrx_word' id='word_1_844' title='bbox 1917 2645 2018 2680; x_wconf 86' lang='lat' dir='ltr'>vestra</span> <span class='ocrx_word' id='word_1_845' title='bbox 2040 2648 2088 2680; x_wconf 90' lang='lat' dir='ltr'>su-</span> 
     </span>
     <span class='ocr_line' id='line_1_115' title="bbox 1149 2688 2090 2740; baseline 0.006 -16"><span class='ocrx_word' id='word_1_846' title='bbox 1149 2690 1280 2736; x_wconf 84' lang='lat' dir='ltr'>per&#39;vias</span> <span class='ocrx_word' id='word_1_847' title='bbox 1300 2690 1417 2723; x_wconf 84' lang='lat' dir='ltr'>vestras</span> <span class='ocrx_word' id='word_1_848' title='bbox 1435 2711 1446 2728; x_wconf 91' lang='lat'>,</span> <span class='ocrx_word' id='word_1_849' title='bbox 1469 2689 1503 2723; x_wconf 78' lang='grc' dir='ltr'>δε</span> <span class='ocrx_word' id='word_1_850' title='bbox 1520 2688 1628 2730; x_wconf 86' lang='lat' dir='ltr'>quiex</span> <span class='ocrx_word' id='word_1_851' title='bbox 1641 2701 1759 2735; x_wconf 89' lang='lat' dir='ltr'>magna</span> <span class='ocrx_word' id='word_1_852' title='bbox 1774 2702 1885 2735; x_wconf 89' lang='lat' dir='ltr'>parte,</span> <span class='ocrx_word' id='word_1_853' title='bbox 1912 2696 2002 2740; x_wconf 87' lang='lat' dir='ltr'>quod</span> <span class='ocrx_word' id='word_1_854' title='bbox 2014 2708 2090 2730; x_wconf 87' lang='lat' dir='ltr'>cum</span> 
     </span>
     <span class='ocr_line' id='line_1_116' title="bbox 1148 2740 2089 2789; baseline 0.003 -13"><span class='ocrx_word' id='word_1_855' title='bbox 1148 2742 1264 2776; x_wconf 90' lang='lat' dir='ltr'>rubore</span> <span class='ocrx_word' id='word_1_856' title='bbox 1283 2741 1317 2774; x_wconf 76' lang='grc' dir='ltr'>ἀ</span> <span class='ocrx_word' id='word_1_857' title='bbox 1339 2740 1453 2774; x_wconf 84' lang='lat' dir='ltr'>dolore</span> <span class='ocrx_word' id='word_1_858' title='bbox 1473 2740 1626 2773; x_wconf 86' lang='lat' dir='ltr'>confusus</span> <span class='ocrx_word' id='word_1_859' title='bbox 1636 2740 1797 2786; x_wconf 88' lang='lat' dir='ltr'>eloquor,</span> <span class='ocrx_word' id='word_1_860' title='bbox 1824 2744 1961 2789; x_wconf 87' lang='lat' dir='ltr'>privigni</span> <span class='ocrx_word' id='word_1_861' title='bbox 1984 2747 2089 2780; x_wconf 85' lang='lat' dir='ltr'>fuistis</span> 
     </span>
     <span class='ocr_line' id='line_1_117' title="bbox 1149 2790 2090 2831; baseline 0.004 -5"><span class='ocrx_word' id='word_1_862' title='bbox 1149 2790 1322 2831; x_wconf 63' lang='lat' dir='ltr'>hactenus,</span> <span class='ocrx_word' id='word_1_863' title='bbox 1350 2790 1402 2824; x_wconf 90' lang='lat' dir='ltr'>vel</span> <span class='ocrx_word' id='word_1_864' title='bbox 1415 2800 1503 2823; x_wconf 88' lang='lat' dir='ltr'>nunc</span> <span class='ocrx_word' id='word_1_865' title='bbox 1526 2791 1659 2825; x_wconf 86' lang='lat' dir='ltr'>tandem</span> <span class='ocrx_word' id='word_1_866' title='bbox 1672 2794 1839 2828; x_wconf 83' lang='lat' dir='ltr'>transeatis</span> <span class='ocrx_word' id='word_1_867' title='bbox 1860 2793 1894 2827; x_wconf 89' lang='lat' dir='ltr'>in</span> <span class='ocrx_word' id='word_1_868' title='bbox 1922 2796 2039 2830; x_wconf 87' lang='lat' dir='ltr'>sortem</span> <span class='ocrx_word' id='word_1_869' title='bbox 2055 2798 2090 2829; x_wconf 87' lang='lat' dir='ltr'>fi-</span> 
     </span>
     <span class='ocr_line' id='line_1_118' title="bbox 1150 2839 2090 2885; baseline 0.005 -9"><span class='ocrx_word' id='word_1_870' title='bbox 1150 2844 1267 2876; x_wconf 90' lang='lat' dir='ltr'>liorum</span> <span class='ocrx_word' id='word_1_871' title='bbox 1292 2865 1303 2881; x_wconf 93' lang='lat'>,</span> <span class='ocrx_word' id='word_1_872' title='bbox 1338 2839 1619 2875; x_wconf 79' lang='lat' dir='ltr'>communicando</span> <span class='ocrx_word' id='word_1_873' title='bbox 1646 2841 1791 2876; x_wconf 86' lang='lat' dir='ltr'>Paternis</span> <span class='ocrx_word' id='word_1_874' title='bbox 1819 2846 2054 2880; x_wconf 80' lang='lat' dir='ltr'>necessitatibus</span> <span class='ocrx_word' id='word_1_875' title='bbox 2079 2869 2090 2885; x_wconf 93' lang='lat'><em>‚</em></span> 
     </span>
     <span class='ocr_line' id='line_1_119' title="bbox 1149 2884 2090 2938; baseline 0.003 -13"><span class='ocrx_word' id='word_1_876' title='bbox 1149 2893 1268 2926; x_wconf 67' lang='lat' dir='ltr'>fruetus</span> <span class='ocrx_word' id='word_1_877' title='bbox 1283 2891 1480 2934; x_wconf 82' lang='lat' dir='ltr'>poenitentiae</span> <span class='ocrx_word' id='word_1_878' title='bbox 1493 2889 1729 2926; x_wconf 69' lang='lat' dir='ltr'>&amp;obedientiae</span> <span class='ocrx_word' id='word_1_879' title='bbox 1754 2896 1971 2938; x_wconf 87' lang='lat' dir='ltr'>exequendo,</span> <span class='ocrx_word' id='word_1_880' title='bbox 1997 2884 2030 2930; x_wconf 64' lang='lat' dir='ltr'>i&amp;</span> <span class='ocrx_word' id='word_1_881' title='bbox 2045 2898 2090 2929; x_wconf 88' lang='lat' dir='ltr'>in-</span> 
     </span>
     <span class='ocr_line' id='line_1_120' title="bbox 1150 2940 2091 2987; baseline 0.003 -11"><span class='ocrx_word' id='word_1_882' title='bbox 1150 2942 1283 2976; x_wconf 77' lang='lat' dir='ltr'>famiam</span> <span class='ocrx_word' id='word_1_883' title='bbox 1295 2940 1336 2975; x_wconf 86' lang='lat' dir='ltr'>ab</span> <span class='ocrx_word' id='word_1_884' title='bbox 1359 2940 1496 2974; x_wconf 80' lang='lat' dir='ltr'>Ecclesia</span> <span class='ocrx_word' id='word_1_885' title='bbox 1509 2942 1741 2985; x_wconf 87' lang='lat' dir='ltr'>propellendo,</span> <span class='ocrx_word' id='word_1_886' title='bbox 1769 2954 1861 2986; x_wconf 84' lang='lat' dir='ltr'>quae,</span> <span class='ocrx_word' id='word_1_887' title='bbox 1886 2947 1975 2987; x_wconf 86' lang='lat' dir='ltr'>quod</span> <span class='ocrx_word' id='word_1_888' title='bbox 1999 2946 2091 2979; x_wconf 86' lang='lat' dir='ltr'>Deus</span> 
     </span>
     <span class='ocr_line' id='line_1_121' title="bbox 1150 2985 2089 3039; baseline 0.003 -13"><span class='ocrx_word' id='word_1_889' title='bbox 1150 3001 1271 3026; x_wconf 83' lang='lat' dir='ltr'>avertat</span> <span class='ocrx_word' id='word_1_890' title='bbox 1296 3014 1307 3031; x_wconf 86' lang='lat'>,</span> <span class='ocrx_word' id='word_1_891' title='bbox 1335 2991 1392 3024; x_wconf 86' lang='lat' dir='ltr'>nisi</span> <span class='ocrx_word' id='word_1_892' title='bbox 1414 2991 1620 3033; x_wconf 83' lang='lat' dir='ltr'>praecaveritis</span> <span class='ocrx_word' id='word_1_893' title='bbox 1656 3017 1666 3032; x_wconf 91' lang='lat'>,</span> <span class='ocrx_word' id='word_1_894' title='bbox 1696 2993 1796 3027; x_wconf 83' lang='lat' dir='ltr'>vestra</span> <span class='ocrx_word' id='word_1_895' title='bbox 1817 2985 1936 3039; x_wconf 69' lang='lat' dir='ltr'>duritia</span> <span class='ocrx_word' id='word_1_896' title='bbox 1958 3006 2089 3038; x_wconf 63' lang='lat' dir='ltr'>&gt;prome-</span> 
     </span>
     <span class='ocr_line' id='line_1_122' title="bbox 1151 3034 2090 3085; baseline 0.001 -9"><span class='ocrx_word' id='word_1_897' title='bbox 1151 3052 1240 3076; x_wconf 89' lang='lat' dir='ltr'>rente</span> <span class='ocrx_word' id='word_1_898' title='bbox 1262 3041 1502 3085; x_wconf 85' lang='lat' dir='ltr'>perpetuabitur</span> <span class='ocrx_word' id='word_1_899' title='bbox 1532 3042 1565 3074; x_wconf 91' lang='lat' dir='ltr'>in</span> <span class='ocrx_word' id='word_1_900' title='bbox 1599 3034 1829 3085; x_wconf 58' lang='lat' dir='ltr'>sempiternum</span> <span class='ocrx_word' id='word_1_901' title='bbox 1870 3070 1876 3076; x_wconf 93' lang='lat'><em>.</em></span> <span class='ocrx_word' id='word_1_902' title='bbox 1908 3044 2090 3080; x_wconf 77' lang='lat' dir='ltr'>Monuerat</span> 
     </span>
     <span class='ocr_line' id='line_1_123' title="bbox 1151 3091 2088 3137; baseline 0.002 -11"><span class='ocrx_word' id='word_1_903' title='bbox 1151 3091 1213 3126; x_wconf 87' lang='lat' dir='ltr'>hoc</span> <span class='ocrx_word' id='word_1_904' title='bbox 1228 3114 1240 3131; x_wconf 90' lang='lat'>,</span> <span class='ocrx_word' id='word_1_905' title='bbox 1263 3091 1366 3125; x_wconf 76' lang='lat' dir='ltr'>immo</span> <span class='ocrx_word' id='word_1_906' title='bbox 1400 3101 1586 3135; x_wconf 71' lang='lat' dir='ltr'>praeceperat</span> <span class='ocrx_word' id='word_1_907' title='bbox 1609 3091 1775 3127; x_wconf 85' lang='lat' dir='ltr'>Dominus</span> <span class='ocrx_word' id='word_1_908' title='bbox 1808 3091 1900 3137; x_wconf 60' lang='lat' dir='ltr'>Rapa</span> <span class='ocrx_word' id='word_1_909' title='bbox 1915 3119 1924 3135; x_wconf 90' lang='lat'>‚</span> <span class='ocrx_word' id='word_1_910' title='bbox 1952 3096 2004 3128; x_wconf 89' lang='lat' dir='ltr'>sed</span> <span class='ocrx_word' id='word_1_911' title='bbox 2031 3106 2088 3128; x_wconf 86' lang='lat' dir='ltr'>nec</span> 
     </span>
    </p>
   </div>
   <div class='ocr_carea' id='block_1_14' title="bbox 1110 3141 2090 3188">
    <p class='ocr_par' dir='ltr' id='par_1_14' title="bbox 1110 3141 2090 3188">
     <span class='ocr_line' id='line_1_124' title="bbox 1110 3141 2090 3188; baseline 0.001 -12"><span class='ocrx_word' id='word_1_912' title='bbox 1110 3185 1111 3188; x_wconf 11' lang='grc' dir='ltr'><strong>Ἴ</strong></span> <span class='ocrx_word' id='word_1_913' title='bbox 1152 3143 1218 3186; x_wconf 89' lang='lat' dir='ltr'>ipse</span> <span class='ocrx_word' id='word_1_914' title='bbox 1231 3153 1288 3185; x_wconf 86' lang='lat' dir='ltr'>pro</span> <span class='ocrx_word' id='word_1_915' title='bbox 1310 3143 1363 3176; x_wconf 89' lang='lat' dir='ltr'>sua</span> <span class='ocrx_word' id='word_1_916' title='bbox 1377 3143 1555 3176; x_wconf 83' lang='lat' dir='ltr'>reverentia</span> <span class='ocrx_word' id='word_1_917' title='bbox 1567 3141 1738 3176; x_wconf 86' lang='lat' dir='ltr'>exauditus</span> <span class='ocrx_word' id='word_1_918' title='bbox 1748 3143 1811 3177; x_wconf 87' lang='lat' dir='ltr'>est.</span> <span class='ocrx_word' id='word_1_919' title='bbox 1841 3143 2003 3186; x_wconf 87' lang='lat' dir='ltr'>Nunquid</span> <span class='ocrx_word' id='word_1_920' title='bbox 2033 3153 2090 3177; x_wconf 85' lang='lat' dir='ltr'>vos</span> 
     </span>
    </p>
   </div>
   <div class='ocr_carea' id='block_1_15' title="bbox 1150 3190 2096 3526">
    <p class='ocr_par' dir='ltr' id='par_1_15' title="bbox 1150 3190 2096 3526">
     <span class='ocr_line' id='line_1_125' title="bbox 1150 3190 2090 3236; baseline 0.002 -11"><span class='ocrx_word' id='word_1_921' title='bbox 1150 3192 1335 3227; x_wconf 85' lang='lat' dir='ltr'>infidelium</span> <span class='ocrx_word' id='word_1_922' title='bbox 1359 3202 1451 3226; x_wconf 92' lang='lat' dir='ltr'>more</span> <span class='ocrx_word' id='word_1_923' title='bbox 1473 3190 1697 3233; x_wconf 67' lang='lat' dir='ltr'>dicturiestis,</span> <span class='ocrx_word' id='word_1_924' title='bbox 1722 3192 1856 3228; x_wconf 79' lang='lat' dir='ltr'>Christo</span> <span class='ocrx_word' id='word_1_925' title='bbox 1888 3194 2003 3226; x_wconf 76' lang='lat' dir='ltr'>iterum</span> <span class='ocrx_word' id='word_1_926' title='bbox 2030 3204 2090 3236; x_wconf 86' lang='lat' dir='ltr'>pro</span> 
     </span>
     <span class='ocr_line' id='line_1_126' title="bbox 1153 3241 2089 3286; baseline -0.002 -10"><span class='ocrx_word' id='word_1_927' title='bbox 1153 3243 1290 3277; x_wconf 82' lang='lat' dir='ltr'>Ecclesia</span> <span class='ocrx_word' id='word_1_928' title='bbox 1317 3243 1480 3286; x_wconf 87' lang='lat' dir='ltr'>patiente:</span> <span class='ocrx_word' id='word_1_929' title='bbox 1509 3244 1576 3273; x_wconf 87' lang='lat' dir='ltr'>Nos</span> <span class='ocrx_word' id='word_1_930' title='bbox 1598 3253 1656 3274; x_wconf 81' lang='lat' dir='ltr'>non</span> <span class='ocrx_word' id='word_1_931' title='bbox 1676 3241 1817 3276; x_wconf 74' lang='lat' dir='ltr'>habemur</span> <span class='ocrx_word' id='word_1_932' title='bbox 1841 3242 2012 3283; x_wconf 77' lang='lat' dir='ltr'>Pontificem</span> <span class='ocrx_word' id='word_1_933' title='bbox 2034 3251 2089 3276; x_wconf 79' lang='lat' dir='ltr'>aut</span> 
     </span>
     <span class='ocr_line' id='line_1_127' title="bbox 1153 3288 2093 3335; baseline 0.001 -9"><span class='ocrx_word' id='word_1_934' title='bbox 1153 3295 1293 3335; x_wconf 82' lang='lat' dir='ltr'>Papam,</span> <span class='ocrx_word' id='word_1_935' title='bbox 1321 3290 1374 3332; x_wconf 81' lang='lat' dir='ltr'>m&#39;fi</span> <span class='ocrx_word' id='word_1_936' title='bbox 1395 3288 1548 3333; x_wconf 81' lang='lat' dir='ltr'>Caesarem</span> <span class='ocrx_word' id='word_1_937' title='bbox 1568 3293 1581 3325; x_wconf 85' lang='lat'>?</span> <span class='ocrx_word' id='word_1_938' title='bbox 1618 3291 1780 3335; x_wconf 86' lang='lat' dir='ltr'>Nunquid</span> <span class='ocrx_word' id='word_1_939' title='bbox 1803 3291 1883 3325; x_wconf 66' lang='lat' dir='ltr'>adeo</span> <span class='ocrx_word' id='word_1_940' title='bbox 1906 3293 2027 3326; x_wconf 90' lang='lat' dir='ltr'>timetis</span> <span class='ocrx_word' id='word_1_941' title='bbox 2054 3294 2093 3327; x_wconf 90' lang='lat' dir='ltr'>il-</span> 
     </span>
     <span class='ocr_line' id='line_1_128' title="bbox 1151 3339 2094 3385; baseline 0.001 -9"><span class='ocrx_word' id='word_1_942' title='bbox 1151 3344 1219 3377; x_wconf 91' lang='lat' dir='ltr'>lum</span> <span class='ocrx_word' id='word_1_943' title='bbox 1232 3369 1241 3383; x_wconf 90' lang='lat'>,</span> <span class='ocrx_word' id='word_1_944' title='bbox 1268 3343 1324 3384; x_wconf 80' lang='lat' dir='ltr'>qui</span> <span class='ocrx_word' id='word_1_945' title='bbox 1347 3350 1477 3383; x_wconf 86' lang='lat' dir='ltr'>accepta</span> <span class='ocrx_word' id='word_1_946' title='bbox 1488 3341 1661 3375; x_wconf 76' lang='lat' dir='ltr'>Divinitus</span> <span class='ocrx_word' id='word_1_947' title='bbox 1675 3342 1830 3385; x_wconf 83' lang='lat' dir='ltr'>potestate</span> <span class='ocrx_word' id='word_1_948' title='bbox 1849 3352 1984 3385; x_wconf 89' lang='lat' dir='ltr'>corpora</span> <span class='ocrx_word' id='word_1_949' title='bbox 1999 3339 2094 3377; x_wconf 77' lang='lat' dir='ltr'>vexa·</span> 
     </span>
     <span class='ocr_line' id='line_1_129' title="bbox 1150 3391 2092 3437; baseline -0.001 -12"><span class='ocrx_word' id='word_1_950' title='bbox 1150 3393 1315 3437; x_wconf 87' lang='lat' dir='ltr'>repotest‚</span> <span class='ocrx_word' id='word_1_951' title='bbox 1344 3402 1412 3424; x_wconf 92' lang='lat' dir='ltr'>non</span> <span class='ocrx_word' id='word_1_952' title='bbox 1425 3391 1577 3434; x_wconf 90' lang='lat' dir='ltr'>perdere,</span> <span class='ocrx_word' id='word_1_953' title='bbox 1606 3402 1643 3424; x_wconf 92' lang='lat' dir='ltr'>ut</span> <span class='ocrx_word' id='word_1_954' title='bbox 1668 3391 1761 3424; x_wconf 88' lang='lat' dir='ltr'>illum</span> <span class='ocrx_word' id='word_1_955' title='bbox 1773 3393 2012 3431; x_wconf 86' lang='lat' dir='ltr'>contemnatis,</span> <span class='ocrx_word' id='word_1_956' title='bbox 2037 3393 2092 3436; x_wconf 90' lang='lat' dir='ltr'>qui</span> 
     </span>
     <span class='ocr_line' id='line_1_130' title="bbox 1151 3440 2096 3486; baseline -0.003 -8"><span class='ocrx_word' id='word_1_957' title='bbox 1151 3454 1260 3478; x_wconf 86' lang='lat' dir='ltr'>totum</span> <span class='ocrx_word' id='word_1_958' title='bbox 1282 3451 1401 3485; x_wconf 83' lang='lat' dir='ltr'>corpus</span> <span class='ocrx_word' id='word_1_959' title='bbox 1424 3440 1526 3484; x_wconf 87' lang='lat' dir='ltr'>potest</span> <span class='ocrx_word' id='word_1_960' title='bbox 1548 3442 1582 3475; x_wconf 71' lang='grc' dir='ltr'>ὅ(</span> <span class='ocrx_word' id='word_1_961' title='bbox 1604 3441 1747 3474; x_wconf 83' lang='lat' dir='ltr'>animam</span> <span class='ocrx_word' id='word_1_962' title='bbox 1768 3442 1898 3484; x_wconf 88' lang='lat' dir='ltr'>perdere</span> <span class='ocrx_word' id='word_1_963' title='bbox 1917 3443 1950 3476; x_wconf 89' lang='lat' dir='ltr'>in</span> <span class='ocrx_word' id='word_1_964' title='bbox 1975 3441 2096 3486; x_wconf 82' lang='lat' dir='ltr'>gehen-</span> 
     </span>
     <span class='ocr_line' id='line_1_131' title="bbox 1947 3492 2041 3526; baseline 0 -2"><span class='ocrx_word' id='word_1_965' title='bbox 1947 3492 2041 3526; x_wconf 76' lang='lat' dir='ltr'>nam?</span> 
     </span>
    </p>
   </div>
  </div>
 </body>
</html>
