<?xml version="1.0" encoding="UTF-8"?>
<!DOCTYPE html PUBLIC "-//W3C//DTD XHTML 1.0 Transitional//EN"
    "http://www.w3.org/TR/xhtml1/DTD/xhtml1-transitional.dtd">
<html xmlns="http://www.w3.org/1999/xhtml" xml:lang="en" lang="en">
 <head>
  <title>
</title>
<meta http-equiv="Content-Type" content="text/html;charset=utf-8" />
  <meta name='ocr-system' content='tesseract 3.04.00' />
  <meta name='ocr-capabilities' content='ocr_page ocr_carea ocr_par ocr_line ocrx_word'/>
</head>
<body>
  <div class='ocr_page' id='page_1' title='image "./operaomniastudio10lupuuoft_0112.png"; bbox 0 0 2358 3776; ppageno 0'>
   <div class='ocr_carea' id='block_1_1' title="bbox 308 203 1253 595">
    <p class='ocr_par' dir='ltr' id='par_1_1' title="bbox 308 203 1253 595">
     <span class='ocr_line' id='line_1_1' title="bbox 312 203 1252 249; baseline -0.009 -3"><span class='ocrx_word' id='word_1_1' title='bbox 312 213 458 247; x_wconf 73' lang='lat' dir='ltr'>faverent</span> <span class='ocrx_word' id='word_1_2' title='bbox 478 231 489 240; x_wconf 76' lang='grc'><strong>.</strong></span> <span class='ocrx_word' id='word_1_3' title='bbox 523 204 587 242; x_wconf 83' lang='lat' dir='ltr'>Sed</span> <span class='ocrx_word' id='word_1_4' title='bbox 605 205 643 243; x_wconf 72' lang='grc' dir='ltr'>8ο</span> <span class='ocrx_word' id='word_1_5' title='bbox 664 204 803 246; x_wconf 74' lang='lat' dir='ltr'>serviens</span> <span class='ocrx_word' id='word_1_6' title='bbox 820 203 972 241; x_wconf 68' lang='lat' dir='ltr'>&amp;aimari</span> <span class='ocrx_word' id='word_1_7' title='bbox 996 221 1015 247; x_wconf 65' lang='grc' dir='ltr'><strong>ς</strong></span> <span class='ocrx_word' id='word_1_8' title='bbox 1043 205 1121 240; x_wconf 75' lang='lat' dir='ltr'>eum</span> <span class='ocrx_word' id='word_1_9' title='bbox 1141 215 1252 249; x_wconf 87' lang='lat' dir='ltr'>captus</span> 
     </span>
     <span class='ocr_line' id='line_1_2' title="bbox 315 253 1250 298; baseline -0.006 -4"><span class='ocrx_word' id='word_1_10' title='bbox 315 262 445 298; x_wconf 76' lang='lat' dir='ltr'>fuisset,</span> <span class='ocrx_word' id='word_1_11' title='bbox 469 257 586 297; x_wconf 67' lang='lat' dir='ltr'>evasit,</span> <span class='ocrx_word' id='word_1_12' title='bbox 609 256 689 292; x_wconf 74' lang='lat' dir='ltr'>&amp;in</span> <span class='ocrx_word' id='word_1_13' title='bbox 705 253 910 290; x_wconf 78' lang='lat' dir='ltr'>Monasterio</span> <span class='ocrx_word' id='word_1_14' title='bbox 929 255 1050 290; x_wconf 61' lang='lat' dir='ltr'>Sanaae</span> <span class='ocrx_word' id='word_1_15' title='bbox 1074 255 1250 290; x_wconf 78' lang='lat' dir='ltr'>Trinitatis</span> 
     </span>
     <span class='ocr_line' id='line_1_3' title="bbox 315 304 1252 357; baseline -0.009 -12"><span class='ocrx_word' id='word_1_16' title='bbox 315 317 372 357; x_wconf 77' lang='lat' dir='ltr'>pet</span> <span class='ocrx_word' id='word_1_17' title='bbox 391 307 518 352; x_wconf 81' lang='lat' dir='ltr'>aliquot</span> <span class='ocrx_word' id='word_1_18' title='bbox 536 307 609 342; x_wconf 80' lang='lat' dir='ltr'>dies</span> <span class='ocrx_word' id='word_1_19' title='bbox 622 307 760 343; x_wconf 83' lang='lat' dir='ltr'>latitans·</span> <span class='ocrx_word' id='word_1_20' title='bbox 775 330 786 346; x_wconf 91' lang='lat'>,</span> <span class='ocrx_word' id='word_1_21' title='bbox 811 304 944 339; x_wconf 79' lang='lat' dir='ltr'>tandem</span> <span class='ocrx_word' id='word_1_22' title='bbox 961 304 1118 340; x_wconf 84' lang='lat' dir='ltr'>liberatus</span> <span class='ocrx_word' id='word_1_23' title='bbox 1139 331 1150 346; x_wconf 88' lang='lat'>,</span> <span class='ocrx_word' id='word_1_24' title='bbox 1186 316 1252 351; x_wconf 91' lang='lat' dir='ltr'>quo</span> 
     </span>
     <span class='ocr_line' id='line_1_4' title="bbox 314 354 1252 402; baseline -0.01 -7"><span class='ocrx_word' id='word_1_25' title='bbox 314 360 480 395; x_wconf 87' lang='lat' dir='ltr'>diverterit</span> <span class='ocrx_word' id='word_1_26' title='bbox 490 382 501 398; x_wconf 92' lang='lat'>,</span> <span class='ocrx_word' id='word_1_27' title='bbox 511 366 517 369; x_wconf 75' lang='grc'><strong>“</strong></span> <span class='ocrx_word' id='word_1_28' title='bbox 527 357 729 402; x_wconf 72' lang='lat' dir='ltr'>ignoramus.</span> <span class='ocrx_word' id='word_1_29' title='bbox 758 354 959 390; x_wconf 78' lang='lat' dir='ltr'>Audivimus</span> <span class='ocrx_word' id='word_1_30' title='bbox 967 364 1078 389; x_wconf 87' lang='lat' dir='ltr'>autem</span> <span class='ocrx_word' id='word_1_31' title='bbox 1089 357 1124 390; x_wconf 75' lang='grc' dir='ltr'>ὅτ.</span> <span class='ocrx_word' id='word_1_32' title='bbox 1136 356 1179 390; x_wconf 88' lang='lat' dir='ltr'>de</span> <span class='ocrx_word' id='word_1_33' title='bbox 1197 355 1252 387; x_wconf 87' lang='lat' dir='ltr'>mi·</span> 
     </span>
     <span class='ocr_line' id='line_1_5' title="bbox 313 403 1253 452; baseline -0.004 -10"><span class='ocrx_word' id='word_1_34' title='bbox 313 408 486 443; x_wconf 76' lang='lat' dir='ltr'>litantibus</span> <span class='ocrx_word' id='word_1_35' title='bbox 497 406 619 452; x_wconf 72' lang='lat' dir='ltr'>Regis,</span> <span class='ocrx_word' id='word_1_36' title='bbox 652 405 843 440; x_wconf 79' lang='lat' dir='ltr'>reaedificare</span> <span class='ocrx_word' id='word_1_37' title='bbox 862 403 898 438; x_wconf 70' lang='grc' dir='ltr'>ὃς</span> <span class='ocrx_word' id='word_1_38' title='bbox 918 404 1046 438; x_wconf 86' lang='lat' dir='ltr'>munire</span> <span class='ocrx_word' id='word_1_39' title='bbox 1068 405 1253 440; x_wconf 88' lang='lat' dir='ltr'>volentibus</span> 
     </span>
     <span class='ocr_line' id='line_1_6' title="bbox 312 451 1250 503; baseline -0.004 -11"><span class='ocrx_word' id='word_1_40' title='bbox 312 458 543 503; x_wconf 78' lang='lat' dir='ltr'>Hansinweret</span> <span class='ocrx_word' id='word_1_41' title='bbox 568 482 578 497; x_wconf 93' lang='lat'><em>‚</em></span> <span class='ocrx_word' id='word_1_42' title='bbox 602 456 693 501; x_wconf 70' lang='lat' dir='ltr'>qued</span> <span class='ocrx_word' id='word_1_43' title='bbox 713 456 732 490; x_wconf 72' lang='lat' dir='ltr'>a</span> <span class='ocrx_word' id='word_1_44' title='bbox 754 451 966 488; x_wconf 81' lang='lat' dir='ltr'>Wallensibus</span> <span class='ocrx_word' id='word_1_45' title='bbox 986 453 1092 488; x_wconf 74' lang='lat' dir='ltr'>subito</span> <span class='ocrx_word' id='word_1_46' title='bbox 1113 456 1250 499; x_wconf 82' lang='lat' dir='ltr'>superve-</span> 
     </span>
     <span class='ocr_line' id='line_1_7' title="bbox 310 503 1252 551; baseline -0.005 -6"><span class='ocrx_word' id='word_1_47' title='bbox 310 509 476 545; x_wconf 76' lang='lat' dir='ltr'>nientibus</span> <span class='ocrx_word' id='word_1_48' title='bbox 488 507 614 551; x_wconf 83' lang='lat' dir='ltr'>plurimi</span> <span class='ocrx_word' id='word_1_49' title='bbox 626 507 685 540; x_wconf 88' lang='lat' dir='ltr'>sint</span> <span class='ocrx_word' id='word_1_50' title='bbox 695 503 903 549; x_wconf 86' lang='lat' dir='ltr'>interempti,</span> <span class='ocrx_word' id='word_1_51' title='bbox 928 503 1074 548; x_wconf 77' lang='lat' dir='ltr'>plerique</span> <span class='ocrx_word' id='word_1_52' title='bbox 1094 505 1167 540; x_wconf 80' lang='lat' dir='ltr'>vero</span> <span class='ocrx_word' id='word_1_53' title='bbox 1179 507 1252 540; x_wconf 88' lang='lat' dir='ltr'>sau-</span> 
     </span>
     <span class='ocr_line' id='line_1_8' title="bbox 308 554 844 595; baseline -0.013 -1"><span class='ocrx_word' id='word_1_54' title='bbox 308 558 389 594; x_wconf 66' lang='lat' dir='ltr'>ciati</span> <span class='ocrx_word' id='word_1_55' title='bbox 402 583 409 591; x_wconf 83' lang='grc'><strong>.</strong></span> <span class='ocrx_word' id='word_1_56' title='bbox 437 558 554 595; x_wconf 78' lang='lat' dir='ltr'>Valeat</span> <span class='ocrx_word' id='word_1_57' title='bbox 565 557 713 591; x_wconf 62' lang='lat' dir='ltr'>sanctitas</span> <span class='ocrx_word' id='word_1_58' title='bbox 723 554 825 590; x_wconf 79' lang='lat' dir='ltr'>vestra</span> <span class='ocrx_word' id='word_1_59' title='bbox 837 579 844 587; x_wconf 92' lang='lat'><em>.</em></span> 
     </span>
    </p>
   </div>
   <div class='ocr_carea' id='block_1_2' title="bbox 483 650 1074 797">
    <p class='ocr_par' dir='ltr' id='par_1_2' title="bbox 483 650 1074 797">
     <span class='ocr_line' id='line_1_9' title="bbox 483 650 1074 694; baseline -0.008 -1"><span class='ocrx_word' id='word_1_60' title='bbox 483 650 891 694; x_wconf 80' lang='lat' dir='ltr'>EPISTOLA</span> <span class='ocrx_word' id='word_1_61' title='bbox 950 653 1074 690; x_wconf 86' lang='lat' dir='ltr'>XLVI.</span> 
     </span>
     <span class='ocr_line' id='line_1_10' title="bbox 534 752 1024 797; baseline -0.01 -5"><span class='ocrx_word' id='word_1_62' title='bbox 534 759 618 793; x_wconf 83' lang='lat' dir='ltr'><em>Idem</em></span> <span class='ocrx_word' id='word_1_63' title='bbox 643 758 737 792; x_wconf 79' lang='lat' dir='ltr'>eidem</span> <span class='ocrx_word' id='word_1_64' title='bbox 763 752 1024 797; x_wconf 58' lang='lat' dir='ltr'>ArchivEpt&#39;scopo.</span> 
     </span>
    </p>
   </div>
   <div class='ocr_carea' id='block_1_3' title="bbox 295 852 1250 2200">
    <p class='ocr_par' dir='ltr' id='par_1_3' title="bbox 295 852 1250 2200">
     <span class='ocr_line' id='line_1_11' title="bbox 423 852 1250 899; baseline -0.007 -4"><span class='ocrx_word' id='word_1_65' title='bbox 423 852 608 895; x_wconf 84' lang='lat' dir='ltr'><strong>OLESTE</strong></span> <span class='ocrx_word' id='word_1_66' title='bbox 627 856 775 895; x_wconf 85' lang='lat' dir='ltr'>ferimus,</span> <span class='ocrx_word' id='word_1_67' title='bbox 801 853 1035 899; x_wconf 73' lang='lat' dir='ltr'>&amp;ultraquam</span> <span class='ocrx_word' id='word_1_68' title='bbox 1046 854 1153 892; x_wconf 80' lang='lat' dir='ltr'>dicere</span> <span class='ocrx_word' id='word_1_69' title='bbox 1179 855 1250 898; x_wconf 87' lang='lat' dir='ltr'>pos-</span> 
     </span>
     <span class='ocr_line' id='line_1_12' title="bbox 336 904 1250 950; baseline -0.003 -7"><span class='ocrx_word' id='word_1_70' title='bbox 336 925 339 927; x_wconf 93' lang='lat'>·</span> <span class='ocrx_word' id='word_1_71' title='bbox 449 911 542 943; x_wconf 89' lang='lat' dir='ltr'>simus</span> <span class='ocrx_word' id='word_1_72' title='bbox 560 907 776 944; x_wconf 85' lang='lat' dir='ltr'>condolemus</span> <span class='ocrx_word' id='word_1_73' title='bbox 791 928 803 944; x_wconf 92' lang='lat'>,</span> <span class='ocrx_word' id='word_1_74' title='bbox 836 904 925 947; x_wconf 72' lang='lat' dir='ltr'>quod</span> <span class='ocrx_word' id='word_1_75' title='bbox 946 905 987 940; x_wconf 87' lang='lat' dir='ltr'>ad</span> <span class='ocrx_word' id='word_1_76' title='bbox 1009 916 1067 941; x_wconf 86' lang='lat' dir='ltr'>vos</span> <span class='ocrx_word' id='word_1_77' title='bbox 1087 905 1131 941; x_wconf 73' lang='lat' dir='ltr'>eo</span> <span class='ocrx_word' id='word_1_78' title='bbox 1152 906 1250 950; x_wconf 89' lang='lat' dir='ltr'>usque</span> 
     </span>
     <span class='ocr_line' id='line_1_13' title="bbox 304 953 1247 1003; baseline -0.006 -8"><span class='ocrx_word' id='word_1_79' title='bbox 304 961 414 995; x_wconf 80' lang='lat' dir='ltr'>venire</span> <span class='ocrx_word' id='word_1_80' title='bbox 425 972 493 994; x_wconf 90' lang='lat' dir='ltr'>non</span> <span class='ocrx_word' id='word_1_81' title='bbox 507 959 692 1003; x_wconf 87' lang='lat' dir='ltr'>potuimus.</span> <span class='ocrx_word' id='word_1_82' title='bbox 718 954 781 990; x_wconf 87' lang='lat' dir='ltr'>Sed</span> <span class='ocrx_word' id='word_1_83' title='bbox 791 953 837 989; x_wconf 84' lang='lat' dir='ltr'>est</span> <span class='ocrx_word' id='word_1_84' title='bbox 848 955 940 990; x_wconf 89' lang='lat' dir='ltr'>causa</span> <span class='ocrx_word' id='word_1_85' title='bbox 950 955 1126 1001; x_wconf 78' lang='lat' dir='ltr'>multiplex</span> <span class='ocrx_word' id='word_1_86' title='bbox 1138 956 1173 989; x_wconf 77' lang='grc' dir='ltr'>ἀ</span> <span class='ocrx_word' id='word_1_87' title='bbox 1186 967 1247 989; x_wconf 88' lang='lat' dir='ltr'>ma-</span> 
     </span>
     <span class='ocr_line' id='line_1_14' title="bbox 308 1005 1249 1055; baseline -0.006 -11"><span class='ocrx_word' id='word_1_88' title='bbox 308 1021 376 1055; x_wconf 77' lang='lat' dir='ltr'>gna</span> <span class='ocrx_word' id='word_1_89' title='bbox 389 1035 397 1042; x_wconf 91' lang='lat'><em>.</em></span> <span class='ocrx_word' id='word_1_90' title='bbox 424 1008 549 1044; x_wconf 89' lang='lat' dir='ltr'>Debito</span> <span class='ocrx_word' id='word_1_91' title='bbox 562 1017 701 1048; x_wconf 87' lang='lat' dir='ltr'>namque</span> <span class='ocrx_word' id='word_1_92' title='bbox 713 1014 808 1040; x_wconf 87' lang='lat' dir='ltr'>tanto</span> <span class='ocrx_word' id='word_1_93' title='bbox 826 1006 935 1041; x_wconf 85' lang='lat' dir='ltr'>sumus</span> <span class='ocrx_word' id='word_1_94' title='bbox 955 1006 1118 1052; x_wconf 84' lang='lat' dir='ltr'>obligati,</span> <span class='ocrx_word' id='word_1_95' title='bbox 1145 1005 1249 1050; x_wconf 79' lang='lat' dir='ltr'>praeci-</span> 
     </span>
     <span class='ocr_line' id='line_1_15' title="bbox 304 1053 1249 1102; baseline -0.005 -9"><span class='ocrx_word' id='word_1_96' title='bbox 304 1059 369 1102; x_wconf 74' lang='lat' dir='ltr'>pue</span> <span class='ocrx_word' id='word_1_97' title='bbox 380 1070 438 1102; x_wconf 86' lang='lat' dir='ltr'>pro</span> <span class='ocrx_word' id='word_1_98' title='bbox 447 1057 566 1098; x_wconf 89' lang='lat' dir='ltr'>domo,</span> <span class='ocrx_word' id='word_1_99' title='bbox 594 1067 689 1100; x_wconf 88' lang='lat' dir='ltr'>quam</span> <span class='ocrx_word' id='word_1_100' title='bbox 701 1055 841 1090; x_wconf 84' lang='lat' dir='ltr'>emimus</span> <span class='ocrx_word' id='word_1_101' title='bbox 852 1068 942 1091; x_wconf 88' lang='lat' dir='ltr'>auno</span> <span class='ocrx_word' id='word_1_102' title='bbox 955 1057 1115 1101; x_wconf 75' lang='lat' dir='ltr'>praeterito</span> <span class='ocrx_word' id='word_1_103' title='bbox 1125 1079 1136 1095; x_wconf 93' lang='lat'>‚</span> <span class='ocrx_word' id='word_1_104' title='bbox 1159 1053 1249 1099; x_wconf 75' lang='lat' dir='ltr'>quod</span> 
     </span>
     <span class='ocr_line' id='line_1_16' title="bbox 302 1105 1249 1151; baseline -0.002 -10"><span class='ocrx_word' id='word_1_105' title='bbox 302 1108 390 1151; x_wconf 85' lang='lat' dir='ltr'>quasi</span> <span class='ocrx_word' id='word_1_106' title='bbox 404 1108 540 1151; x_wconf 84' lang='lat' dir='ltr'>singulis</span> <span class='ocrx_word' id='word_1_107' title='bbox 556 1106 689 1147; x_wconf 87' lang='lat' dir='ltr'>diebus,</span> <span class='ocrx_word' id='word_1_108' title='bbox 715 1115 751 1140; x_wconf 92' lang='lat' dir='ltr'>ut</span> <span class='ocrx_word' id='word_1_109' title='bbox 773 1105 947 1140; x_wconf 88' lang='lat' dir='ltr'>terminum</span> <span class='ocrx_word' id='word_1_110' title='bbox 968 1106 1154 1140; x_wconf 87' lang='lat' dir='ltr'>differamus</span> <span class='ocrx_word' id='word_1_111' title='bbox 1174 1106 1249 1149; x_wconf 86' lang='lat' dir='ltr'>sup-</span> 
     </span>
     <span class='ocr_line' id='line_1_17' title="bbox 303 1154 1248 1208; baseline -0.001 -18"><span class='ocrx_word' id='word_1_112' title='bbox 303 1156 457 1208; x_wconf 69' lang='lat' dir='ltr'>plicando</span> <span class='ocrx_word' id='word_1_113' title='bbox 471 1181 483 1197; x_wconf 92' lang='lat'>‚</span> <span class='ocrx_word' id='word_1_114' title='bbox 508 1166 568 1190; x_wconf 88' lang='lat' dir='ltr'>nos</span> <span class='ocrx_word' id='word_1_115' title='bbox 581 1165 733 1198; x_wconf 87' lang='lat' dir='ltr'>oporteat</span> <span class='ocrx_word' id='word_1_116' title='bbox 743 1155 871 1202; x_wconf 85' lang='lat' dir='ltr'>ingredi</span> <span class='ocrx_word' id='word_1_117' title='bbox 880 1156 1048 1191; x_wconf 88' lang='lat' dir='ltr'>civitatem</span> <span class='ocrx_word' id='word_1_118' title='bbox 1065 1181 1076 1197; x_wconf 91' lang='lat'>‚</span> <span class='ocrx_word' id='word_1_119' title='bbox 1100 1157 1141 1190; x_wconf 78' lang='lat' dir='ltr'>eo</span> <span class='ocrx_word' id='word_1_120' title='bbox 1159 1154 1248 1199; x_wconf 79' lang='lat' dir='ltr'>quod</span> 
     </span>
     <span class='ocr_line' id='line_1_18' title="bbox 302 1206 1247 1251; baseline -0.002 -9"><span class='ocrx_word' id='word_1_121' title='bbox 302 1208 449 1251; x_wconf 85' lang='lat' dir='ltr'>pecuniae</span> <span class='ocrx_word' id='word_1_122' title='bbox 462 1218 529 1240; x_wconf 90' lang='lat' dir='ltr'>non</span> <span class='ocrx_word' id='word_1_123' title='bbox 556 1206 752 1242; x_wconf 88' lang='lat' dir='ltr'>sufficiamus</span> <span class='ocrx_word' id='word_1_124' title='bbox 771 1206 892 1240; x_wconf 90' lang='lat' dir='ltr'>solvere</span> <span class='ocrx_word' id='word_1_125' title='bbox 909 1208 1126 1250; x_wconf 80' lang='lat' dir='ltr'>quantitatem</span> <span class='ocrx_word' id='word_1_126' title='bbox 1150 1231 1158 1240; x_wconf 87' lang='lat'><strong>.</strong></span> <span class='ocrx_word' id='word_1_127' title='bbox 1186 1206 1247 1240; x_wconf 86' lang='lat' dir='ltr'>Sed</span> 
     </span>
     <span class='ocr_line' id='line_1_19' title="bbox 300 1255 1248 1300; baseline -0.002 -8"><span class='ocrx_word' id='word_1_128' title='bbox 300 1258 335 1293; x_wconf 71' lang='grc' dir='ltr'>ὅ(</span> <span class='ocrx_word' id='word_1_129' title='bbox 347 1259 379 1291; x_wconf 91' lang='lat' dir='ltr'>in</span> <span class='ocrx_word' id='word_1_130' title='bbox 392 1259 477 1291; x_wconf 58' lang='lat' dir='ltr'>arao</span> <span class='ocrx_word' id='word_1_131' title='bbox 491 1257 652 1290; x_wconf 85' lang='lat' dir='ltr'>sumusex</span> <span class='ocrx_word' id='word_1_132' title='bbox 673 1257 735 1290; x_wconf 89' lang='lat' dir='ltr'>alia</span> <span class='ocrx_word' id='word_1_133' title='bbox 749 1266 839 1299; x_wconf 86' lang='lat' dir='ltr'>parte</span> <span class='ocrx_word' id='word_1_134' title='bbox 852 1280 863 1296; x_wconf 92' lang='lat'>‚</span> <span class='ocrx_word' id='word_1_135' title='bbox 900 1256 1040 1300; x_wconf 77' lang='lat' dir='ltr'>eoquod</span> <span class='ocrx_word' id='word_1_136' title='bbox 1061 1257 1134 1291; x_wconf 81' lang='lat' dir='ltr'>Rex</span> <span class='ocrx_word' id='word_1_137' title='bbox 1155 1255 1189 1289; x_wconf 87' lang='lat'>&amp;</span> <span class='ocrx_word' id='word_1_138' title='bbox 1202 1257 1248 1290; x_wconf 91' lang='lat' dir='ltr'>sui</span> 
     </span>
     <span class='ocr_line' id='line_1_20' title="bbox 303 1305 1248 1352; baseline -0.002 -10"><span class='ocrx_word' id='word_1_139' title='bbox 303 1307 510 1352; x_wconf 84' lang='lat' dir='ltr'>Rothomagi</span> <span class='ocrx_word' id='word_1_140' title='bbox 525 1317 712 1341; x_wconf 88' lang='lat' dir='ltr'>morentur.</span> <span class='ocrx_word' id='word_1_141' title='bbox 741 1305 848 1341; x_wconf 74' lang='lat' dir='ltr'>Unde</span> <span class='ocrx_word' id='word_1_142' title='bbox 867 1307 889 1340; x_wconf 83' lang='lat' dir='ltr'><strong>fi</strong></span> <span class='ocrx_word' id='word_1_143' title='bbox 913 1318 972 1341; x_wconf 87' lang='lat' dir='ltr'>nos</span> <span class='ocrx_word' id='word_1_144' title='bbox 988 1307 1119 1341; x_wconf 87' lang='lat' dir='ltr'>interim</span> <span class='ocrx_word' id='word_1_145' title='bbox 1141 1305 1248 1340; x_wconf 88' lang='lat' dir='ltr'>absen-</span> 
     </span>
     <span class='ocr_line' id='line_1_21' title="bbox 300 1356 1245 1399; baseline -0.002 -7"><span class='ocrx_word' id='word_1_146' title='bbox 300 1368 460 1396; x_wconf 89' lang='lat' dir='ltr'>taremus,</span> <span class='ocrx_word' id='word_1_147' title='bbox 487 1356 527 1390; x_wconf 78' lang='lat' dir='ltr'>ne</span> <span class='ocrx_word' id='word_1_148' title='bbox 538 1356 596 1391; x_wconf 87' lang='lat' dir='ltr'>fibi</span> <span class='ocrx_word' id='word_1_149' title='bbox 618 1357 852 1399; x_wconf 85' lang='lat' dir='ltr'>innotesceret,</span> <span class='ocrx_word' id='word_1_150' title='bbox 880 1357 1147 1392; x_wconf 74' lang='lat' dir='ltr'>formIdaremus.</span> <span class='ocrx_word' id='word_1_151' title='bbox 1177 1357 1245 1391; x_wconf 91' lang='lat' dir='ltr'>Du·</span> 
     </span>
     <span class='ocr_line' id='line_1_22' title="bbox 299 1405 1249 1451; baseline -0.003 -8"><span class='ocrx_word' id='word_1_152' title='bbox 299 1420 370 1443; x_wconf 90' lang='lat' dir='ltr'>rum</span> <span class='ocrx_word' id='word_1_153' title='bbox 382 1409 470 1442; x_wconf 89' lang='lat' dir='ltr'>enirn</span> <span class='ocrx_word' id='word_1_154' title='bbox 483 1405 616 1442; x_wconf 87' lang='lat' dir='ltr'>verbum</span> <span class='ocrx_word' id='word_1_155' title='bbox 625 1407 670 1442; x_wconf 90' lang='lat' dir='ltr'>est</span> <span class='ocrx_word' id='word_1_156' title='bbox 684 1408 719 1441; x_wconf 92' lang='lat' dir='ltr'>in</span> <span class='ocrx_word' id='word_1_157' title='bbox 732 1406 863 1442; x_wconf 89' lang='lat' dir='ltr'>auribus</span> <span class='ocrx_word' id='word_1_158' title='bbox 882 1407 950 1451; x_wconf 82' lang='lat' dir='ltr'>ejus</span> <span class='ocrx_word' id='word_1_159' title='bbox 970 1407 1004 1441; x_wconf 73' lang='lat' dir='ltr'>&lt;Sc</span> <span class='ocrx_word' id='word_1_160' title='bbox 1030 1406 1210 1442; x_wconf 81' lang='lat' dir='ltr'>execrabile</span> <span class='ocrx_word' id='word_1_161' title='bbox 1238 1430 1249 1447; x_wconf 91' lang='lat'>,</span> 
     </span>
     <span class='ocr_line' id='line_1_23' title="bbox 298 1457 1247 1502; baseline -0.001 -9"><span class='ocrx_word' id='word_1_162' title='bbox 298 1458 390 1500; x_wconf 78' lang='lat' dir='ltr'>quod</span> <span class='ocrx_word' id='word_1_163' title='bbox 402 1457 442 1492; x_wconf 89' lang='lat' dir='ltr'>de</span> <span class='ocrx_word' id='word_1_164' title='bbox 454 1457 659 1492; x_wconf 87' lang='lat' dir='ltr'>vobisetiam</span> <span class='ocrx_word' id='word_1_165' title='bbox 681 1458 792 1502; x_wconf 87' lang='lat' dir='ltr'>aliqua</span> <span class='ocrx_word' id='word_1_166' title='bbox 815 1457 943 1493; x_wconf 84' lang='lat' dir='ltr'>mentio</span> <span class='ocrx_word' id='word_1_167' title='bbox 965 1459 1038 1492; x_wconf 85' lang='lat' dir='ltr'>fiat.</span> <span class='ocrx_word' id='word_1_168' title='bbox 1068 1457 1142 1491; x_wconf 89' lang='lat' dir='ltr'>Nec</span> <span class='ocrx_word' id='word_1_169' title='bbox 1152 1468 1247 1501; x_wconf 82' lang='lat' dir='ltr'>appa-</span> 
     </span>
     <span class='ocr_line' id='line_1_24' title="bbox 299 1506 1244 1553; baseline -0.002 -10"><span class='ocrx_word' id='word_1_170' title='bbox 299 1520 347 1543; x_wconf 85' lang='lat' dir='ltr'>ret</span> <span class='ocrx_word' id='word_1_171' title='bbox 360 1509 415 1553; x_wconf 88' lang='lat' dir='ltr'>qui</span> <span class='ocrx_word' id='word_1_172' title='bbox 426 1508 467 1542; x_wconf 89' lang='lat' dir='ltr'>de</span> <span class='ocrx_word' id='word_1_173' title='bbox 485 1506 578 1543; x_wconf 91' lang='lat' dir='ltr'>vobis</span> <span class='ocrx_word' id='word_1_174' title='bbox 589 1507 672 1543; x_wconf 78' lang='lat' dir='ltr'>bene</span> <span class='ocrx_word' id='word_1_175' title='bbox 683 1508 835 1552; x_wconf 88' lang='lat' dir='ltr'>loquatur</span> <span class='ocrx_word' id='word_1_176' title='bbox 847 1533 859 1548; x_wconf 91' lang='lat'>,</span> <span class='ocrx_word' id='word_1_177' title='bbox 885 1507 979 1543; x_wconf 87' lang='lat' dir='ltr'>velin</span> <span class='ocrx_word' id='word_1_178' title='bbox 988 1507 1055 1551; x_wconf 85' lang='lat' dir='ltr'>ejus</span> <span class='ocrx_word' id='word_1_179' title='bbox 1075 1508 1244 1551; x_wconf 69' lang='lat' dir='ltr'>conspestu</span> 
     </span>
     <span class='ocr_line' id='line_1_25' title="bbox 298 1556 1248 1603; baseline -0.002 -10"><span class='ocrx_word' id='word_1_180' title='bbox 298 1560 402 1594; x_wconf 79' lang='lat' dir='ltr'>facere</span> <span class='ocrx_word' id='word_1_181' title='bbox 414 1558 513 1594; x_wconf 88' lang='lat' dir='ltr'>etiam</span> <span class='ocrx_word' id='word_1_182' title='bbox 526 1559 730 1594; x_wconf 81' lang='lat' dir='ltr'>mentionem</span> <span class='ocrx_word' id='word_1_183' title='bbox 743 1558 861 1592; x_wconf 89' lang='lat' dir='ltr'>audeat</span> <span class='ocrx_word' id='word_1_184' title='bbox 868 1582 885 1595; x_wconf 83' lang='grc'>,.</span> <span class='ocrx_word' id='word_1_185' title='bbox 912 1557 1032 1603; x_wconf 75' lang='lat' dir='ltr'>Longe</span> <span class='ocrx_word' id='word_1_186' title='bbox 1044 1556 1121 1592; x_wconf 73' lang='lat' dir='ltr'>vero</span> <span class='ocrx_word' id='word_1_187' title='bbox 1132 1557 1248 1591; x_wconf 78' lang='lat' dir='ltr'>melius</span> 
     </span>
     <span class='ocr_line' id='line_1_26' title="bbox 300 1606 1246 1652; baseline -0.001 -10"><span class='ocrx_word' id='word_1_188' title='bbox 300 1608 396 1643; x_wconf 89' lang='lat' dir='ltr'>nobis</span> <span class='ocrx_word' id='word_1_189' title='bbox 409 1609 566 1648; x_wconf 88' lang='lat' dir='ltr'>novistis,</span> <span class='ocrx_word' id='word_1_190' title='bbox 592 1606 684 1652; x_wconf 76' lang='lat' dir='ltr'>quod</span> <span class='ocrx_word' id='word_1_191' title='bbox 707 1609 742 1642; x_wconf 84' lang='lat' dir='ltr'>in</span> <span class='ocrx_word' id='word_1_192' title='bbox 764 1610 852 1642; x_wconf 72' lang='lat' dir='ltr'>atsto</span> <span class='ocrx_word' id='word_1_193' title='bbox 873 1608 933 1649; x_wconf 85' lang='lat' dir='ltr'>fit,</span> <span class='ocrx_word' id='word_1_194' title='bbox 962 1608 997 1643; x_wconf 76' lang='grc' dir='ltr'>δι</span> <span class='ocrx_word' id='word_1_195' title='bbox 1019 1606 1087 1652; x_wconf 72' lang='lat' dir='ltr'>quo</span> <span class='ocrx_word' id='word_1_196' title='bbox 1099 1607 1131 1642; x_wconf 86' lang='lat' dir='ltr'>se</span> <span class='ocrx_word' id='word_1_197' title='bbox 1144 1617 1246 1642; x_wconf 88' lang='lat' dir='ltr'>vertat</span> 
     </span>
     <span class='ocr_line' id='line_1_27' title="bbox 298 1657 1246 1700; baseline -0.003 -6"><span class='ocrx_word' id='word_1_198' title='bbox 298 1671 367 1694; x_wconf 87' lang='lat' dir='ltr'>non</span> <span class='ocrx_word' id='word_1_199' title='bbox 380 1659 492 1693; x_wconf 90' lang='lat' dir='ltr'>novit.</span> <span class='ocrx_word' id='word_1_200' title='bbox 520 1659 612 1691; x_wconf 87' lang='lat' dir='ltr'>Hinc</span> <span class='ocrx_word' id='word_1_201' title='bbox 633 1657 725 1691; x_wconf 84' lang='lat' dir='ltr'>enim</span> <span class='ocrx_word' id='word_1_202' title='bbox 745 1658 776 1689; x_wconf 88' lang='lat' dir='ltr'>ei</span> <span class='ocrx_word' id='word_1_203' title='bbox 799 1658 955 1700; x_wconf 86' lang='lat' dir='ltr'>Regnum</span> <span class='ocrx_word' id='word_1_204' title='bbox 980 1659 1180 1692; x_wconf 86' lang='lat' dir='ltr'>Francorum</span> <span class='ocrx_word' id='word_1_205' title='bbox 1193 1657 1246 1692; x_wconf 86' lang='lat' dir='ltr'>ad-</span> 
     </span>
     <span class='ocr_line' id='line_1_28' title="bbox 298 1704 1243 1748; baseline -0.002 -6"><span class='ocrx_word' id='word_1_206' title='bbox 298 1710 441 1744; x_wconf 84' lang='lat' dir='ltr'>versatur</span> <span class='ocrx_word' id='word_1_207' title='bbox 455 1731 462 1739; x_wconf 91' lang='lat'><em>.</em></span> <span class='ocrx_word' id='word_1_208' title='bbox 489 1705 584 1739; x_wconf 74' lang='lat' dir='ltr'>Hinc</span> <span class='ocrx_word' id='word_1_209' title='bbox 596 1715 692 1748; x_wconf 86' lang='lat' dir='ltr'>pavet</span> <span class='ocrx_word' id='word_1_210' title='bbox 700 1704 912 1738; x_wconf 61' lang='lat' dir='ltr'>Pidiavienses</span> <span class='ocrx_word' id='word_1_211' title='bbox 924 1727 936 1743; x_wconf 90' lang='lat'>,</span> <span class='ocrx_word' id='word_1_212' title='bbox 962 1704 1041 1739; x_wconf 88' lang='lat' dir='ltr'>hinc</span> <span class='ocrx_word' id='word_1_213' title='bbox 1064 1706 1243 1741; x_wconf 81' lang='lat' dir='ltr'>Wallenses</span> 
     </span>
     <span class='ocr_line' id='line_1_29' title="bbox 298 1753 1248 1797; baseline -0.007 -2"><span class='ocrx_word' id='word_1_214' title='bbox 298 1756 474 1795; x_wconf 85' lang='lat' dir='ltr'>formidat.</span> <span class='ocrx_word' id='word_1_215' title='bbox 500 1755 574 1790; x_wconf 89' lang='lat' dir='ltr'>Nec</span> <span class='ocrx_word' id='word_1_216' title='bbox 593 1753 735 1794; x_wconf 75' lang='lat' dir='ltr'>mirum,</span> <span class='ocrx_word' id='word_1_217' title='bbox 761 1762 859 1797; x_wconf 87' lang='lat' dir='ltr'>quem</span> <span class='ocrx_word' id='word_1_218' title='bbox 881 1753 1023 1787; x_wconf 83' lang='lat' dir='ltr'>Ecclesia</span> <span class='ocrx_word' id='word_1_219' title='bbox 1050 1764 1118 1787; x_wconf 87' lang='lat' dir='ltr'>non</span> <span class='ocrx_word' id='word_1_220' title='bbox 1143 1764 1248 1797; x_wconf 84' lang='lat' dir='ltr'>prote·</span> 
     </span>
     <span class='ocr_line' id='line_1_30' title="bbox 297 1801 1248 1854; baseline -0.004 -12"><span class='ocrx_word' id='word_1_221' title='bbox 297 1810 351 1854; x_wconf 89' lang='lat' dir='ltr'>git</span> <span class='ocrx_word' id='word_1_222' title='bbox 363 1833 373 1849; x_wconf 87' lang='lat'>,</span> <span class='ocrx_word' id='word_1_223' title='bbox 398 1807 419 1840; x_wconf 82' lang='lat' dir='ltr'><strong>fi</strong></span> <span class='ocrx_word' id='word_1_224' title='bbox 430 1805 536 1850; x_wconf 89' lang='lat' dir='ltr'>plures</span> <span class='ocrx_word' id='word_1_225' title='bbox 545 1813 616 1839; x_wconf 86' lang='lat' dir='ltr'>ruat</span> <span class='ocrx_word' id='word_1_226' title='bbox 626 1803 661 1838; x_wconf 88' lang='lat' dir='ltr'>in</span> <span class='ocrx_word' id='word_1_227' title='bbox 671 1801 793 1838; x_wconf 85' lang='lat' dir='ltr'>hostes.</span> <span class='ocrx_word' id='word_1_228' title='bbox 821 1802 947 1838; x_wconf 74' lang='lat' dir='ltr'>Verum</span> <span class='ocrx_word' id='word_1_229' title='bbox 959 1803 981 1837; x_wconf 86' lang='lat' dir='ltr'>fi</span> <span class='ocrx_word' id='word_1_230' title='bbox 1000 1803 1031 1838; x_wconf 91' lang='lat' dir='ltr'>se</span> <span class='ocrx_word' id='word_1_231' title='bbox 1041 1802 1133 1838; x_wconf 85' lang='lat' dir='ltr'>locus</span> <span class='ocrx_word' id='word_1_232' title='bbox 1144 1804 1179 1838; x_wconf 74' lang='grc' dir='ltr'>ὅ(</span> <span class='ocrx_word' id='word_1_233' title='bbox 1191 1813 1248 1847; x_wconf 87' lang='lat' dir='ltr'>op·</span> 
     </span>
     <span class='ocr_line' id='line_1_31' title="bbox 298 1852 1247 1903; baseline -0.005 -10"><span class='ocrx_word' id='word_1_234' title='bbox 298 1857 482 1903; x_wconf 84' lang='lat' dir='ltr'>portunitas</span> <span class='ocrx_word' id='word_1_235' title='bbox 492 1852 696 1894; x_wconf 88' lang='lat' dir='ltr'>obtulerint,</span> <span class='ocrx_word' id='word_1_236' title='bbox 722 1852 821 1897; x_wconf 69' lang='lat' dir='ltr'>quam</span> <span class='ocrx_word' id='word_1_237' title='bbox 831 1852 1008 1888; x_wconf 75' lang='lat' dir='ltr'>citiusfieri</span> <span class='ocrx_word' id='word_1_238' title='bbox 1031 1853 1178 1897; x_wconf 85' lang='lat' dir='ltr'>poterit,</span> <span class='ocrx_word' id='word_1_239' title='bbox 1203 1853 1247 1888; x_wconf 88' lang='lat' dir='ltr'>al-</span> 
     </span>
     <span class='ocr_line' id='line_1_32' title="bbox 299 1903 1248 1948; baseline -0.007 -4"><span class='ocrx_word' id='word_1_240' title='bbox 299 1920 348 1944; x_wconf 87' lang='lat' dir='ltr'>ter</span> <span class='ocrx_word' id='word_1_241' title='bbox 359 1906 525 1946; x_wconf 85' lang='lat' dir='ltr'>nostrum,</span> <span class='ocrx_word' id='word_1_242' title='bbox 552 1903 606 1938; x_wconf 83' lang='lat' dir='ltr'>vel</span> <span class='ocrx_word' id='word_1_243' title='bbox 618 1914 707 1948; x_wconf 82' lang='lat' dir='ltr'>ego,</span> <span class='ocrx_word' id='word_1_244' title='bbox 733 1903 784 1937; x_wconf 92' lang='lat' dir='ltr'>vel</span> <span class='ocrx_word' id='word_1_245' title='bbox 803 1903 956 1947; x_wconf 84' lang='lat' dir='ltr'>magister</span> <span class='ocrx_word' id='word_1_246' title='bbox 976 1903 1174 1939; x_wconf 86' lang='lat' dir='ltr'>Heribertus</span> <span class='ocrx_word' id='word_1_247' title='bbox 1194 1913 1248 1937; x_wconf 88' lang='lat' dir='ltr'>ve-</span> 
     </span>
     <span class='ocr_line' id='line_1_33' title="bbox 296 1952 1247 1999; baseline -0.003 -7"><span class='ocrx_word' id='word_1_248' title='bbox 296 1957 393 1992; x_wconf 75' lang='lat' dir='ltr'>stram</span> <span class='ocrx_word' id='word_1_249' title='bbox 403 1952 602 1999; x_wconf 80' lang='lat' dir='ltr'>praesentiam</span> <span class='ocrx_word' id='word_1_250' title='bbox 613 1952 719 1988; x_wconf 89' lang='lat' dir='ltr'>adibit</span> <span class='ocrx_word' id='word_1_251' title='bbox 727 1977 740 1993; x_wconf 87' lang='lat'>,</span> <span class='ocrx_word' id='word_1_252' title='bbox 765 1953 800 1987; x_wconf 72' lang='lat' dir='ltr'>dr</span> <span class='ocrx_word' id='word_1_253' title='bbox 812 1952 902 1996; x_wconf 91' lang='lat' dir='ltr'>quod</span> <span class='ocrx_word' id='word_1_254' title='bbox 914 1953 1047 1988; x_wconf 81' lang='lat' dir='ltr'>interim</span> <span class='ocrx_word' id='word_1_255' title='bbox 1073 1954 1145 1989; x_wconf 90' lang='lat' dir='ltr'>sciri</span> <span class='ocrx_word' id='word_1_256' title='bbox 1155 1961 1247 1997; x_wconf 79' lang='lat' dir='ltr'>pote-</span> 
     </span>
     <span class='ocr_line' id='line_1_34' title="bbox 295 2001 1246 2051; baseline -0.005 -8"><span class='ocrx_word' id='word_1_257' title='bbox 295 2008 360 2048; x_wconf 83' lang='lat' dir='ltr'>rit,</span> <span class='ocrx_word' id='word_1_258' title='bbox 387 2003 526 2051; x_wconf 78' lang='lat' dir='ltr'>plenarie</span> <span class='ocrx_word' id='word_1_259' title='bbox 538 2002 633 2039; x_wconf 86' lang='lat' dir='ltr'>vobis</span> <span class='ocrx_word' id='word_1_260' title='bbox 644 2001 848 2046; x_wconf 84' lang='lat' dir='ltr'>apportabit.</span> <span class='ocrx_word' id='word_1_261' title='bbox 878 2001 959 2036; x_wconf 88' lang='lat' dir='ltr'>Hoc</span> <span class='ocrx_word' id='word_1_262' title='bbox 982 2012 1093 2038; x_wconf 86' lang='lat' dir='ltr'>tamen</span> <span class='ocrx_word' id='word_1_263' title='bbox 1115 2003 1246 2038; x_wconf 83' lang='lat' dir='ltr'>interim</span> 
     </span>
     <span class='ocr_line' id='line_1_35' title="bbox 295 2051 1248 2097; baseline -0.006 -4"><span class='ocrx_word' id='word_1_264' title='bbox 295 2056 392 2092; x_wconf 89' lang='lat' dir='ltr'>vobis</span> <span class='ocrx_word' id='word_1_265' title='bbox 409 2054 589 2090; x_wconf 88' lang='lat' dir='ltr'>innotescat</span> <span class='ocrx_word' id='word_1_266' title='bbox 603 2077 614 2094; x_wconf 90' lang='lat'>‚</span> <span class='ocrx_word' id='word_1_267' title='bbox 640 2053 716 2097; x_wconf 88' lang='lat' dir='ltr'>quia</span> <span class='ocrx_word' id='word_1_268' title='bbox 726 2062 823 2096; x_wconf 85' lang='lat' dir='ltr'>quam</span> <span class='ocrx_word' id='word_1_269' title='bbox 834 2062 947 2095; x_wconf 81' lang='lat' dir='ltr'>pacem</span> <span class='ocrx_word' id='word_1_270' title='bbox 956 2051 975 2086; x_wconf 73' lang='lat' dir='ltr'>a</span> <span class='ocrx_word' id='word_1_271' title='bbox 999 2051 1094 2096; x_wconf 83' lang='lat' dir='ltr'>Rege</span> <span class='ocrx_word' id='word_1_272' title='bbox 1106 2053 1248 2087; x_wconf 86' lang='lat' dir='ltr'>Franco-</span> 
     </span>
     <span class='ocr_line' id='line_1_36' title="bbox 297 2099 1246 2149; baseline -0.005 -8"><span class='ocrx_word' id='word_1_273' title='bbox 297 2118 370 2142; x_wconf 87' lang='lat' dir='ltr'>rum</span> <span class='ocrx_word' id='word_1_274' title='bbox 382 2104 500 2141; x_wconf 80' lang='lat' dir='ltr'>habere</span> <span class='ocrx_word' id='word_1_275' title='bbox 511 2104 687 2149; x_wconf 86' lang='lat' dir='ltr'>poterimus</span> <span class='ocrx_word' id='word_1_276' title='bbox 696 2125 707 2142; x_wconf 88' lang='lat'>‚</span> <span class='ocrx_word' id='word_1_277' title='bbox 732 2103 870 2145; x_wconf 87' lang='lat' dir='ltr'>recipere</span> <span class='ocrx_word' id='word_1_278' title='bbox 882 2099 1021 2136; x_wconf 73' lang='lat' dir='ltr'>minime</span> <span class='ocrx_word' id='word_1_279' title='bbox 1041 2102 1226 2138; x_wconf 82' lang='lat' dir='ltr'>differemus</span> <span class='ocrx_word' id='word_1_280' title='bbox 1237 2127 1246 2136; x_wconf 86' lang='lat'>.</span> 
     </span>
     <span class='ocr_line' id='line_1_37' title="bbox 298 2151 960 2200; baseline -0.014 -7"><span class='ocrx_word' id='word_1_281' title='bbox 298 2157 416 2193; x_wconf 83' lang='lat' dir='ltr'>Valeat</span> <span class='ocrx_word' id='word_1_282' title='bbox 428 2157 464 2191; x_wconf 89' lang='lat' dir='ltr'>in</span> <span class='ocrx_word' id='word_1_283' title='bbox 477 2165 668 2200; x_wconf 87' lang='lat' dir='ltr'>perpetuum</span> <span class='ocrx_word' id='word_1_284' title='bbox 679 2154 825 2188; x_wconf 70' lang='lat' dir='ltr'>sanctitas</span> <span class='ocrx_word' id='word_1_285' title='bbox 835 2151 938 2187; x_wconf 74' lang='lat' dir='ltr'>vestra</span> <span class='ocrx_word' id='word_1_286' title='bbox 952 2176 960 2184; x_wconf 90' lang='lat'>.</span> 
     </span>
    </p>
   </div>
   <div class='ocr_carea' id='block_1_4' title="bbox 474 2302 1076 2343">
    <p class='ocr_par' dir='ltr' id='par_1_4' title="bbox 474 2302 1076 2343">
     <span class='ocr_line' id='line_1_38' title="bbox 474 2302 1076 2343; baseline -0.008 0"><span class='ocrx_word' id='word_1_287' title='bbox 474 2302 884 2343; x_wconf 78' lang='lat' dir='ltr'>EPISTOLA</span> <span class='ocrx_word' id='word_1_288' title='bbox 936 2303 1076 2339; x_wconf 82' lang='lat' dir='ltr'>XLVII.</span> 
     </span>
    </p>
   </div>
   <div class='ocr_carea' id='block_1_5' title="bbox 348 2403 1197 2499">
    <p class='ocr_par' dir='ltr' id='par_1_5' title="bbox 348 2403 1197 2499">
     <span class='ocr_line' id='line_1_39' title="bbox 348 2403 1197 2447; baseline -0.004 -6"><span class='ocrx_word' id='word_1_289' title='bbox 348 2410 491 2443; x_wconf 78' lang='lat' dir='ltr'>Dominus</span> <span class='ocrx_word' id='word_1_290' title='bbox 515 2403 738 2447; x_wconf 77' lang='lat' dir='ltr'>cantuarienfis</span> <span class='ocrx_word' id='word_1_291' title='bbox 762 2405 889 2439; x_wconf 67' lang='lat' dir='ltr'>Falconi</span> <span class='ocrx_word' id='word_1_292' title='bbox 916 2403 1177 2447; x_wconf 74' lang='lat' dir='ltr'>DecanoRemenfi</span> <span class='ocrx_word' id='word_1_293' title='bbox 1185 2429 1197 2447; x_wconf 93' lang='lat'>‚</span> 
     </span>
     <span class='ocr_line' id='line_1_40' title="bbox 619 2455 921 2499; baseline -0.013 -8"><span class='ocrx_word' id='word_1_294' title='bbox 619 2463 730 2499; x_wconf 66' lang='lat' dir='ltr'>totique</span> <span class='ocrx_word' id='word_1_295' title='bbox 753 2455 893 2499; x_wconf 65' lang='lat' dir='ltr'>eapteulo</span> <span class='ocrx_word' id='word_1_296' title='bbox 913 2479 921 2488; x_wconf 89' lang='lat'>.</span> 
     </span>
    </p>
   </div>
   <div class='ocr_carea' id='block_1_6' title="bbox 299 2554 1258 3301">
    <p class='ocr_par' dir='ltr' id='par_1_6' title="bbox 391 2554 1247 2650">
     <span class='ocr_line' id='line_1_41' title="bbox 391 2554 1246 2602; baseline -0.006 -8"><span class='ocrx_word' id='word_1_297' title='bbox 391 2554 590 2595; x_wconf 82' lang='lat' dir='ltr'>uoNlAM</span> <span class='ocrx_word' id='word_1_298' title='bbox 617 2557 818 2602; x_wconf 88' lang='lat' dir='ltr'>incorpore,</span> <span class='ocrx_word' id='word_1_299' title='bbox 844 2554 945 2592; x_wconf 83' lang='lat' dir='ltr'>&amp;&#39;de</span> <span class='ocrx_word' id='word_1_300' title='bbox 963 2566 1100 2600; x_wconf 81' lang='lat' dir='ltr'>corpore</span> <span class='ocrx_word' id='word_1_301' title='bbox 1123 2554 1246 2592; x_wconf 85' lang='lat' dir='ltr'>Christi</span> 
     </span>
     <span class='ocr_line' id='line_1_42' title="bbox 425 2605 1247 2650; baseline -0.001 -7"><span class='ocrx_word' id='word_1_302' title='bbox 425 2608 588 2643; x_wconf 62' lang='lat' dir='ltr'>“onstituti</span> <span class='ocrx_word' id='word_1_303' title='bbox 603 2630 613 2648; x_wconf 89' lang='lat'>,</span> <span class='ocrx_word' id='word_1_304' title='bbox 639 2608 719 2643; x_wconf 87' lang='lat' dir='ltr'>alter</span> <span class='ocrx_word' id='word_1_305' title='bbox 730 2608 864 2642; x_wconf 90' lang='lat' dir='ltr'>alterius</span> <span class='ocrx_word' id='word_1_306' title='bbox 874 2605 1019 2642; x_wconf 88' lang='lat' dir='ltr'>membra</span> <span class='ocrx_word' id='word_1_307' title='bbox 1030 2607 1138 2650; x_wconf 67' lang='lat' dir='ltr'>simus</span> <span class='ocrx_word' id='word_1_308' title='bbox 1150 2631 1161 2648; x_wconf 88' lang='lat'>,</span> <span class='ocrx_word' id='word_1_309' title='bbox 1179 2616 1247 2642; x_wconf 82' lang='lat' dir='ltr'>mu·</span> 
     </span>
    </p>

    <p class='ocr_par' dir='ltr' id='par_1_7' title="bbox 414 2655 1249 2701">
     <span class='ocr_line' id='line_1_43' title="bbox 414 2655 1249 2701; baseline -0.004 -7"><span class='ocrx_word' id='word_1_310' title='bbox 414 2661 475 2694; x_wconf 83' lang='lat' dir='ltr'>tuis</span> <span class='ocrx_word' id='word_1_311' title='bbox 497 2655 662 2700; x_wconf 85' lang='lat' dir='ltr'>obsequiis</span> <span class='ocrx_word' id='word_1_312' title='bbox 687 2657 783 2692; x_wconf 89' lang='lat' dir='ltr'>nobis</span> <span class='ocrx_word' id='word_1_313' title='bbox 803 2657 946 2692; x_wconf 87' lang='lat' dir='ltr'>invicem</span> <span class='ocrx_word' id='word_1_314' title='bbox 962 2656 1118 2691; x_wconf 86' lang='lat' dir='ltr'>deservire</span> <span class='ocrx_word' id='word_1_315' title='bbox 1139 2681 1151 2700; x_wconf 86' lang='lat'>‚</span> <span class='ocrx_word' id='word_1_316' title='bbox 1184 2657 1249 2701; x_wconf 88' lang='lat' dir='ltr'>pia·</span> 
     </span>
    </p>

    <p class='ocr_par' dir='ltr' id='par_1_8' title="bbox 299 2706 1258 3301">
     <span class='ocr_line' id='line_1_44' title="bbox 299 2706 1248 2755; baseline -0.004 -11"><span class='ocrx_word' id='word_1_317' title='bbox 299 2722 363 2755; x_wconf 87' lang='lat' dir='ltr'>que</span> <span class='ocrx_word' id='word_1_318' title='bbox 377 2707 607 2744; x_wconf 75' lang='lat' dir='ltr'>necessitudine</span> <span class='ocrx_word' id='word_1_319' title='bbox 628 2707 707 2740; x_wconf 88' lang='lat' dir='ltr'>alter</span> <span class='ocrx_word' id='word_1_320' title='bbox 727 2707 856 2740; x_wconf 83' lang='lat' dir='ltr'>alterius</span> <span class='ocrx_word' id='word_1_321' title='bbox 881 2717 981 2741; x_wconf 86' lang='lat' dir='ltr'>onera</span> <span class='ocrx_word' id='word_1_322' title='bbox 1006 2717 1133 2751; x_wconf 88' lang='lat' dir='ltr'>portare</span> <span class='ocrx_word' id='word_1_323' title='bbox 1156 2706 1248 2743; x_wconf 87' lang='lat' dir='ltr'>debe-</span> 
     </span>
     <span class='ocr_line' id='line_1_45' title="bbox 302 2754 1249 2801; baseline -0.003 -7"><span class='ocrx_word' id='word_1_324' title='bbox 302 2771 375 2794; x_wconf 89' lang='lat' dir='ltr'>mus</span> <span class='ocrx_word' id='word_1_325' title='bbox 399 2774 409 2793; x_wconf 86' lang='lat'>.-</span> <span class='ocrx_word' id='word_1_326' title='bbox 446 2756 541 2792; x_wconf 68' lang='lat' dir='ltr'>tanto</span> <span class='ocrx_word' id='word_1_327' title='bbox 553 2754 706 2790; x_wconf 74' lang='lat' dir='ltr'>nimirum</span> <span class='ocrx_word' id='word_1_328' title='bbox 729 2755 951 2796; x_wconf 70' lang='lat' dir='ltr'>affectuosius,</span> <span class='ocrx_word' id='word_1_329' title='bbox 978 2757 1104 2801; x_wconf 78' lang='lat' dir='ltr'>quanto</span> <span class='ocrx_word' id='word_1_330' title='bbox 1125 2756 1249 2792; x_wconf 79' lang='lat' dir='ltr'>firmius</span> 
     </span>
     <span class='ocr_line' id='line_1_46' title="bbox 301 2805 1249 2852; baseline -0.003 -8"><span class='ocrx_word' id='word_1_331' title='bbox 301 2809 437 2844; x_wconf 84' lang='lat' dir='ltr'>adidem</span> <span class='ocrx_word' id='word_1_332' title='bbox 449 2818 556 2852; x_wconf 77' lang='lat' dir='ltr'>praeter</span> <span class='ocrx_word' id='word_1_333' title='bbox 567 2805 738 2840; x_wconf 73' lang='lat' dir='ltr'>catholica:</span> <span class='ocrx_word' id='word_1_334' title='bbox 749 2806 994 2840; x_wconf 83' lang='lat' dir='ltr'>communionis</span> <span class='ocrx_word' id='word_1_335' title='bbox 1007 2807 1172 2842; x_wconf 79' lang='lat' dir='ltr'>vinculum</span> <span class='ocrx_word' id='word_1_336' title='bbox 1185 2808 1249 2850; x_wconf 86' lang='lat' dir='ltr'>spe·</span> 
     </span>
     <span class='ocr_line' id='line_1_47' title="bbox 303 2855 1252 2902; baseline -0.002 -9"><span class='ocrx_word' id='word_1_337' title='bbox 303 2859 381 2894; x_wconf 85' lang='lat' dir='ltr'>ciali</span> <span class='ocrx_word' id='word_1_338' title='bbox 393 2869 523 2902; x_wconf 87' lang='lat' dir='ltr'>quoque</span> <span class='ocrx_word' id='word_1_339' title='bbox 535 2855 703 2890; x_wconf 85' lang='lat' dir='ltr'>Clericalis</span> <span class='ocrx_word' id='word_1_340' title='bbox 714 2855 915 2897; x_wconf 85' lang='lat' dir='ltr'>profeffionis</span> <span class='ocrx_word' id='word_1_341' title='bbox 927 2868 1030 2891; x_wconf 84' lang='lat' dir='ltr'>nexus</span> <span class='ocrx_word' id='word_1_342' title='bbox 1043 2867 1187 2893; x_wconf 86' lang='lat' dir='ltr'>tenemur</span> <span class='ocrx_word' id='word_1_343' title='bbox 1198 2857 1252 2892; x_wconf 87' lang='lat' dir='ltr'>ad·</span> 
     </span>
     <span class='ocr_line' id='line_1_48' title="bbox 305 2904 1251 2951; baseline 0 -8"><span class='ocrx_word' id='word_1_344' title='bbox 305 2909 422 2943; x_wconf 66' lang='lat' dir='ltr'>stricti.</span> <span class='ocrx_word' id='word_1_345' title='bbox 447 2907 499 2941; x_wconf 86' lang='lat' dir='ltr'>Ut</span> <span class='ocrx_word' id='word_1_346' title='bbox 512 2904 681 2950; x_wconf 83' lang='lat' dir='ltr'>praesertim</span> <span class='ocrx_word' id='word_1_347' title='bbox 693 2904 828 2948; x_wconf 88' lang='lat' dir='ltr'>quando</span> <span class='ocrx_word' id='word_1_348' title='bbox 854 2915 914 2938; x_wconf 87' lang='lat' dir='ltr'>nos</span> <span class='ocrx_word' id='word_1_349' title='bbox 934 2906 1069 2942; x_wconf 72' lang='lat' dir='ltr'>adversis</span> <span class='ocrx_word' id='word_1_350' title='bbox 1091 2908 1251 2951; x_wconf 85' lang='lat' dir='ltr'>dispensa-</span> 
     </span>
     <span class='ocr_line' id='line_1_49' title="bbox 306 2954 1251 3001; baseline -0.002 -7"><span class='ocrx_word' id='word_1_351' title='bbox 306 2960 356 2994; x_wconf 87' lang='lat' dir='ltr'>tio</span> <span class='ocrx_word' id='word_1_352' title='bbox 377 2960 517 3001; x_wconf 81' lang='lat' dir='ltr'>supernae</span> <span class='ocrx_word' id='word_1_353' title='bbox 541 2956 755 2990; x_wconf 81' lang='lat' dir='ltr'>miserationis</span> <span class='ocrx_word' id='word_1_354' title='bbox 777 2954 903 2988; x_wconf 86' lang='lat' dir='ltr'>erudire</span> <span class='ocrx_word' id='word_1_355' title='bbox 925 2955 1066 2991; x_wconf 86' lang='lat' dir='ltr'>decrevit</span> <span class='ocrx_word' id='word_1_356' title='bbox 1092 2983 1104 3000; x_wconf 84' lang='lat'>‚</span> <span class='ocrx_word' id='word_1_357' title='bbox 1128 2957 1251 2992; x_wconf 80' lang='lat' dir='ltr'>casibus</span> 
     </span>
     <span class='ocr_line' id='line_1_50' title="bbox 308 3002 1250 3054; baseline -0.001 -12"><span class='ocrx_word' id='word_1_358' title='bbox 308 3007 537 3054; x_wconf 72' lang='lat' dir='ltr'>ingruentibus</span> <span class='ocrx_word' id='word_1_359' title='bbox 549 3016 716 3040; x_wconf 88' lang='lat' dir='ltr'>occurrant</span> <span class='ocrx_word' id='word_1_360' title='bbox 727 3005 875 3038; x_wconf 71' lang='lat' dir='ltr'>fraternae</span> <span class='ocrx_word' id='word_1_361' title='bbox 885 3002 1050 3039; x_wconf 83' lang='lat' dir='ltr'>charitatis</span> <span class='ocrx_word' id='word_1_362' title='bbox 1072 3018 1149 3043; x_wconf 86' lang='lat' dir='ltr'>cum</span> <span class='ocrx_word' id='word_1_363' title='bbox 1170 3007 1250 3042; x_wconf 85' lang='lat' dir='ltr'>hila-</span> 
     </span>
     <span class='ocr_line' id='line_1_51' title="bbox 306 3054 1253 3101; baseline -0.001 -9"><span class='ocrx_word' id='word_1_364' title='bbox 306 3058 401 3094; x_wconf 84' lang='lat' dir='ltr'>ritate</span> <span class='ocrx_word' id='word_1_365' title='bbox 423 3056 534 3091; x_wconf 69' lang='lat' dir='ltr'>solatia</span> <span class='ocrx_word' id='word_1_366' title='bbox 566 3068 575 3089; x_wconf 91' lang='lat'>:</span> <span class='ocrx_word' id='word_1_367' title='bbox 613 3055 707 3090; x_wconf 77' lang='lat' dir='ltr'>tanto</span> <span class='ocrx_word' id='word_1_368' title='bbox 740 3054 923 3098; x_wconf 73' lang='lat' dir='ltr'>promptius</span> <span class='ocrx_word' id='word_1_369' title='bbox 946 3064 1043 3099; x_wconf 88' lang='lat' dir='ltr'>atque</span> <span class='ocrx_word' id='word_1_370' title='bbox 1074 3058 1253 3101; x_wconf 79' lang='lat' dir='ltr'>gratantius</span> 
     </span>
     <span class='ocr_line' id='line_1_52' title="bbox 309 3103 1255 3150; baseline -0.003 -6"><span class='ocrx_word' id='word_1_371' title='bbox 309 3107 493 3144; x_wconf 85' lang='lat' dir='ltr'>exhibenda</span> <span class='ocrx_word' id='word_1_372' title='bbox 507 3127 517 3146; x_wconf 87' lang='lat'>,</span> <span class='ocrx_word' id='word_1_373' title='bbox 543 3103 668 3150; x_wconf 71' lang='lat' dir='ltr'>quanto</span> <span class='ocrx_word' id='word_1_374' title='bbox 688 3104 1009 3148; x_wconf 80' lang='lat' dir='ltr'>comprehenduntur</span> <span class='ocrx_word' id='word_1_375' title='bbox 1029 3107 1134 3142; x_wconf 75' lang='lat' dir='ltr'>esse&amp;</span> <span class='ocrx_word' id='word_1_376' title='bbox 1147 3108 1255 3141; x_wconf 92' lang='lat' dir='ltr'>immi·</span> 
     </span>
     <span class='ocr_line' id='line_1_53' title="bbox 307 3154 1258 3200; baseline -0.002 -7"><span class='ocrx_word' id='word_1_377' title='bbox 307 3169 408 3198; x_wconf 78' lang='lat' dir='ltr'>uente</span> <span class='ocrx_word' id='word_1_378' title='bbox 420 3154 603 3192; x_wconf 83' lang='lat' dir='ltr'>ueceffitate</span> <span class='ocrx_word' id='word_1_379' title='bbox 630 3154 734 3200; x_wconf 88' lang='lat' dir='ltr'>magis</span> <span class='ocrx_word' id='word_1_380' title='bbox 754 3155 885 3195; x_wconf 82' lang='lat' dir='ltr'>debita,</span> <span class='ocrx_word' id='word_1_381' title='bbox 913 3154 947 3188; x_wconf 76' lang='lat' dir='ltr'>dr.</span> <span class='ocrx_word' id='word_1_382' title='bbox 969 3155 1113 3190; x_wconf 82' lang='lat' dir='ltr'>fervente</span> <span class='ocrx_word' id='word_1_383' title='bbox 1124 3157 1258 3191; x_wconf 83' lang='lat' dir='ltr'>tribula-</span> 
     </span>
     <span class='ocr_line' id='line_1_54' title="bbox 309 3203 1256 3252; baseline -0.004 -8"><span class='ocrx_word' id='word_1_384' title='bbox 309 3210 405 3244; x_wconf 87' lang='lat' dir='ltr'>tione</span> <span class='ocrx_word' id='word_1_385' title='bbox 418 3207 675 3252; x_wconf 68' lang='lat' dir='ltr'>opportuniora·</span> <span class='ocrx_word' id='word_1_386' title='bbox 699 3205 780 3238; x_wconf 76' lang='lat' dir='ltr'>Inde</span> <span class='ocrx_word' id='word_1_387' title='bbox 803 3204 871 3243; x_wconf 83' lang='lat' dir='ltr'>est,</span> <span class='ocrx_word' id='word_1_388' title='bbox 897 3203 986 3245; x_wconf 76' lang='lat' dir='ltr'>quod</span> <span class='ocrx_word' id='word_1_389' title='bbox 1013 3206 1256 3247; x_wconf 71' lang='lat' dir='ltr'>possessionibus</span> 
     </span>
     <span class='ocr_line' id='line_1_55' title="bbox 311 3254 1255 3301; baseline -0.003 -8"><span class='ocrx_word' id='word_1_390' title='bbox 311 3258 427 3293; x_wconf 85' lang='lat' dir='ltr'>nostris</span> <span class='ocrx_word' id='word_1_391' title='bbox 440 3269 496 3301; x_wconf 87' lang='lat' dir='ltr'>pro</span> <span class='ocrx_word' id='word_1_392' title='bbox 509 3256 676 3291; x_wconf 83' lang='lat' dir='ltr'>voluntate</span> <span class='ocrx_word' id='word_1_393' title='bbox 690 3254 852 3299; x_wconf 83' lang='lat' dir='ltr'>Principis</span> <span class='ocrx_word' id='word_1_394' title='bbox 873 3262 969 3298; x_wconf 88' lang='lat' dir='ltr'>atque</span> <span class='ocrx_word' id='word_1_395' title='bbox 992 3255 1132 3289; x_wconf 85' lang='lat' dir='ltr'>Domini</span> <span class='ocrx_word' id='word_1_396' title='bbox 1155 3256 1255 3290; x_wconf 85' lang='lat' dir='ltr'>nostri</span> 
     </span>
    </p>
   </div>
   <div class='ocr_carea' id='block_1_7' title="bbox 245 3302 1256 3350">
    <p class='ocr_par' dir='ltr' id='par_1_9' title="bbox 245 3302 1256 3350">
     <span class='ocr_line' id='line_1_56' title="bbox 245 3302 1256 3350; baseline -0.003 -8"><span class='ocrx_word' id='word_1_397' title='bbox 245 3326 249 3328; x_wconf 94' lang='lat'>·</span> <span class='ocrx_word' id='word_1_398' title='bbox 312 3309 346 3342; x_wconf 89' lang='lat' dir='ltr'>in</span> <span class='ocrx_word' id='word_1_399' title='bbox 369 3306 603 3350; x_wconf 71' lang='lat' dir='ltr'>praesentiarum</span> <span class='ocrx_word' id='word_1_400' title='bbox 624 3302 790 3344; x_wconf 81' lang='lat' dir='ltr'>destituti,</span> <span class='ocrx_word' id='word_1_401' title='bbox 819 3305 1018 3348; x_wconf 83' lang='lat' dir='ltr'>praesentium</span> <span class='ocrx_word' id='word_1_402' title='bbox 1040 3305 1175 3339; x_wconf 80' lang='lat' dir='ltr'>latorem</span> <span class='ocrx_word' id='word_1_403' title='bbox 1193 3317 1256 3339; x_wconf 89' lang='lat' dir='ltr'>ma-</span> 
     </span>
    </p>
   </div>
   <div class='ocr_carea' id='block_1_8' title="bbox 312 3352 1258 3441">
    <p class='ocr_par' dir='ltr' id='par_1_10' title="bbox 312 3352 1258 3441">
     <span class='ocr_line' id='line_1_57' title="bbox 312 3352 1258 3401; baseline 0.001 -12"><span class='ocrx_word' id='word_1_404' title='bbox 312 3359 447 3401; x_wconf 71' lang='lat' dir='ltr'>gistrum</span> <span class='ocrx_word' id='word_1_405' title='bbox 460 3357 647 3401; x_wconf 81' lang='lat' dir='ltr'>Philippum</span> <span class='ocrx_word' id='word_1_406' title='bbox 659 3352 700 3389; x_wconf 86' lang='lat' dir='ltr'>de</span> <span class='ocrx_word' id='word_1_407' title='bbox 724 3354 857 3395; x_wconf 86' lang='lat' dir='ltr'>Calcia,</span> <span class='ocrx_word' id='word_1_408' title='bbox 884 3354 1050 3389; x_wconf 87' lang='lat' dir='ltr'>Clericum</span> <span class='ocrx_word' id='word_1_409' title='bbox 1075 3355 1219 3390; x_wconf 84' lang='lat' dir='ltr'>nostrum</span> <span class='ocrx_word' id='word_1_410' title='bbox 1247 3380 1258 3395; x_wconf 92' lang='lat'>,</span> 
     </span>
     <span class='ocr_line' id='line_1_58' title="bbox 313 3404 1256 3441; baseline -0.003 0"><span class='ocrx_word' id='word_1_411' title='bbox 313 3416 443 3441; x_wconf 89' lang='lat' dir='ltr'>morum</span> <span class='ocrx_word' id='word_1_412' title='bbox 470 3406 715 3441; x_wconf 81' lang='lat' dir='ltr'>conversatione</span> <span class='ocrx_word' id='word_1_413' title='bbox 740 3405 774 3438; x_wconf 80' lang='lat' dir='ltr'>dc</span> <span class='ocrx_word' id='word_1_414' title='bbox 809 3404 986 3439; x_wconf 87' lang='lat' dir='ltr'>litterarum</span> <span class='ocrx_word' id='word_1_415' title='bbox 1019 3404 1137 3440; x_wconf 88' lang='lat' dir='ltr'>notitia</span> <span class='ocrx_word' id='word_1_416' title='bbox 1174 3416 1256 3440; x_wconf 88' lang='lat' dir='ltr'>com-</span> 
     </span>
    </p>
   </div>
   <div class='ocr_carea' id='block_1_9' title="bbox 1302 0 1492 36">
    <p class='ocr_par' dir='ltr' id='par_1_11' title="bbox 1302 0 1492 36">
     <span class='ocr_line' id='line_1_59' title="bbox 1302 0 1492 36; baseline -0.011 -16"><span class='ocrx_word' id='word_1_417' title='bbox 1302 11 1307 15; x_wconf 89' lang='lat'>·</span> <span class='ocrx_word' id='word_1_418' title='bbox 1348 0 1378 20; x_wconf 61' lang='lat' dir='ltr'>‘el</span> <span class='ocrx_word' id='word_1_419' title='bbox 1412 3 1438 36; x_wconf 39' lang='grc' dir='ltr'>,ἐς</span> <span class='ocrx_word' id='word_1_420' title='bbox 1490 5 1492 7; x_wconf 95' lang='grc'><em>·</em></span> 
     </span>
    </p>
   </div>
   <div class='ocr_carea' id='block_1_10' title="bbox 862 115 1593 168">
    <p class='ocr_par' dir='ltr' id='par_1_12' title="bbox 862 115 1593 168">
     <span class='ocr_line' id='line_1_60' title="bbox 862 115 1593 168; baseline 0.008 -7"><span class='ocrx_word' id='word_1_421' title='bbox 862 117 877 130; x_wconf 59' lang='grc'>”’</span> <span class='ocrx_word' id='word_1_422' title='bbox 931 123 935 161; x_wconf 80' lang='lat'>3</span> <span class='ocrx_word' id='word_1_423' title='bbox 987 115 1593 168; x_wconf 68' lang='lat' dir='ltr'>“EPIS&#39;T-OLAE&#39;</span> 
     </span>
    </p>
   </div>
   <div class='ocr_carea' id='block_1_11' title="bbox 1311 203 2260 804">
    <p class='ocr_par' dir='ltr' id='par_1_13' title="bbox 1311 203 2260 804">
     <span class='ocr_line' id='line_1_61' title="bbox 1311 203 2257 254; baseline 0.012 -17"><span class='ocrx_word' id='word_1_424' title='bbox 1311 204 1583 246; x_wconf 82' lang='lat' dir='ltr'>excanduerunt,</span> <span class='ocrx_word' id='word_1_425' title='bbox 1609 203 1704 240; x_wconf 88' lang='lat' dir='ltr'>nobis</span> <span class='ocrx_word' id='word_1_426' title='bbox 1724 228 1736 245; x_wconf 85' lang='lat'>,</span> <span class='ocrx_word' id='word_1_427' title='bbox 1762 206 1843 240; x_wconf 82' lang='lat' dir='ltr'>stcut</span> <span class='ocrx_word' id='word_1_428' title='bbox 1865 206 2002 250; x_wconf 82' lang='lat' dir='ltr'>debuit,</span> <span class='ocrx_word' id='word_1_429' title='bbox 2027 209 2174 254; x_wconf 65' lang='lat' dir='ltr'>adhaesit,</span> <span class='ocrx_word' id='word_1_430' title='bbox 2204 220 2257 247; x_wconf 58' lang='lat' dir='ltr'>re*-</span> 
     </span>
     <span class='ocr_line' id='line_1_62' title="bbox 1316 253 2257 301; baseline 0.006 -13"><span class='ocrx_word' id='word_1_431' title='bbox 1316 253 1374 289; x_wconf 90' lang='lat' dir='ltr'>bus</span> <span class='ocrx_word' id='word_1_432' title='bbox 1384 256 1447 290; x_wconf 85' lang='lat' dir='ltr'>suis</span> <span class='ocrx_word' id='word_1_433' title='bbox 1459 257 1504 291; x_wconf 87' lang='lat' dir='ltr'>est</span> <span class='ocrx_word' id='word_1_434' title='bbox 1514 256 1716 301; x_wconf 85' lang='lat' dir='ltr'>exspoliatus</span> <span class='ocrx_word' id='word_1_435' title='bbox 1733 280 1744 296; x_wconf 96' lang='lat'>,</span> <span class='ocrx_word' id='word_1_436' title='bbox 1770 256 1959 292; x_wconf 88' lang='lat' dir='ltr'>Serenitatis</span> <span class='ocrx_word' id='word_1_437' title='bbox 1978 260 2083 296; x_wconf 77' lang='lat' dir='ltr'>vestra:</span> <span class='ocrx_word' id='word_1_438' title='bbox 2103 261 2257 298; x_wconf 71' lang='lat' dir='ltr'>charitati</span> 
     </span>
     <span class='ocr_line' id='line_1_63' title="bbox 1315 306 2260 355; baseline 0.012 -17"><span class='ocrx_word' id='word_1_439' title='bbox 1315 307 1562 341; x_wconf 80' lang='lat' dir='ltr'>transmittimus</span> <span class='ocrx_word' id='word_1_440' title='bbox 1573 330 1586 348; x_wconf 93' lang='lat'>‚</span> <span class='ocrx_word' id='word_1_441' title='bbox 1610 307 1765 342; x_wconf 72' lang='lat' dir='ltr'>attentit&#39;u</span> <span class='ocrx_word' id='word_1_442' title='bbox 1776 306 1994 349; x_wconf 76' lang='lat' dir='ltr'>obnixiusque</span> <span class='ocrx_word' id='word_1_443' title='bbox 2003 319 2151 354; x_wconf 78' lang='lat' dir='ltr'>rogantes</span> <span class='ocrx_word' id='word_1_444' title='bbox 2159 337 2171 355; x_wconf 92' lang='lat'>,</span> <span class='ocrx_word' id='word_1_445' title='bbox 2182 323 2260 355; x_wconf 75' lang='lat' dir='ltr'>qua-</span> 
     </span>
     <span class='ocr_line' id='line_1_64' title="bbox 1314 356 2256 404; baseline 0.012 -17"><span class='ocrx_word' id='word_1_446' title='bbox 1314 356 1408 390; x_wconf 82' lang='lat' dir='ltr'>tenus</span> <span class='ocrx_word' id='word_1_447' title='bbox 1431 357 1555 391; x_wconf 85' lang='lat' dir='ltr'>intuitu</span> <span class='ocrx_word' id='word_1_448' title='bbox 1572 357 1663 398; x_wconf 89' lang='lat' dir='ltr'>Dei,</span> <span class='ocrx_word' id='word_1_449' title='bbox 1689 358 1994 401; x_wconf 77' lang='lat' dir='ltr'>amorisque&#39;nostri</span> <span class='ocrx_word' id='word_1_450' title='bbox 2014 382 2028 400; x_wconf 89' lang='lat'>‚</span> <span class='ocrx_word' id='word_1_451' title='bbox 2051 369 2146 404; x_wconf 80' lang='lat' dir='ltr'>atque</span> <span class='ocrx_word' id='word_1_452' title='bbox 2165 361 2256 398; x_wconf 91' lang='lat' dir='ltr'>obse-</span> 
     </span>
     <span class='ocr_line' id='line_1_65' title="bbox 1313 404 2255 453; baseline 0.011 -15"><span class='ocrx_word' id='word_1_453' title='bbox 1313 404 1464 446; x_wconf 75' lang='lat' dir='ltr'>quiorum</span> <span class='ocrx_word' id='word_1_454' title='bbox 1476 407 1601 452; x_wconf 83' lang='lat' dir='ltr'>gratia,</span> <span class='ocrx_word' id='word_1_455' title='bbox 1626 408 1682 448; x_wconf 87' lang='lat' dir='ltr'>ei,</span> <span class='ocrx_word' id='word_1_456' title='bbox 1705 406 1784 442; x_wconf 87' lang='lat' dir='ltr'>dum</span> <span class='ocrx_word' id='word_1_457' title='bbox 1806 407 1957 453; x_wconf 79' lang='lat' dir='ltr'>instantis</span> <span class='ocrx_word' id='word_1_458' title='bbox 1977 409 2070 451; x_wconf 66' lang='lat' dir='ltr'>exilii</span> <span class='ocrx_word' id='word_1_459' title='bbox 2094 413 2255 448; x_wconf 72' lang='lat' dir='ltr'>necessitas</span> 
     </span>
     <span class='ocr_line' id='line_1_66' title="bbox 1314 454 2255 506; baseline 0.009 -17"><span class='ocrx_word' id='word_1_460' title='bbox 1314 454 1492 499; x_wconf 86' lang='lat' dir='ltr'>ingruerit,</span> <span class='ocrx_word' id='word_1_461' title='bbox 1518 459 1552 491; x_wconf 87' lang='lat' dir='ltr'>in</span> <span class='ocrx_word' id='word_1_462' title='bbox 1563 457 1763 499; x_wconf 75' lang='lat' dir='ltr'>necessariis,</span> <span class='ocrx_word' id='word_1_463' title='bbox 1789 469 1885 501; x_wconf 87' lang='lat' dir='ltr'>prout</span> <span class='ocrx_word' id='word_1_464' title='bbox 1906 457 2010 502; x_wconf 84' lang='lat' dir='ltr'>ipsum</span> <span class='ocrx_word' id='word_1_465' title='bbox 2030 457 2124 495; x_wconf 86' lang='lat' dir='ltr'>decet</span> <span class='ocrx_word' id='word_1_466' title='bbox 2145 484 2158 502; x_wconf 94' lang='lat'>‚</span> <span class='ocrx_word' id='word_1_467' title='bbox 2177 473 2255 506; x_wconf 73' lang='lat' dir='ltr'>‘pro-</span> 
     </span>
     <span class='ocr_line' id='line_1_67' title="bbox 1315 505 2253 553; baseline 0.01 -15"><span class='ocrx_word' id='word_1_468' title='bbox 1315 505 1464 541; x_wconf 85' lang='lat' dir='ltr'>videatis.</span> <span class='ocrx_word' id='word_1_469' title='bbox 1491 507 1565 542; x_wconf 87' lang='lat' dir='ltr'>Nos</span> <span class='ocrx_word' id='word_1_470' title='bbox 1574 508 1687 547; x_wconf 84' lang='lat' dir='ltr'>enim,</span> <span class='ocrx_word' id='word_1_471' title='bbox 1711 508 1801 552; x_wconf 89' lang='lat' dir='ltr'>quod</span> <span class='ocrx_word' id='word_1_472' title='bbox 1820 509 1850 543; x_wconf 92' lang='lat' dir='ltr'>ei</span> <span class='ocrx_word' id='word_1_473' title='bbox 1872 506 1952 543; x_wconf 87' lang='lat' dir='ltr'>boni</span> <span class='ocrx_word' id='word_1_474' title='bbox 1970 509 2133 553; x_wconf 85' lang='lat' dir='ltr'>feceritis,</span> <span class='ocrx_word' id='word_1_475' title='bbox 2161 511 2253 548; x_wconf 76' lang='lat' dir='ltr'>velut</span> 
     </span>
     <span class='ocr_line' id='line_1_68' title="bbox 1316 554 2256 606; baseline 0.01 -18"><span class='ocrx_word' id='word_1_476' title='bbox 1316 554 1410 590; x_wconf 86' lang='lat' dir='ltr'>nobis</span> <span class='ocrx_word' id='word_1_477' title='bbox 1419 556 1623 601; x_wconf 88' lang='lat' dir='ltr'>impensum,</span> <span class='ocrx_word' id='word_1_478' title='bbox 1651 559 1810 593; x_wconf 87' lang='lat' dir='ltr'>feremus:</span> <span class='ocrx_word' id='word_1_479' title='bbox 1837 558 1880 592; x_wconf 92' lang='lat' dir='ltr'>Et</span> <span class='ocrx_word' id='word_1_480' title='bbox 1898 559 2076 594; x_wconf 75' lang='lat' dir='ltr'>secundum</span> <span class='ocrx_word' id='word_1_481' title='bbox 2095 561 2184 606; x_wconf 85' lang='lat' dir='ltr'>quod</span> <span class='ocrx_word' id='word_1_482' title='bbox 2195 571 2256 606; x_wconf 83' lang='lat' dir='ltr'>pro</span> 
     </span>
     <span class='ocr_line' id='line_1_69' title="bbox 1314 604 2256 655; baseline 0.01 -17"><span class='ocrx_word' id='word_1_483' title='bbox 1314 604 1390 639; x_wconf 89' lang='lat' dir='ltr'>loco</span> <span class='ocrx_word' id='word_1_484' title='bbox 1411 607 1445 641; x_wconf 74' lang='grc' dir='ltr'>δε</span> <span class='ocrx_word' id='word_1_485' title='bbox 1465 615 1612 652; x_wconf 86' lang='lat' dir='ltr'>tempore</span> <span class='ocrx_word' id='word_1_486' title='bbox 1634 609 1772 652; x_wconf 84' lang='lat' dir='ltr'>patuerit</span> <span class='ocrx_word' id='word_1_487' title='bbox 1788 608 1938 649; x_wconf 82' lang='lat' dir='ltr'>occasio,</span> <span class='ocrx_word' id='word_1_488' title='bbox 1965 621 2070 653; x_wconf 89' lang='lat' dir='ltr'>prono</span> <span class='ocrx_word' id='word_1_489' title='bbox 2090 621 2256 655; x_wconf 82' lang='lat' dir='ltr'>prompto·</span> 
     </span>
     <span class='ocr_line' id='line_1_70' title="bbox 1314 657 2256 702; baseline 0.007 -13"><span class='ocrx_word' id='word_1_490' title='bbox 1314 665 1377 698; x_wconf 89' lang='lat' dir='ltr'>que</span> <span class='ocrx_word' id='word_1_491' title='bbox 1388 657 1502 691; x_wconf 70' lang='lat' dir='ltr'>affeetu</span> <span class='ocrx_word' id='word_1_492' title='bbox 1515 659 1675 702; x_wconf 84' lang='lat' dir='ltr'>pariter&amp;</span> <span class='ocrx_word' id='word_1_493' title='bbox 1699 659 1813 693; x_wconf 76' lang='lat' dir='ltr'>effectu</span> <span class='ocrx_word' id='word_1_494' title='bbox 1824 682 1836 699; x_wconf 90' lang='lat'>,</span> <span class='ocrx_word' id='word_1_495' title='bbox 1861 669 1975 694; x_wconf 84' lang='lat' dir='ltr'>mutua</span> <span class='ocrx_word' id='word_1_496' title='bbox 1993 659 2256 696; x_wconf 59' lang='lat' dir='ltr'>benedictionum</span> 
     </span>
     <span class='ocr_line' id='line_1_71' title="bbox 1313 702 2255 755; baseline 0.008 -16"><span class='ocrx_word' id='word_1_497' title='bbox 1313 702 1538 750; x_wconf 81' lang='lat' dir='ltr'>exhibitione,</span> <span class='ocrx_word' id='word_1_498' title='bbox 1563 708 1671 743; x_wconf 79' lang='lat' dir='ltr'>debita</span> <span class='ocrx_word' id='word_1_499' title='bbox 1683 719 1759 743; x_wconf 89' lang='lat' dir='ltr'>cum</span> <span class='ocrx_word' id='word_1_500' title='bbox 1769 706 2222 755; x_wconf 87' lang='lat' dir='ltr'>devotionerespondebimus</span> <span class='ocrx_word' id='word_1_501' title='bbox 2246 735 2255 751; x_wconf 73' lang='lat'>,-</span> 
     </span>
     <span class='ocr_line' id='line_1_72' title="bbox 1315 754 2103 804; baseline 0.008 -14"><span class='ocrx_word' id='word_1_502' title='bbox 1315 754 1432 791; x_wconf 83' lang='lat' dir='ltr'>Valeat</span> <span class='ocrx_word' id='word_1_503' title='bbox 1442 757 1476 791; x_wconf 90' lang='lat'>&amp;</span> <span class='ocrx_word' id='word_1_504' title='bbox 1486 758 1595 804; x_wconf 84' lang='lat' dir='ltr'>vigeat</span> <span class='ocrx_word' id='word_1_505' title='bbox 1605 757 1746 794; x_wconf 87' lang='lat' dir='ltr'>charitas</span> <span class='ocrx_word' id='word_1_506' title='bbox 1758 759 1865 795; x_wconf 79' lang='lat' dir='ltr'>vestrae</span> <span class='ocrx_word' id='word_1_507' title='bbox 1877 761 2084 796; x_wconf 87' lang='lat' dir='ltr'>Faterniratis</span> <span class='ocrx_word' id='word_1_508' title='bbox 2094 787 2103 796; x_wconf 90' lang='lat'>.</span> 
     </span>
    </p>
   </div>
   <div class='ocr_carea' id='block_1_12' title="bbox 1472 857 2098 898">
    <p class='ocr_par' dir='ltr' id='par_1_14' title="bbox 1472 857 2098 898">
     <span class='ocr_line' id='line_1_73' title="bbox 1472 857 2098 898; baseline 0.006 -6"><span class='ocrx_word' id='word_1_509' title='bbox 1472 857 1883 895; x_wconf 73' lang='lat' dir='ltr'>EPISTOLA</span> <span class='ocrx_word' id='word_1_510' title='bbox 1939 859 2098 898; x_wconf 81' lang='lat' dir='ltr'>valu.</span> 
     </span>
    </p>
   </div>
   <div class='ocr_carea' id='block_1_13' title="bbox 1521 938 2038 1051">
    <p class='ocr_par' dir='ltr' id='par_1_15' title="bbox 1521 938 2038 1051">
     <span class='ocr_line' id='line_1_74' title="bbox 1521 938 2038 1004; baseline 0.01 -13"><span class='ocrx_word' id='word_1_511' title='bbox 1521 938 1647 993; x_wconf 68' lang='lat' dir='ltr'>Henrtco</span> <span class='ocrx_word' id='word_1_512' title='bbox 1672 962 1747 1002; x_wconf 68' lang='lat' dir='ltr'>Regi</span> <span class='ocrx_word' id='word_1_513' title='bbox 1772 961 1886 1003; x_wconf 74' lang='lat' dir='ltr'>Angtiae</span> <span class='ocrx_word' id='word_1_514' title='bbox 1911 961 2038 1004; x_wconf 69' lang='lat' dir='ltr'>quidam</span> 
     </span>
     <span class='ocr_line' id='line_1_75' title="bbox 1661 1007 1907 1051; baseline 0 -9"><span class='ocrx_word' id='word_1_515' title='bbox 1661 1012 1778 1043; x_wconf 68' lang='lat' dir='ltr'>Amicus</span> <span class='ocrx_word' id='word_1_516' title='bbox 1798 1007 1872 1051; x_wconf 80' lang='lat' dir='ltr'>suus</span> <span class='ocrx_word' id='word_1_517' title='bbox 1897 1033 1907 1042; x_wconf 89' lang='lat'><strong>.</strong></span> 
     </span>
    </p>
   </div>
   <div class='ocr_carea' id='block_1_14' title="bbox 1309 1104 2262 1705">
    <p class='ocr_par' dir='ltr' id='par_1_16' title="bbox 1410 1104 2257 1154">
     <span class='ocr_line' id='line_1_76' title="bbox 1410 1104 2257 1154; baseline 0.007 -15"><span class='ocrx_word' id='word_1_518' title='bbox 1410 1104 1591 1141; x_wconf 82' lang='lat' dir='ltr'>UPLICIS</span> <span class='ocrx_word' id='word_1_519' title='bbox 1615 1107 1751 1142; x_wconf 85' lang='lat' dir='ltr'>rationis</span> <span class='ocrx_word' id='word_1_520' title='bbox 1773 1106 1991 1143; x_wconf 85' lang='lat' dir='ltr'>confideratio</span> <span class='ocrx_word' id='word_1_521' title='bbox 2005 1119 2067 1144; x_wconf 81' lang='lat' dir='ltr'>nos</span> <span class='ocrx_word' id='word_1_522' title='bbox 2083 1107 2232 1154; x_wconf 74' lang='lat' dir='ltr'>hortatur</span> <span class='ocrx_word' id='word_1_523' title='bbox 2243 1132 2257 1152; x_wconf 87' lang='lat'>,</span> 
     </span>
    </p>

    <p class='ocr_par' dir='ltr' id='par_1_17' title="bbox 1434 1157 2259 1204">
     <span class='ocr_line' id='line_1_77' title="bbox 1434 1157 2259 1204; baseline 0.004 -14"><span class='ocrx_word' id='word_1_524' title='bbox 1434 1166 1469 1189; x_wconf 92' lang='lat' dir='ltr'>ut</span> <span class='ocrx_word' id='word_1_525' title='bbox 1482 1167 1519 1191; x_wconf 89' lang='lat' dir='ltr'>ea</span> <span class='ocrx_word' id='word_1_526' title='bbox 1530 1181 1542 1197; x_wconf 92' lang='lat'>‚</span> <span class='ocrx_word' id='word_1_527' title='bbox 1567 1167 1637 1200; x_wconf 78' lang='lat' dir='ltr'>quae</span> <span class='ocrx_word' id='word_1_528' title='bbox 1650 1157 1743 1192; x_wconf 86' lang='lat' dir='ltr'>vobis</span> <span class='ocrx_word' id='word_1_529' title='bbox 1754 1158 1907 1201; x_wconf 81' lang='lat' dir='ltr'>expedire</span> <span class='ocrx_word' id='word_1_530' title='bbox 1917 1158 2144 1204; x_wconf 79' lang='lat' dir='ltr'>cognoscimus</span> <span class='ocrx_word' id='word_1_531' title='bbox 2154 1183 2167 1201; x_wconf 93' lang='lat'>‚</span> <span class='ocrx_word' id='word_1_532' title='bbox 2192 1159 2259 1195; x_wconf 67' lang='lat' dir='ltr'>Res</span> 
     </span>
    </p>

    <p class='ocr_par' dir='ltr' id='par_1_18' title="bbox 1309 1205 2262 1705">
     <span class='ocr_line' id='line_1_78' title="bbox 1311 1205 2257 1254; baseline 0.005 -15"><span class='ocrx_word' id='word_1_533' title='bbox 1311 1207 1371 1252; x_wconf 87' lang='lat' dir='ltr'>giae</span> <span class='ocrx_word' id='word_1_534' title='bbox 1383 1205 1544 1248; x_wconf 81' lang='lat' dir='ltr'>Majestati</span> <span class='ocrx_word' id='word_1_535' title='bbox 1554 1209 1749 1251; x_wconf 84' lang='lat' dir='ltr'>prompto&amp;</span> <span class='ocrx_word' id='word_1_536' title='bbox 1761 1209 1849 1243; x_wconf 87' lang='lat' dir='ltr'>fideli</span> <span class='ocrx_word' id='word_1_537' title='bbox 1874 1209 1988 1243; x_wconf 87' lang='lat' dir='ltr'>animo</span> <span class='ocrx_word' id='word_1_538' title='bbox 2011 1210 2220 1254; x_wconf 80' lang='lat' dir='ltr'>suggeramus</span> <span class='ocrx_word' id='word_1_539' title='bbox 2247 1228 2257 1245; x_wconf 64' lang='grc' dir='ltr'><em>ς</em></span> 
     </span>
     <span class='ocr_line' id='line_1_79' title="bbox 1311 1256 2261 1294; baseline 0.002 -4"><span class='ocrx_word' id='word_1_540' title='bbox 1311 1258 1344 1291; x_wconf 88' lang='lat' dir='ltr'>Si</span> <span class='ocrx_word' id='word_1_541' title='bbox 1357 1258 1446 1294; x_wconf 83' lang='lat' dir='ltr'>euim</span> <span class='ocrx_word' id='word_1_542' title='bbox 1458 1256 1650 1292; x_wconf 84' lang='lat' dir='ltr'>sublimitati</span> <span class='ocrx_word' id='word_1_543' title='bbox 1666 1258 1769 1292; x_wconf 81' lang='lat' dir='ltr'>vestrae</span> <span class='ocrx_word' id='word_1_544' title='bbox 1779 1259 1981 1294; x_wconf 83' lang='lat' dir='ltr'>finceriffima</span> <span class='ocrx_word' id='word_1_545' title='bbox 1993 1258 2170 1294; x_wconf 67' lang='lat' dir='ltr'>dilectione</span> <span class='ocrx_word' id='word_1_546' title='bbox 2179 1268 2261 1293; x_wconf 85' lang='lat' dir='ltr'>cou-</span> 
     </span>
     <span class='ocr_line' id='line_1_80' title="bbox 1312 1308 2261 1352; baseline 0.004 -11"><span class='ocrx_word' id='word_1_547' title='bbox 1312 1308 1471 1341; x_wconf 69' lang='lat' dir='ltr'>nestimur</span> <span class='ocrx_word' id='word_1_548' title='bbox 1483 1331 1495 1348; x_wconf 90' lang='lat'>,</span> <span class='ocrx_word' id='word_1_549' title='bbox 1520 1308 1702 1342; x_wconf 82' lang='lat' dir='ltr'>&amp;extremi</span> <span class='ocrx_word' id='word_1_550' title='bbox 1723 1308 1970 1344; x_wconf 88' lang='lat' dir='ltr'>retributionem</span> <span class='ocrx_word' id='word_1_551' title='bbox 1988 1308 2101 1352; x_wconf 82' lang='lat' dir='ltr'>judicii</span> <span class='ocrx_word' id='word_1_552' title='bbox 2124 1309 2261 1351; x_wconf 62' lang='lat' dir='ltr'>inretie-</span> 
     </span>
     <span class='ocr_line' id='line_1_81' title="bbox 1310 1357 2259 1403; baseline 0.004 -12"><span class='ocrx_word' id='word_1_553' title='bbox 1310 1358 1353 1391; x_wconf 90' lang='lat' dir='ltr'>ris</span> <span class='ocrx_word' id='word_1_554' title='bbox 1364 1357 1453 1392; x_wconf 88' lang='lat' dir='ltr'>oculi</span> <span class='ocrx_word' id='word_1_555' title='bbox 1467 1357 1591 1391; x_wconf 88' lang='lat' dir='ltr'>lumine</span> <span class='ocrx_word' id='word_1_556' title='bbox 1609 1359 1890 1402; x_wconf 87' lang='lat' dir='ltr'>contemplamur,</span> <span class='ocrx_word' id='word_1_557' title='bbox 1918 1359 2067 1394; x_wconf 88' lang='lat' dir='ltr'>videmus</span> <span class='ocrx_word' id='word_1_558' title='bbox 2089 1357 2259 1403; x_wconf 68' lang='lat' dir='ltr'>profecto,</span> 
     </span>
     <span class='ocr_line' id='line_1_82' title="bbox 1310 1407 2259 1453; baseline 0.003 -12"><span class='ocrx_word' id='word_1_559' title='bbox 1310 1407 1471 1452; x_wconf 78' lang='lat' dir='ltr'>quantum</span> <span class='ocrx_word' id='word_1_560' title='bbox 1494 1407 1590 1442; x_wconf 86' lang='lat' dir='ltr'>nobis</span> <span class='ocrx_word' id='word_1_561' title='bbox 1609 1408 1804 1450; x_wconf 87' lang='lat' dir='ltr'>immineat,</span> <span class='ocrx_word' id='word_1_562' title='bbox 1828 1409 1862 1443; x_wconf 76' lang='grc' dir='ltr'>δε</span> <span class='ocrx_word' id='word_1_563' title='bbox 1886 1419 1947 1450; x_wconf 88' lang='lat' dir='ltr'>ea,</span> <span class='ocrx_word' id='word_1_564' title='bbox 1971 1419 2043 1452; x_wconf 78' lang='lat' dir='ltr'>quae</span> <span class='ocrx_word' id='word_1_565' title='bbox 2052 1408 2094 1444; x_wconf 90' lang='lat' dir='ltr'>ad</span> <span class='ocrx_word' id='word_1_566' title='bbox 2116 1408 2259 1453; x_wconf 68' lang='lat' dir='ltr'>gloriam</span> 
     </span>
     <span class='ocr_line' id='line_1_83' title="bbox 1311 1457 2259 1505; baseline 0.001 -14"><span class='ocrx_word' id='word_1_567' title='bbox 1311 1460 1428 1492; x_wconf 86' lang='lat' dir='ltr'>terreni</span> <span class='ocrx_word' id='word_1_568' title='bbox 1449 1457 1585 1492; x_wconf 85' lang='lat' dir='ltr'>honoris</span> <span class='ocrx_word' id='word_1_569' title='bbox 1602 1460 1767 1502; x_wconf 85' lang='lat' dir='ltr'>pertinent</span> <span class='ocrx_word' id='word_1_570' title='bbox 1781 1483 1794 1500; x_wconf 89' lang='lat'>‚</span> <span class='ocrx_word' id='word_1_571' title='bbox 1820 1468 1969 1505; x_wconf 85' lang='lat' dir='ltr'>prorupta</span> <span class='ocrx_word' id='word_1_572' title='bbox 1991 1458 2087 1494; x_wconf 86' lang='lat' dir='ltr'>vobis</span> <span class='ocrx_word' id='word_1_573' title='bbox 2105 1457 2259 1493; x_wconf 72' lang='lat' dir='ltr'>exhorta·</span> 
     </span>
     <span class='ocr_line' id='line_1_84' title="bbox 1311 1507 2262 1553; baseline 0.002 -13"><span class='ocrx_word' id='word_1_574' title='bbox 1311 1508 1402 1543; x_wconf 89' lang='lat' dir='ltr'>tione</span> <span class='ocrx_word' id='word_1_575' title='bbox 1423 1508 1611 1553; x_wconf 86' lang='lat' dir='ltr'>suggerere,</span> <span class='ocrx_word' id='word_1_576' title='bbox 1638 1509 1672 1543; x_wconf 76' lang='grc' dir='ltr'>δε</span> <span class='ocrx_word' id='word_1_577' title='bbox 1695 1508 1735 1543; x_wconf 90' lang='lat' dir='ltr'>ab</span> <span class='ocrx_word' id='word_1_578' title='bbox 1748 1520 1790 1544; x_wconf 90' lang='lat' dir='ltr'>eo</span> <span class='ocrx_word' id='word_1_579' title='bbox 1802 1534 1813 1550; x_wconf 94' lang='lat'>,</span> <span class='ocrx_word' id='word_1_580' title='bbox 1838 1509 1928 1553; x_wconf 88' lang='lat' dir='ltr'>quod</span> <span class='ocrx_word' id='word_1_581' title='bbox 1946 1509 2054 1544; x_wconf 80' lang='lat' dir='ltr'>vestrae</span> <span class='ocrx_word' id='word_1_582' title='bbox 2063 1508 2158 1544; x_wconf 86' lang='lat' dir='ltr'>saluti</span> <span class='ocrx_word' id='word_1_583' title='bbox 2175 1507 2262 1543; x_wconf 78' lang='lat' dir='ltr'>reni.-</span> 
     </span>
     <span class='ocr_line' id='line_1_85' title="bbox 1310 1557 2262 1599; baseline 0.005 -8"><span class='ocrx_word' id='word_1_584' title='bbox 1310 1557 1391 1592; x_wconf 82' lang='lat' dir='ltr'>titur</span> <span class='ocrx_word' id='word_1_585' title='bbox 1403 1582 1414 1599; x_wconf 95' lang='lat'>,</span> <span class='ocrx_word' id='word_1_586' title='bbox 1440 1559 1667 1593; x_wconf 83' lang='lat' dir='ltr'>officiosiffima</span> <span class='ocrx_word' id='word_1_587' title='bbox 1678 1570 1736 1594; x_wconf 87' lang='lat' dir='ltr'>vos</span> <span class='ocrx_word' id='word_1_588' title='bbox 1747 1559 1972 1594; x_wconf 83' lang='lat' dir='ltr'>sollicitudine</span> <span class='ocrx_word' id='word_1_589' title='bbox 1983 1569 2136 1595; x_wconf 79' lang='lat' dir='ltr'>revocare</span> <span class='ocrx_word' id='word_1_590' title='bbox 2148 1582 2157 1590; x_wconf 89' lang='lat'><strong>·</strong></span> <span class='ocrx_word' id='word_1_591' title='bbox 2185 1558 2262 1596; x_wconf 62' lang='lat' dir='ltr'><strong><em>Mt·-</em></strong></span> 
     </span>
     <span class='ocr_line' id='line_1_86' title="bbox 1309 1607 2258 1652; baseline 0.004 -12"><span class='ocrx_word' id='word_1_592' title='bbox 1309 1607 1398 1641; x_wconf 77' lang='lat' dir='ltr'>xime</span> <span class='ocrx_word' id='word_1_593' title='bbox 1407 1608 1578 1651; x_wconf 86' lang='lat' dir='ltr'>quiafiis,</span> <span class='ocrx_word' id='word_1_594' title='bbox 1603 1609 1762 1652; x_wconf 88' lang='lat' dir='ltr'>cuiloqui</span> <span class='ocrx_word' id='word_1_595' title='bbox 1780 1620 1821 1642; x_wconf 85' lang='lat' dir='ltr'>ex</span> <span class='ocrx_word' id='word_1_596' title='bbox 1846 1610 1958 1643; x_wconf 87' lang='lat' dir='ltr'>officio</span> <span class='ocrx_word' id='word_1_597' title='bbox 1978 1609 2092 1644; x_wconf 87' lang='lat' dir='ltr'>datum</span> <span class='ocrx_word' id='word_1_598' title='bbox 2112 1608 2159 1643; x_wconf 81' lang='lat' dir='ltr'>est</span> <span class='ocrx_word' id='word_1_599' title='bbox 2181 1630 2196 1650; x_wconf 76' lang='lat'><strong>.</strong></span> <span class='ocrx_word' id='word_1_600' title='bbox 2221 1607 2258 1643; x_wconf 70' lang='lat' dir='ltr'>i·</span> 
     </span>
     <span class='ocr_line' id='line_1_87' title="bbox 1309 1656 2260 1705; baseline 0.001 -14"><span class='ocrx_word' id='word_1_601' title='bbox 1309 1658 1421 1692; x_wconf 71' lang='lat' dir='ltr'>alienae</span> <span class='ocrx_word' id='word_1_602' title='bbox 1442 1656 1553 1691; x_wconf 84' lang='lat' dir='ltr'>salutis</span> <span class='ocrx_word' id='word_1_603' title='bbox 1573 1656 1763 1696; x_wconf 82' lang='lat' dir='ltr'>discrimine</span> <span class='ocrx_word' id='word_1_604' title='bbox 1785 1657 1949 1691; x_wconf 86' lang='lat' dir='ltr'>salutifera</span> <span class='ocrx_word' id='word_1_605' title='bbox 1972 1659 2103 1705; x_wconf 68' lang='lat' dir='ltr'>monita</span> <span class='ocrx_word' id='word_1_606' title='bbox 2120 1656 2260 1694; x_wconf 53' lang='lat' dir='ltr'>nunde-</span> 
     </span>
    </p>
   </div>
   <div class='ocr_carea' id='block_1_15' title="bbox 1309 1704 2325 1750">
    <p class='ocr_par' dir='ltr' id='par_1_19' title="bbox 1309 1704 2325 1750">
     <span class='ocr_line' id='line_1_88' title="bbox 1309 1704 2325 1750; baseline 0.004 -11"><span class='ocrx_word' id='word_1_607' title='bbox 1309 1718 1460 1749; x_wconf 80' lang='lat' dir='ltr'>promat,</span> <span class='ocrx_word' id='word_1_608' title='bbox 1497 1708 1636 1750; x_wconf 87' lang='lat' dir='ltr'>seipsum</span> <span class='ocrx_word' id='word_1_609' title='bbox 1655 1718 1747 1741; x_wconf 86' lang='lat' dir='ltr'>reum</span> <span class='ocrx_word' id='word_1_610' title='bbox 1768 1707 1935 1750; x_wconf 82' lang='lat' dir='ltr'>sanguinis</span> <span class='ocrx_word' id='word_1_611' title='bbox 1957 1707 2108 1743; x_wconf 79' lang='lat' dir='ltr'>Fratrum</span> <span class='ocrx_word' id='word_1_612' title='bbox 2137 1704 2260 1743; x_wconf 77' lang='lat' dir='ltr'>cousti-</span> <span class='ocrx_word' id='word_1_613' title='bbox 2322 1724 2325 1728; x_wconf 47' lang='lat' dir='ltr'><em>s</em></span> 
     </span>
    </p>
   </div>
   <div class='ocr_carea' id='block_1_16' title="bbox 1307 1755 2283 3450">
    <p class='ocr_par' dir='ltr' id='par_1_20' title="bbox 1307 1755 2283 3450">
     <span class='ocr_line' id='line_1_89' title="bbox 1308 1755 2258 1804; baseline 0.006 -17"><span class='ocrx_word' id='word_1_614' title='bbox 1308 1755 1372 1787; x_wconf 89' lang='lat' dir='ltr'>tuit</span> <span class='ocrx_word' id='word_1_615' title='bbox 1390 1777 1401 1792; x_wconf 89' lang='lat'>,</span> <span class='ocrx_word' id='word_1_616' title='bbox 1425 1755 1613 1794; x_wconf 87' lang='lat' dir='ltr'>durneum,</span> <span class='ocrx_word' id='word_1_617' title='bbox 1634 1756 1911 1788; x_wconf 27' lang='lat' dir='ltr'>*cuinecesrarium</span> <span class='ocrx_word' id='word_1_618' title='bbox 1934 1756 2106 1791; x_wconf 77' lang='lat' dir='ltr'>confilium</span> <span class='ocrx_word' id='word_1_619' title='bbox 2121 1765 2220 1802; x_wconf 58' lang='lat' dir='ltr'>negat</span> <span class='ocrx_word' id='word_1_620' title='bbox 2244 1778 2258 1804; x_wconf 56' lang='grc' dir='ltr'><strong>ρ</strong></span> 
     </span>
     <span class='ocr_line' id='line_1_90' title="bbox 1308 1803 2258 1850; baseline 0.002 -14"><span class='ocrx_word' id='word_1_621' title='bbox 1308 1803 1342 1836; x_wconf 88' lang='lat' dir='ltr'>in</span> <span class='ocrx_word' id='word_1_622' title='bbox 1354 1803 1512 1845; x_wconf 67' lang='lat' dir='ltr'>pravitate</span> <span class='ocrx_word' id='word_1_623' title='bbox 1525 1804 1581 1837; x_wconf 80' lang='lat' dir='ltr'>viae</span> <span class='ocrx_word' id='word_1_624' title='bbox 1591 1804 1652 1837; x_wconf 85' lang='lat' dir='ltr'>suae</span> <span class='ocrx_word' id='word_1_625' title='bbox 1664 1804 1831 1850; x_wconf 79' lang='lat' dir='ltr'>mortifera</span> <span class='ocrx_word' id='word_1_626' title='bbox 1840 1804 2063 1840; x_wconf 79' lang='lat' dir='ltr'>taciturnitate</span> <span class='ocrx_word' id='word_1_627' title='bbox 2074 1805 2237 1849; x_wconf 78' lang='lat' dir='ltr'>relinquit</span> <span class='ocrx_word' id='word_1_628' title='bbox 2246 1828 2258 1838; x_wconf 88' lang='lat'><strong>.</strong></span> 
     </span>
     <span class='ocr_line' id='line_1_91' title="bbox 1309 1851 2256 1895; baseline 0.005 -8"><span class='ocrx_word' id='word_1_629' title='bbox 1309 1854 1363 1887; x_wconf 87' lang='lat' dir='ltr'>Ne</span> <span class='ocrx_word' id='word_1_630' title='bbox 1373 1863 1480 1888; x_wconf 84' lang='lat' dir='ltr'>autem</span> <span class='ocrx_word' id='word_1_631' title='bbox 1500 1851 1567 1887; x_wconf 77' lang='lat' dir='ltr'>hoc</span> <span class='ocrx_word' id='word_1_632' title='bbox 1591 1854 1710 1888; x_wconf 86' lang='lat' dir='ltr'>nostris</span> <span class='ocrx_word' id='word_1_633' title='bbox 1734 1853 1866 1889; x_wconf 75' lang='lat' dir='ltr'>forsitan</span> <span class='ocrx_word' id='word_1_634' title='bbox 1889 1854 2182 1893; x_wconf 73' lang='lat' dir='ltr'>adinventionibus</span> <span class='ocrx_word' id='word_1_635' title='bbox 2200 1855 2256 1895; x_wconf 68' lang='lat' dir='ltr'>ndi·</span> 
     </span>
     <span class='ocr_line' id='line_1_92' title="bbox 1307 1902 2264 1949; baseline 0.003 -11"><span class='ocrx_word' id='word_1_636' title='bbox 1307 1902 1476 1944; x_wconf 87' lang='lat' dir='ltr'>scribaris,</span> <span class='ocrx_word' id='word_1_637' title='bbox 1504 1902 1676 1947; x_wconf 77' lang='lat' dir='ltr'>Prophetae</span> <span class='ocrx_word' id='word_1_638' title='bbox 1696 1904 1788 1938; x_wconf 89' lang='lat' dir='ltr'>vobis</span> <span class='ocrx_word' id='word_1_639' title='bbox 1809 1903 1903 1943; x_wconf 77' lang='lat' dir='ltr'>verba</span> <span class='ocrx_word' id='word_1_640' title='bbox 1923 1902 2160 1945; x_wconf 81' lang='lat' dir='ltr'>describimus,</span> <span class='ocrx_word' id='word_1_641' title='bbox 2187 1902 2264 1949; x_wconf 63' lang='lat' dir='ltr'>qui·</span> 
     </span>
     <span class='ocr_line' id='line_1_93' title="bbox 1308 1953 2260 1996; baseline 0.004 -8"><span class='ocrx_word' id='word_1_642' title='bbox 1308 1953 1367 1988; x_wconf 91' lang='lat' dir='ltr'>bus</span> <span class='ocrx_word' id='word_1_643' title='bbox 1378 1953 1519 1988; x_wconf 88' lang='lat' dir='ltr'>dicitur:</span> <span class='ocrx_word' id='word_1_644' title='bbox 1546 1955 1704 1988; x_wconf 64' lang='lat' dir='ltr'>§idicenre</span> <span class='ocrx_word' id='word_1_645' title='bbox 1712 1966 1758 1988; x_wconf 86' lang='lat' dir='ltr'>me</span> <span class='ocrx_word' id='word_1_646' title='bbox 1770 1955 1971 1996; x_wconf 72' lang='lat' dir='ltr'>adimptum,</span> <span class='ocrx_word' id='word_1_647' title='bbox 2002 1954 2116 1995; x_wconf 84' lang='lat' dir='ltr'>Morte</span> <span class='ocrx_word' id='word_1_648' title='bbox 2141 1955 2260 1994; x_wconf 62' lang='lat' dir='ltr'>morie·</span> 
     </span>
     <span class='ocr_line' id='line_1_94' title="bbox 1309 2002 2258 2049; baseline 0.004 -12"><span class='ocrx_word' id='word_1_649' title='bbox 1309 2005 1370 2044; x_wconf 90' lang='lat' dir='ltr'>ris,</span> <span class='ocrx_word' id='word_1_650' title='bbox 1396 2014 1454 2036; x_wconf 78' lang='lat' dir='ltr'>non</span> <span class='ocrx_word' id='word_1_651' title='bbox 1478 2009 1713 2042; x_wconf 61' lang='lat' dir='ltr'>qnnunciaveris</span> <span class='ocrx_word' id='word_1_652' title='bbox 1732 2012 1759 2038; x_wconf 72' lang='lat' dir='ltr'>er</span> <span class='ocrx_word' id='word_1_653' title='bbox 1773 2028 1783 2044; x_wconf 94' lang='lat'>,</span> <span class='ocrx_word' id='word_1_654' title='bbox 1809 2014 1844 2039; x_wconf 82' lang='lat' dir='ltr'>ut</span> <span class='ocrx_word' id='word_1_655' title='bbox 1869 2012 2057 2041; x_wconf 71' lang='lat' dir='ltr'>convertatur</span> <span class='ocrx_word' id='word_1_656' title='bbox 2077 2007 2099 2040; x_wconf 70' lang='grc' dir='ltr'><em>ἃ</em></span> <span class='ocrx_word' id='word_1_657' title='bbox 2128 2010 2184 2044; x_wconf 70' lang='lat' dir='ltr'>vie</span> <span class='ocrx_word' id='word_1_658' title='bbox 2198 2002 2258 2049; x_wconf 68' lang='lat' dir='ltr'>su</span> 
     </span>
     <span class='ocr_line' id='line_1_95' title="bbox 1308 2052 2250 2100; baseline 0.004 -15"><span class='ocrx_word' id='word_1_659' title='bbox 1308 2055 1413 2093; x_wconf 79' lang='lat' dir='ltr'>mala,</span> <span class='ocrx_word' id='word_1_660' title='bbox 1438 2052 1500 2096; x_wconf 72' lang='lat' dir='ltr'>ipse</span> <span class='ocrx_word' id='word_1_661' title='bbox 1509 2055 1673 2095; x_wconf 70' lang='lat' dir='ltr'>quidemn</span> <span class='ocrx_word' id='word_1_662' title='bbox 1694 2060 1850 2099; x_wconf 66' lang='lat' dir='ltr'>iniquitate</span> <span class='ocrx_word' id='word_1_663' title='bbox 1870 2053 1927 2098; x_wconf 75' lang='lat' dir='ltr'>sua</span> <span class='ocrx_word' id='word_1_664' title='bbox 1944 2061 2103 2098; x_wconf 70' lang='lat' dir='ltr'>morietur,</span> <span class='ocrx_word' id='word_1_665' title='bbox 2124 2054 2250 2100; x_wconf 65' lang='lat' dir='ltr'>sangui:</span> 
     </span>
     <span class='ocr_line' id='line_1_96' title="bbox 1307 2106 2256 2152; baseline 0.004 -15"><span class='ocrx_word' id='word_1_666' title='bbox 1307 2114 1376 2137; x_wconf 80' lang='lat' dir='ltr'>nem</span> <span class='ocrx_word' id='word_1_667' title='bbox 1386 2106 1570 2145; x_wconf 55' lang='lat' dir='ltr'>autcarius</span> <span class='ocrx_word' id='word_1_668' title='bbox 1593 2106 1631 2138; x_wconf 84' lang='lat' dir='ltr'>de</span> <span class='ocrx_word' id='word_1_669' title='bbox 1650 2117 1743 2139; x_wconf 79' lang='lat' dir='ltr'>mame</span> <span class='ocrx_word' id='word_1_670' title='bbox 1765 2114 1818 2139; x_wconf 80' lang='lat' dir='ltr'>tua</span> <span class='ocrx_word' id='word_1_671' title='bbox 1829 2112 1983 2148; x_wconf 71' lang='lat' dir='ltr'>requiram</span> <span class='ocrx_word' id='word_1_672' title='bbox 2017 2130 2025 2139; x_wconf 89' lang='lat'>.</span> <span class='ocrx_word' id='word_1_673' title='bbox 2051 2106 2126 2141; x_wconf 83' lang='lat' dir='ltr'>Nos</span> <span class='ocrx_word' id='word_1_674' title='bbox 2151 2106 2256 2152; x_wconf 57' lang='grc' dir='ltr'><strong>ἰδίως</strong></span> 
     </span>
     <span class='ocr_line' id='line_1_97' title="bbox 1308 2151 2259 2199; baseline 0.004 -12"><span class='ocrx_word' id='word_1_675' title='bbox 1308 2151 1370 2188; x_wconf 80' lang='lat' dir='ltr'>hac</span> <span class='ocrx_word' id='word_1_676' title='bbox 1397 2152 1608 2197; x_wconf 79' lang='lat' dir='ltr'>prophetica,</span> <span class='ocrx_word' id='word_1_677' title='bbox 1634 2155 1739 2189; x_wconf 85' lang='lat' dir='ltr'>immo</span> <span class='ocrx_word' id='word_1_678' title='bbox 1763 2156 1874 2190; x_wconf 82' lang='lat' dir='ltr'>diviua</span> <span class='ocrx_word' id='word_1_679' title='bbox 1901 2156 2165 2191; x_wconf 78' lang='lat' dir='ltr'>comminatione</span> <span class='ocrx_word' id='word_1_680' title='bbox 2190 2165 2259 2199; x_wconf 62' lang='lat' dir='ltr'>per*-</span> 
     </span>
     <span class='ocr_line' id='line_1_98' title="bbox 1309 2204 2260 2250; baseline 0.002 -12"><span class='ocrx_word' id='word_1_681' title='bbox 1309 2204 1411 2238; x_wconf 89' lang='lat' dir='ltr'>territi</span> <span class='ocrx_word' id='word_1_682' title='bbox 1450 2226 1463 2245; x_wconf 89' lang='lat'>‚</span> <span class='ocrx_word' id='word_1_683' title='bbox 1487 2204 1521 2239; x_wconf 78' lang='grc' dir='ltr'>δε</span> <span class='ocrx_word' id='word_1_684' title='bbox 1546 2204 1659 2250; x_wconf 78' lang='lat' dir='ltr'>Regiae</span> <span class='ocrx_word' id='word_1_685' title='bbox 1685 2206 1879 2240; x_wconf 86' lang='lat' dir='ltr'>Celsitudini</span> <span class='ocrx_word' id='word_1_686' title='bbox 1913 2206 2020 2242; x_wconf 71' lang='lat' dir='ltr'>vestra</span> <span class='ocrx_word' id='word_1_687' title='bbox 2045 2205 2155 2246; x_wconf 77' lang='lat' dir='ltr'>fidelis</span> <span class='ocrx_word' id='word_1_688' title='bbox 2178 2204 2260 2246; x_wconf 75' lang='lat' dir='ltr'>dile·</span> 
     </span>
     <span class='ocr_line' id='line_1_99' title="bbox 1308 2253 2258 2300; baseline 0.001 -11"><span class='ocrx_word' id='word_1_689' title='bbox 1308 2254 1425 2289; x_wconf 61' lang='lat' dir='ltr'>§tionis</span> <span class='ocrx_word' id='word_1_690' title='bbox 1451 2254 1574 2289; x_wconf 82' lang='lat' dir='ltr'>soedere</span> <span class='ocrx_word' id='word_1_691' title='bbox 1599 2255 1770 2299; x_wconf 87' lang='lat' dir='ltr'>copulati,</span> <span class='ocrx_word' id='word_1_692' title='bbox 1796 2255 1980 2290; x_wconf 81' lang='lat' dir='ltr'>studuimus</span> <span class='ocrx_word' id='word_1_693' title='bbox 2004 2258 2130 2300; x_wconf 75' lang='lat' dir='ltr'>semper</span> <span class='ocrx_word' id='word_1_694' title='bbox 2161 2253 2258 2293; x_wconf 74' lang='lat' dir='ltr'>vobis</span> 
     </span>
     <span class='ocr_line' id='line_1_100' title="bbox 1308 2304 2258 2349; baseline 0.003 -10"><span class='ocrx_word' id='word_1_695' title='bbox 1308 2304 1470 2348; x_wconf 87' lang='lat' dir='ltr'>intrepida</span> <span class='ocrx_word' id='word_1_696' title='bbox 1496 2307 1761 2340; x_wconf 86' lang='lat' dir='ltr'>commonitione</span> <span class='ocrx_word' id='word_1_697' title='bbox 1786 2305 1957 2340; x_wconf 89' lang='lat' dir='ltr'>consulere</span> <span class='ocrx_word' id='word_1_698' title='bbox 1991 2329 2003 2346; x_wconf 94' lang='lat'>‚</span> <span class='ocrx_word' id='word_1_699' title='bbox 2036 2305 2126 2349; x_wconf 78' lang='lat' dir='ltr'>quod</span> <span class='ocrx_word' id='word_1_700' title='bbox 2151 2304 2258 2342; x_wconf 72' lang='lat' dir='ltr'>vestm</span> 
     </span>
     <span class='ocr_line' id='line_1_101' title="bbox 1308 2354 2250 2400; baseline 0.002 -11"><span class='ocrx_word' id='word_1_701' title='bbox 1308 2355 1435 2395; x_wconf 87' lang='lat' dir='ltr'>saluti,</span> <span class='ocrx_word' id='word_1_702' title='bbox 1469 2354 1559 2398; x_wconf 88' lang='lat' dir='ltr'>quod</span> <span class='ocrx_word' id='word_1_703' title='bbox 1584 2355 1698 2400; x_wconf 80' lang='lat' dir='ltr'>gloriae</span> <span class='ocrx_word' id='word_1_704' title='bbox 1721 2379 1732 2393; x_wconf 96' lang='lat'>,</span> <span class='ocrx_word' id='word_1_705' title='bbox 1766 2355 1855 2398; x_wconf 86' lang='lat' dir='ltr'>quod</span> <span class='ocrx_word' id='word_1_706' title='bbox 1881 2355 1935 2397; x_wconf 83' lang='lat' dir='ltr'>ipsi</span> <span class='ocrx_word' id='word_1_707' title='bbox 1960 2356 2092 2397; x_wconf 80' lang='lat' dir='ltr'>penitus</span> <span class='ocrx_word' id='word_1_708' title='bbox 2117 2363 2250 2395; x_wconf 57' lang='lat' dir='ltr'>terreno</span> 
     </span>
     <span class='ocr_line' id='line_1_102' title="bbox 1308 2402 2283 2454; baseline 0 -15"><span class='ocrx_word' id='word_1_709' title='bbox 1308 2403 1428 2443; x_wconf 84' lang='lat' dir='ltr'>honori</span> <span class='ocrx_word' id='word_1_710' title='bbox 1455 2404 1691 2447; x_wconf 86' lang='lat' dir='ltr'>disputavimus</span> <span class='ocrx_word' id='word_1_711' title='bbox 1717 2402 1868 2447; x_wconf 86' lang='lat' dir='ltr'>expedire</span> <span class='ocrx_word' id='word_1_712' title='bbox 1893 2429 1900 2437; x_wconf 91' lang='lat'><strong><em>.</em></strong></span> <span class='ocrx_word' id='word_1_713' title='bbox 1927 2404 2115 2447; x_wconf 82' lang='lat' dir='ltr'>Specialiter</span> <span class='ocrx_word' id='word_1_714' title='bbox 2139 2414 2283 2454; x_wconf 43' lang='lat' dir='ltr'>aurem„</span> 
     </span>
     <span class='ocr_line' id='line_1_103' title="bbox 1308 2453 2253 2499; baseline -0.001 -9"><span class='ocrx_word' id='word_1_715' title='bbox 1308 2455 1345 2490; x_wconf 85' lang='lat' dir='ltr'>in</span> <span class='ocrx_word' id='word_1_716' title='bbox 1372 2453 1549 2490; x_wconf 84' lang='lat' dir='ltr'>noviffimo</span> <span class='ocrx_word' id='word_1_717' title='bbox 1576 2454 1748 2499; x_wconf 90' lang='lat' dir='ltr'>colloquio</span> <span class='ocrx_word' id='word_1_718' title='bbox 1775 2454 1899 2494; x_wconf 85' lang='lat' dir='ltr'>vestro,</span> <span class='ocrx_word' id='word_1_719' title='bbox 1926 2454 2004 2488; x_wconf 72' lang='lat' dir='ltr'>cum</span> <span class='ocrx_word' id='word_1_720' title='bbox 2031 2453 2207 2491; x_wconf 78' lang='lat' dir='ltr'>licentiam</span> <span class='ocrx_word' id='word_1_721' title='bbox 2231 2455 2253 2491; x_wconf 69' lang='grc' dir='ltr'>ὲ</span> 
     </span>
     <span class='ocr_line' id='line_1_104' title="bbox 1309 2501 2258 2547; baseline -0.001 -8"><span class='ocrx_word' id='word_1_722' title='bbox 1309 2503 1402 2540; x_wconf 87' lang='lat' dir='ltr'>vobis</span> <span class='ocrx_word' id='word_1_723' title='bbox 1427 2504 1550 2539; x_wconf 88' lang='lat' dir='ltr'>reditus</span> <span class='ocrx_word' id='word_1_724' title='bbox 1576 2506 1772 2539; x_wconf 83' lang='lat' dir='ltr'>sumeremus</span> <span class='ocrx_word' id='word_1_725' title='bbox 1802 2528 1814 2544; x_wconf 90' lang='lat'>,</span> <span class='ocrx_word' id='word_1_726' title='bbox 1851 2505 1903 2547; x_wconf 85' lang='lat' dir='ltr'>pia</span> <span class='ocrx_word' id='word_1_727' title='bbox 1930 2501 2155 2539; x_wconf 83' lang='lat' dir='ltr'>sollicitudine</span> <span class='ocrx_word' id='word_1_728' title='bbox 2193 2513 2258 2540; x_wconf 76' lang='lat' dir='ltr'>uos</span> 
     </span>
     <span class='ocr_line' id='line_1_105' title="bbox 1309 2551 2257 2598; baseline -0.002 -9"><span class='ocrx_word' id='word_1_729' title='bbox 1309 2556 1403 2590; x_wconf 88' lang='lat' dir='ltr'>vobis</span> <span class='ocrx_word' id='word_1_730' title='bbox 1427 2554 1607 2598; x_wconf 77' lang='lat' dir='ltr'>exposuisse</span> <span class='ocrx_word' id='word_1_731' title='bbox 1633 2556 1846 2589; x_wconf 87' lang='lat' dir='ltr'>meminimus</span> <span class='ocrx_word' id='word_1_732' title='bbox 1871 2551 1960 2597; x_wconf 76' lang='lat' dir='ltr'>quod</span> <span class='ocrx_word' id='word_1_733' title='bbox 1987 2552 2149 2596; x_wconf 86' lang='lat' dir='ltr'>quidquid</span> <span class='ocrx_word' id='word_1_734' title='bbox 2161 2553 2257 2596; x_wconf 74' lang='lat' dir='ltr'>super</span> 
     </span>
     <span class='ocr_line' id='line_1_106' title="bbox 1309 2603 2258 2648; baseline -0.005 -8"><span class='ocrx_word' id='word_1_735' title='bbox 1309 2605 1382 2641; x_wconf 86' lang='lat' dir='ltr'>aliis</span> <span class='ocrx_word' id='word_1_736' title='bbox 1401 2605 1555 2648; x_wconf 88' lang='lat' dir='ltr'>capitulis</span> <span class='ocrx_word' id='word_1_737' title='bbox 1588 2605 1696 2640; x_wconf 81' lang='lat' dir='ltr'>vestra:</span> <span class='ocrx_word' id='word_1_738' title='bbox 1726 2603 1893 2648; x_wconf 83' lang='lat' dir='ltr'>potestatis</span> <span class='ocrx_word' id='word_1_739' title='bbox 1930 2603 2064 2638; x_wconf 89' lang='lat' dir='ltr'>licentia</span> <span class='ocrx_word' id='word_1_740' title='bbox 2103 2603 2223 2640; x_wconf 66' lang='lat' dir='ltr'>faceret</span> <span class='ocrx_word' id='word_1_741' title='bbox 2245 2626 2258 2644; x_wconf 88' lang='lat'>,</span> 
     </span>
     <span class='ocr_line' id='line_1_107' title="bbox 1310 2652 2260 2700; baseline -0.003 -10"><span class='ocrx_word' id='word_1_742' title='bbox 1310 2655 1393 2692; x_wconf 85' lang='lat' dir='ltr'>illud</span> <span class='ocrx_word' id='word_1_743' title='bbox 1420 2654 1595 2700; x_wconf 82' lang='lat' dir='ltr'>iudignum</span> <span class='ocrx_word' id='word_1_744' title='bbox 1622 2654 1752 2699; x_wconf 80' lang='lat' dir='ltr'>penitus</span> <span class='ocrx_word' id='word_1_745' title='bbox 1776 2680 1787 2695; x_wconf 92' lang='lat'>,</span> <span class='ocrx_word' id='word_1_746' title='bbox 1812 2654 1846 2689; x_wconf 75' lang='grc' dir='ltr'>δε</span> <span class='ocrx_word' id='word_1_747' title='bbox 1871 2653 1912 2687; x_wconf 83' lang='lat' dir='ltr'>ab</span> <span class='ocrx_word' id='word_1_748' title='bbox 1936 2652 2031 2687; x_wconf 85' lang='lat' dir='ltr'>omni</span> <span class='ocrx_word' id='word_1_749' title='bbox 2056 2652 2184 2692; x_wconf 72' lang='lat' dir='ltr'>ratione</span> <span class='ocrx_word' id='word_1_750' title='bbox 2211 2652 2260 2688; x_wconf 87' lang='lat' dir='ltr'>vi-</span> 
     </span>
     <span class='ocr_line' id='line_1_108' title="bbox 1309 2702 2260 2746; baseline -0.005 -5"><span class='ocrx_word' id='word_1_751' title='bbox 1309 2706 1445 2741; x_wconf 88' lang='lat' dir='ltr'>debatur</span> <span class='ocrx_word' id='word_1_752' title='bbox 1469 2716 1684 2746; x_wconf 84' lang='lat' dir='ltr'>extraneum,</span> <span class='ocrx_word' id='word_1_753' title='bbox 1710 2706 1744 2740; x_wconf 74' lang='grc' dir='ltr'>δε</span> <span class='ocrx_word' id='word_1_754' title='bbox 1767 2716 1833 2738; x_wconf 91' lang='lat' dir='ltr'>non</span> <span class='ocrx_word' id='word_1_755' title='bbox 1859 2702 1965 2737; x_wconf 75' lang='lat' dir='ltr'>solum</span> <span class='ocrx_word' id='word_1_756' title='bbox 1989 2702 2133 2739; x_wconf 85' lang='lat' dir='ltr'>humana</span> <span class='ocrx_word' id='word_1_757' title='bbox 2146 2703 2260 2742; x_wconf 67' lang='lat' dir='ltr'>censis-</span> 
     </span>
     <span class='ocr_line' id='line_1_109' title="bbox 1311 2751 2258 2796; baseline -0.005 -5"><span class='ocrx_word' id='word_1_758' title='bbox 1311 2769 1344 2792; x_wconf 83' lang='lat' dir='ltr'>ra</span> <span class='ocrx_word' id='word_1_759' title='bbox 1371 2754 1560 2791; x_wconf 87' lang='lat' dir='ltr'>damnabile</span> <span class='ocrx_word' id='word_1_760' title='bbox 1600 2780 1612 2796; x_wconf 92' lang='lat'>,</span> <span class='ocrx_word' id='word_1_761' title='bbox 1645 2756 1698 2790; x_wconf 86' lang='lat' dir='ltr'>sed</span> <span class='ocrx_word' id='word_1_762' title='bbox 1723 2756 1758 2790; x_wconf 90' lang='lat'>&amp;</span> <span class='ocrx_word' id='word_1_763' title='bbox 1784 2755 1902 2788; x_wconf 83' lang='lat' dir='ltr'>divino</span> <span class='ocrx_word' id='word_1_764' title='bbox 1930 2752 2099 2796; x_wconf 85' lang='lat' dir='ltr'>putabatur</span> <span class='ocrx_word' id='word_1_765' title='bbox 2130 2751 2258 2796; x_wconf 74' lang='lat' dir='ltr'>Judicio</span> 
     </span>
     <span class='ocr_line' id='line_1_110' title="bbox 1310 2800 2258 2852; baseline -0.004 -11"><span class='ocrx_word' id='word_1_766' title='bbox 1310 2805 1548 2852; x_wconf 79' lang='lat' dir='ltr'>judicandum,</span> <span class='ocrx_word' id='word_1_767' title='bbox 1574 2804 1664 2850; x_wconf 74' lang='lat' dir='ltr'>quod</span> <span class='ocrx_word' id='word_1_768' title='bbox 1689 2805 1857 2840; x_wconf 80' lang='lat' dir='ltr'>occasione</span> <span class='ocrx_word' id='word_1_769' title='bbox 1882 2803 2121 2837; x_wconf 83' lang='lat' dir='ltr'>Cantuariensis</span> <span class='ocrx_word' id='word_1_770' title='bbox 2141 2800 2258 2841; x_wconf 76' lang='lat' dir='ltr'>Archi-</span> 
     </span>
     <span class='ocr_line' id='line_1_111' title="bbox 1315 2846 2258 2901; baseline -0.006 -10"><span class='ocrx_word' id='word_1_771' title='bbox 1315 2858 1471 2901; x_wconf 81' lang='lat' dir='ltr'>Episcopi</span> <span class='ocrx_word' id='word_1_772' title='bbox 1497 2867 1549 2890; x_wconf 86' lang='lat' dir='ltr'>tot</span> <span class='ocrx_word' id='word_1_773' title='bbox 1574 2857 1656 2890; x_wconf 89' lang='lat' dir='ltr'>alios</span> <span class='ocrx_word' id='word_1_774' title='bbox 1686 2855 1787 2889; x_wconf 88' lang='lat' dir='ltr'>Viros</span> <span class='ocrx_word' id='word_1_775' title='bbox 1828 2879 1839 2895; x_wconf 89' lang='lat'>,</span> <span class='ocrx_word' id='word_1_776' title='bbox 1877 2853 1911 2886; x_wconf 93' lang='lat'>&amp;</span> <span class='ocrx_word' id='word_1_777' title='bbox 1937 2853 2095 2887; x_wconf 86' lang='lat' dir='ltr'>Mulieres</span> <span class='ocrx_word' id='word_1_778' title='bbox 2116 2876 2127 2891; x_wconf 91' lang='lat'>,</span> <span class='ocrx_word' id='word_1_779' title='bbox 2154 2846 2258 2887; x_wconf 74' lang='lat' dir='ltr'>Cleri·</span> 
     </span>
     <span class='ocr_line' id='line_1_112' title="bbox 1311 2904 2258 2949; baseline -0.007 -7"><span class='ocrx_word' id='word_1_780' title='bbox 1311 2918 1369 2942; x_wconf 88' lang='lat' dir='ltr'>cos</span> <span class='ocrx_word' id='word_1_781' title='bbox 1396 2908 1431 2941; x_wconf 69' lang='grc' dir='ltr'>ὅ(</span> <span class='ocrx_word' id='word_1_782' title='bbox 1456 2905 1598 2945; x_wconf 84' lang='lat' dir='ltr'>Laicos,</span> <span class='ocrx_word' id='word_1_783' title='bbox 1624 2905 1772 2949; x_wconf 88' lang='lat' dir='ltr'>parvulos</span> <span class='ocrx_word' id='word_1_784' title='bbox 1796 2905 1828 2938; x_wconf 90' lang='lat'>&amp;</span> <span class='ocrx_word' id='word_1_785' title='bbox 1856 2904 2041 2946; x_wconf 73' lang='lat' dir='ltr'>provestos,</span> <span class='ocrx_word' id='word_1_786' title='bbox 2067 2904 2258 2941; x_wconf 71' lang='lat' dir='ltr'>totiusom-</span> 
     </span>
     <span class='ocr_line' id='line_1_113' title="bbox 1315 2952 2259 3000; baseline -0.005 -9"><span class='ocrx_word' id='word_1_787' title='bbox 1315 2956 1398 2992; x_wconf 73' lang='lat' dir='ltr'>nino</span> <span class='ocrx_word' id='word_1_788' title='bbox 1418 2956 1531 3000; x_wconf 82' lang='lat' dir='ltr'>Regiae</span> <span class='ocrx_word' id='word_1_789' title='bbox 1558 2954 1746 2990; x_wconf 78' lang='lat' dir='ltr'>offensionis</span> <span class='ocrx_word' id='word_1_790' title='bbox 1772 2954 1929 2987; x_wconf 89' lang='lat' dir='ltr'>innoxios</span> <span class='ocrx_word' id='word_1_791' title='bbox 1949 2977 1961 2994; x_wconf 89' lang='lat'>,</span> <span class='ocrx_word' id='word_1_792' title='bbox 1995 2952 2013 2985; x_wconf 74' lang='grc' dir='ltr'>ὲ</span> <span class='ocrx_word' id='word_1_793' title='bbox 2043 2953 2180 2995; x_wconf 86' lang='lat' dir='ltr'>propriis</span> <span class='ocrx_word' id='word_1_794' title='bbox 2205 2963 2259 2986; x_wconf 84' lang='lat' dir='ltr'>co-</span> 
     </span>
     <span class='ocr_line' id='line_1_114' title="bbox 1313 3001 2260 3054; baseline -0.01 -11"><span class='ocrx_word' id='word_1_795' title='bbox 1313 3006 1439 3054; x_wconf 80' lang='lat' dir='ltr'>gebatis</span> <span class='ocrx_word' id='word_1_796' title='bbox 1465 3005 1593 3041; x_wconf 88' lang='lat' dir='ltr'>sedibus</span> <span class='ocrx_word' id='word_1_797' title='bbox 1618 3005 1749 3038; x_wconf 86' lang='lat' dir='ltr'>exulare</span> <span class='ocrx_word' id='word_1_798' title='bbox 1774 3017 1781 3036; x_wconf 92' lang='lat'><strong>:</strong></span> <span class='ocrx_word' id='word_1_799' title='bbox 1809 3001 1951 3037; x_wconf 70' lang='lat' dir='ltr'>maxime</span> <span class='ocrx_word' id='word_1_800' title='bbox 1964 3003 2040 3039; x_wconf 73' lang='lat' dir='ltr'>cum</span> <span class='ocrx_word' id='word_1_801' title='bbox 2053 3002 2165 3037; x_wconf 86' lang='lat' dir='ltr'>dicant</span> <span class='ocrx_word' id='word_1_802' title='bbox 2176 3011 2260 3036; x_wconf 85' lang='lat' dir='ltr'>nou-</span> 
     </span>
     <span class='ocr_line' id='line_1_115' title="bbox 1316 3051 2257 3096; baseline -0.007 -5"><span class='ocrx_word' id='word_1_803' title='bbox 1316 3056 1424 3092; x_wconf 88' lang='lat' dir='ltr'>nullos</span> <span class='ocrx_word' id='word_1_804' title='bbox 1444 3067 1558 3090; x_wconf 82' lang='lat' dir='ltr'>eorum</span> <span class='ocrx_word' id='word_1_805' title='bbox 1578 3054 1720 3089; x_wconf 88' lang='lat' dir='ltr'>eundem</span> <span class='ocrx_word' id='word_1_806' title='bbox 1743 3053 2066 3096; x_wconf 84' lang='lat' dir='ltr'>Archi-Episcopum</span> <span class='ocrx_word' id='word_1_807' title='bbox 2092 3051 2183 3090; x_wconf 78' lang='lat' dir='ltr'>nulla</span> <span class='ocrx_word' id='word_1_808' title='bbox 2204 3061 2257 3094; x_wconf 81' lang='lat' dir='ltr'>pe-</span> 
     </span>
     <span class='ocr_line' id='line_1_116' title="bbox 1318 3101 2259 3150; baseline -0.007 -8"><span class='ocrx_word' id='word_1_809' title='bbox 1318 3108 1404 3142; x_wconf 78' lang='lat' dir='ltr'>nitus</span> <span class='ocrx_word' id='word_1_810' title='bbox 1419 3106 1586 3150; x_wconf 88' lang='lat' dir='ltr'>sanguinis</span> <span class='ocrx_word' id='word_1_811' title='bbox 1610 3105 1853 3148; x_wconf 84' lang='lat' dir='ltr'>propinquitate</span> <span class='ocrx_word' id='word_1_812' title='bbox 1873 3104 2082 3147; x_wconf 85' lang='lat' dir='ltr'>contingere.</span> <span class='ocrx_word' id='word_1_813' title='bbox 2114 3101 2156 3140; x_wconf 74' lang='lat' dir='ltr'>Et</span> <span class='ocrx_word' id='word_1_814' title='bbox 2175 3110 2259 3143; x_wconf 83' lang='lat' dir='ltr'>quo-</span> 
     </span>
     <span class='ocr_line' id='line_1_117' title="bbox 1317 3150 2255 3195; baseline -0.007 -5"><span class='ocrx_word' id='word_1_815' title='bbox 1317 3159 1403 3194; x_wconf 79' lang='lat' dir='ltr'>niam</span> <span class='ocrx_word' id='word_1_816' title='bbox 1418 3156 1467 3189; x_wconf 91' lang='lat' dir='ltr'>his</span> <span class='ocrx_word' id='word_1_817' title='bbox 1479 3157 1655 3190; x_wconf 85' lang='lat' dir='ltr'>clementer</span> <span class='ocrx_word' id='word_1_818' title='bbox 1674 3153 1792 3188; x_wconf 84' lang='lat' dir='ltr'>auditis</span> <span class='ocrx_word' id='word_1_819' title='bbox 1804 3164 1875 3187; x_wconf 83' lang='lat' dir='ltr'>vera</span> <span class='ocrx_word' id='word_1_820' title='bbox 1890 3163 1947 3186; x_wconf 88' lang='lat' dir='ltr'>nos</span> <span class='ocrx_word' id='word_1_821' title='bbox 1959 3153 2062 3186; x_wconf 85' lang='lat' dir='ltr'>dicere</span> <span class='ocrx_word' id='word_1_822' title='bbox 2073 3150 2255 3195; x_wconf 86' lang='lat' dir='ltr'>dignanter</span> 
     </span>
     <span class='ocr_line' id='line_1_118' title="bbox 1317 3200 2257 3249; baseline -0.01 -6"><span class='ocrx_word' id='word_1_823' title='bbox 1317 3218 1375 3243; x_wconf 87' lang='lat' dir='ltr'>vos</span> <span class='ocrx_word' id='word_1_824' title='bbox 1386 3205 1643 3249; x_wconf 75' lang='lat' dir='ltr'>recognovistis,</span> <span class='ocrx_word' id='word_1_825' title='bbox 1669 3205 1702 3238; x_wconf 72' lang='grc' dir='ltr'>ὅ(</span> <span class='ocrx_word' id='word_1_826' title='bbox 1726 3203 1802 3238; x_wconf 75' lang='lat' dir='ltr'>inde</span> <span class='ocrx_word' id='word_1_827' title='bbox 1814 3202 1893 3237; x_wconf 89' lang='lat' dir='ltr'>mihi</span> <span class='ocrx_word' id='word_1_828' title='bbox 1919 3203 2104 3245; x_wconf 89' lang='lat' dir='ltr'>responsum</span> <span class='ocrx_word' id='word_1_829' title='bbox 2131 3200 2257 3234; x_wconf 89' lang='lat' dir='ltr'>bonum</span> 
     </span>
     <span class='ocr_line' id='line_1_119' title="bbox 1322 3247 2259 3303; baseline -0.011 -11"><span class='ocrx_word' id='word_1_830' title='bbox 1322 3257 1391 3303; x_wconf 82' lang='lat' dir='ltr'>post</span> <span class='ocrx_word' id='word_1_831' title='bbox 1411 3256 1583 3289; x_wconf 80' lang='lat' dir='ltr'>modicum</span> <span class='ocrx_word' id='word_1_832' title='bbox 1607 3254 1808 3297; x_wconf 81' lang='lat' dir='ltr'>promisistis,</span> <span class='ocrx_word' id='word_1_833' title='bbox 1841 3255 1994 3287; x_wconf 79' lang='lat' dir='ltr'>miramur</span> <span class='ocrx_word' id='word_1_834' title='bbox 2023 3275 2035 3291; x_wconf 93' lang='lat'>,</span> <span class='ocrx_word' id='word_1_835' title='bbox 2062 3248 2153 3294; x_wconf 75' lang='lat' dir='ltr'>quod</span> <span class='ocrx_word' id='word_1_836' title='bbox 2175 3247 2259 3286; x_wconf 88' lang='lat' dir='ltr'>nihil</span> 
     </span>
     <span class='ocr_line' id='line_1_120' title="bbox 1319 3300 2256 3348; baseline -0.011 -5"><span class='ocrx_word' id='word_1_837' title='bbox 1319 3321 1359 3344; x_wconf 81' lang='lat' dir='ltr'>ex</span> <span class='ocrx_word' id='word_1_838' title='bbox 1371 3307 1435 3342; x_wconf 85' lang='lat' dir='ltr'>hoc</span> <span class='ocrx_word' id='word_1_839' title='bbox 1448 3303 1606 3348; x_wconf 65' lang='lat' dir='ltr'>posteaex</span> <span class='ocrx_word' id='word_1_840' title='bbox 1630 3304 1723 3337; x_wconf 89' lang='lat' dir='ltr'>vestri</span> <span class='ocrx_word' id='word_1_841' title='bbox 1751 3315 1838 3347; x_wconf 89' lang='lat' dir='ltr'>parte</span> <span class='ocrx_word' id='word_1_842' title='bbox 1862 3302 2081 3344; x_wconf 89' lang='lat' dir='ltr'>suscepimus,</span> <span class='ocrx_word' id='word_1_843' title='bbox 2108 3300 2256 3344; x_wconf 82' lang='lat' dir='ltr'>quamvis</span> 
     </span>
     <span class='ocr_line' id='line_1_121' title="bbox 1322 3350 2265 3399; baseline -0.011 -6"><span class='ocrx_word' id='word_1_844' title='bbox 1322 3360 1385 3393; x_wconf 90' lang='lat' dir='ltr'>hoc</span> <span class='ocrx_word' id='word_1_845' title='bbox 1410 3357 1510 3399; x_wconf 87' lang='lat' dir='ltr'>ipsum</span> <span class='ocrx_word' id='word_1_846' title='bbox 1531 3353 1641 3388; x_wconf 87' lang='lat' dir='ltr'>vestris</span> <span class='ocrx_word' id='word_1_847' title='bbox 1675 3357 1803 3398; x_wconf 85' lang='lat' dir='ltr'>magnis</span> <span class='ocrx_word' id='word_1_848' title='bbox 1830 3351 2104 3395; x_wconf 77' lang='lat' dir='ltr'>occupationibus</span> <span class='ocrx_word' id='word_1_849' title='bbox 2126 3350 2265 3392; x_wconf 86' lang='lat' dir='ltr'>impute-</span> 
     </span>
     <span class='ocr_line' id='line_1_122' title="bbox 1323 3398 2264 3450; baseline -0.011 -8"><span class='ocrx_word' id='word_1_850' title='bbox 1323 3419 1393 3442; x_wconf 87' lang='lat' dir='ltr'>mus</span> <span class='ocrx_word' id='word_1_851' title='bbox 1407 3431 1415 3438; x_wconf 88' lang='lat'>.</span> <span class='ocrx_word' id='word_1_852' title='bbox 1443 3407 1613 3450; x_wconf 83' lang='lat' dir='ltr'>Rogamus</span> <span class='ocrx_word' id='word_1_853' title='bbox 1624 3415 1731 3438; x_wconf 84' lang='lat' dir='ltr'>autem</span> <span class='ocrx_word' id='word_1_854' title='bbox 1745 3429 1755 3444; x_wconf 86' lang='lat'>‚</span> <span class='ocrx_word' id='word_1_855' title='bbox 1784 3415 1818 3437; x_wconf 90' lang='lat' dir='ltr'>ut</span> <span class='ocrx_word' id='word_1_856' title='bbox 1832 3404 1920 3445; x_wconf 84' lang='lat' dir='ltr'>juxta</span> <span class='ocrx_word' id='word_1_857' title='bbox 1935 3402 2045 3436; x_wconf 86' lang='lat' dir='ltr'>datam</span> <span class='ocrx_word' id='word_1_858' title='bbox 2057 3400 2152 3434; x_wconf 88' lang='lat' dir='ltr'>nobis</span> <span class='ocrx_word' id='word_1_859' title='bbox 2175 3398 2264 3433; x_wconf 89' lang='lat' dir='ltr'>verbi</span> 
     </span>
    </p>
   </div>
   <div class='ocr_carea' id='block_1_17' title="bbox 315 3447 2266 3501">
    <p class='ocr_par' dir='ltr' id='par_1_21' title="bbox 315 3447 2266 3501">
     <span class='ocr_line' id='line_1_123' title="bbox 315 3447 2266 3501; baseline -0.009 -3"><span class='ocrx_word' id='word_1_860' title='bbox 315 3453 535 3494; x_wconf 61' lang='lat' dir='ltr'>messdssbllem</span> <span class='ocrx_word' id='word_1_861' title='bbox 559 3480 576 3497; x_wconf 77' lang='lat'>›—</span> <span class='ocrx_word' id='word_1_862' title='bbox 594 3457 652 3501; x_wconf 74' lang='lat' dir='ltr'>qui</span> <span class='ocrx_word' id='word_1_863' title='bbox 674 3455 833 3499; x_wconf 82' lang='lat' dir='ltr'>quoniam</span> <span class='ocrx_word' id='word_1_864' title='bbox 862 3454 945 3490; x_wconf 84' lang='lat' dir='ltr'>inter</span> <span class='ocrx_word' id='word_1_865' title='bbox 964 3454 1120 3500; x_wconf 73' lang='lat' dir='ltr'>procellas</span> <span class='ocrx_word' id='word_1_866' title='bbox 1139 3479 1152 3497; x_wconf 69' lang='lat'>2</span> <span class='ocrx_word' id='word_1_867' title='bbox 1192 3467 1259 3501; x_wconf 79' lang='lat' dir='ltr'>quae</span> <span class='ocrx_word' id='word_1_868' title='bbox 1323 3458 1414 3494; x_wconf 86' lang='lat' dir='ltr'>vestri</span> <span class='ocrx_word' id='word_1_869' title='bbox 1437 3454 1592 3491; x_wconf 71' lang='lat' dir='ltr'>fiduciam</span> <span class='ocrx_word' id='word_1_870' title='bbox 1611 3478 1622 3496; x_wconf 89' lang='lat'>‚</span> <span class='ocrx_word' id='word_1_871' title='bbox 1660 3454 1798 3489; x_wconf 86' lang='lat' dir='ltr'>vestrum</span> <span class='ocrx_word' id='word_1_872' title='bbox 1818 3454 1902 3487; x_wconf 87' lang='lat' dir='ltr'>circa</span> <span class='ocrx_word' id='word_1_873' title='bbox 1925 3452 2000 3493; x_wconf 85' lang='lat' dir='ltr'>illos</span> <span class='ocrx_word' id='word_1_874' title='bbox 2022 3448 2171 3486; x_wconf 82' lang='lat' dir='ltr'>relaxetis</span> <span class='ocrx_word' id='word_1_875' title='bbox 2192 3447 2266 3482; x_wconf 87' lang='lat' dir='ltr'>edi—</span> 
     </span>
    </p>
   </div>
   <div class='ocr_carea' id='block_1_18' title="bbox 2122 3498 2239 3538">
    <p class='ocr_par' dir='ltr' id='par_1_22' title="bbox 2122 3498 2239 3538">
     <span class='ocr_line' id='line_1_124' title="bbox 2122 3498 2239 3538; baseline 0 -6"><span class='ocrx_word' id='word_1_876' title='bbox 2122 3499 2207 3532; x_wconf 68' lang='lat' dir='ltr'>stum</span> <span class='ocrx_word' id='word_1_877' title='bbox 2219 3498 2239 3538; x_wconf 72' lang='grc'>,’</span> 
     </span>
    </p>
   </div>
  </div>
 </body>
</html>
