2358 3776
575 142 612 187 S.
654 139 942 187 THOMAE
978 136 1372 186 CANTUAR.
1413 137 1548 185 LIB.
1586 143 1686 189 111.

277 275 308 309 E
334 271 361 310 Ρ
387 276 401 310 1
426 277 448 312 s
475 251 511 312 Τ
530 246 571 311 'o'
596 275 625 310 L
652 274 683 310 A
759 271 954 321 xxxvm.

147 375 275 410 ‘thomas
282 376 509 418 σπίνω-ἰωή]
520 373 783 417 Archi-Episcopus
805 371 980 407 clerebaldo
991 372 1088 417 electo,

248 428 251 430 ’
396 429 431 462 Θ
443 426 604 461 Fratribus
626 429 653 460 S.
669 423 835 469 Augustini.

249 526 433 562 UANTO
457 527 613 571 majorem
626 534 701 560 cum
711 525 742 559 S.
755 524 796 558 R.
807 521 948 556 Ecclesia
959 531 1090 557 contra-

272 579 363 612 xistis
387 577 660 617 familiaritatem,
699 573 793 609 tanto
815 572 857 606 ad
871 573 1090 615 reprimendas
1112 572 1113 577 ’

261 629 296 663 &
307 626 648 670 ulciscendasinjurias
669 625 735 668 ejus
747 623 872 658 virilius
887 621 1011 657 debetis
1034 623 1089 656 in-

151 678 301 722 surgere,
324 679 360 713 &
384 688 447 719 qua
467 677 531 712 fide
553 677 602 711 illi
624 673 809 711 adhaereatis
832 696 844 712 ‚
869 674 976 716 operis
1002 673 1088 707 testi—

152 729 272 764 monio
281 727 493 772 comprobare
503 752 510 759 .
538 728 610 761 Nec
622 724 757 760 dubium
770 723 814 758 est
827 722 862 757 in
874 723 960 756 illius
972 722 1087 758 redun-

152 777 230 811 dare
249 779 423 822 injuriam,
448 776 535 821 quod
546 777 611 820 ipsa
622 774 814 819 prohibente
827 782 877 807 tot
900 774 934 808 ἀ
958 783 1049 807 tanta
1078 796 1088 812 ,

147 827 319 863 &tamdiu
328 827 476 862 adversus
486 826 708 870 Anglicanam
733 824 927 865 Ecclesiam,
955 824 990 857 δε
1005 832 1064 857 nos
1077 847 1087 862 ‚

150 876 186 909 ἅ
197 877 325 912 nostros
336 878 521 921 praesumpta
532 877 628 916 sunt,
654 875 731 909 cum
750 873 916 908 Dominus
930 873 1002 907 Rex
1013 872 1088 917 saepe

149 938 205 971 per
219 927 417 971 episcopos,
438 937 493 970 per
503 925 668 966 Abbates,
697 935 752 969 per
772 920 999 959 subdiaconos
1022 923 1088 957 Cu-

148 978 224 1018 rias,
255 988 310 1020 per
327 976 538 1017 cardinales,
574 987 657 1020 quos
680 975 731 1008 vel
754 986 813 1018 pro
833 976 889 1010 sua
911 974 1088 1008 reverentia

147 1036 338 1071 oportuerat
358 1025 528 1066 exaudiri,
567 1025 790 1060 commonitus
811 1025 851 1059 sit
874 1049 886 1065 ‚
909 1024 945 1058 oc
967 1025 1089 1067 semper

149 1079 235 1113 fasta
246 1077 308 1112 sint
331 1077 500 1110 novissima
521 1076 591 1119 ejus
613 1077 772 1110 atrociora
792 1073 950 1119 prioribus
963 1097 972 1107 .
999 1075 1090 1120 Qia

150 1127 230 1171 ergo
242 1126 417 1161 verendum
429 1126 474 1159 est
489 1150 499 1165 ,
527 1137 568 1160 ne
579 1137 640 1161 nos
651 1126 786 1160 ulterior
796 1124 1008 1159 dissimulatio
1019 1132 1091 1158 reos
1121 1143 1123 1147 v

152 1176 364 1212 damnationi
385 1175 512 1222 obliget
534 1186 611 1211 ante
632 1178 765 1217 Deum,
790 1175 881 1219 apud
894 1182 1000 1217 ‘quem
1022 1181 1090 1207 non

150 1227 196 1261 est
210 1227 420 1270 personarum
443 1227 614 1269 acceptio,
637 1227 672 1260 δε
694 1226 750 1269 qui
772 1233 919 1269 potentes
942 1231 1091 1266 potenter

149 1277 271 1320 punit,
295 1269 434 1309 vefflsin
446 1277 566 1309 virtute
576 1275 770 1309 obedientias
791 1295 803 1312 ,
830 1271 888 1306 sub
907 1271 1090 1305 anathema-

147 1336 206 1365 te,
223 1326 268 1359 =in
289 1324 434 1368 periculo
452 1323 624 1367 dignitatis
647 1324 681 1356 ec
700 1322 826 1355 ordinis
840 1343 852 1360 ,
879 1321 1021 1355 Domini
1034 1320 1091 1355 Pa-

147 1387 220 1420 poe,
245 1374 337 1417 enjus
347 1375 418 1408 vice
427 1372 599 1418 fungimur
610 1396 621 1413 ‚
647 1371 680 1406 ec
694 1370 799 1405 nostra
811 1369 1011 1405 authoritate
1026 1380 1090 1414 pre-

147 1424 304 1468 cipiendo
315 1423 528 1462 mandamus,
555 1422 738 1466 quatenus,
766 1421 822 1454 nisi
835 1421 918 1455 infra
940 1421 1091 1455 Purifica-

148 1475 276 1509 tionem
289 1473 394 1507 Beatae
405 1473 516 1506 Mariae
528 1473 675 1515 praefatus
699 1471 865 1505 Dominus
887 1470 994 1504 noster
1017 1470 1091 1504 Rex

148 1523 301 1558 Ecclefiae
332 1522 400 1558 Dei
433 1524 468 1557 &
492 1521 587 1555 nobis
617 1520 818 1566 condignam
840 1520 1090 1554 satisfactionem

148 1572 335 1608 exhibuerit
346 1597 358 1614 ,
382 1585 424 1607 ex
436 1582 515 1607 tune
525 1572 543 1605 ὲ
554 1571 756 1606 Divinorum
767 1570 984 1605 celebratione
998 1571 1091 1603 cesse·

146 1624 212 1663 tis,
235 1634 369 1666 excepta
379 1620 796 1661 Poenitentia&Viatico‚
825 1621 858 1654 ὅ(
883 1618 933 1654 his
944 1631 1016 1664 quae
1029 1619 1092 1654 Re-

147 1673 405 1717 ligionisfavore
418 1672 497 1706 locis
508 1670 745 1706 venerabilibus
759 1668 909 1716 indulget
928 1671 1091 1704 sacrorum

145 1723 327 1758 Canobum
337 1722 551 1766 dispensatio,
576 1721 684 1764 januis
709 1721 844 1759 clausis,
870 1720 1006 1754 exclusis
1027 1731 1093 1762 per·

147 1773 236 1808 souis
258 1773 391 1812 Laicis,
422 1772 490 1805 fine
509 1779 740 1813 campanarum
761 1770 945 1812 pulsatione
961 1794 972 1809 ‚
1000 1769 1091 1802 &sm

149 1819 375 1856 lemnitatibus
383 1841 395 1860 ,
417 1829 497 1863 quas
505 1820 542 1852 in
555 1819 700 1861 tempore
711 1817 874 1859 quietis&
889 1818 1004 1857 letitiae
1013 1828 1091 1850 con-

146 1871 253 1907 suevit
267 1869 408 1904 Ecclesia
419 1877 566 1903 exercere
577 1889 585 1900 .
599 1883 601 1889 ι
613 1864 669 1901 Ad
682 1865 750 1901 haec
770 1865 978 1901 Gaustedum
1004 1867 1091 1900 Can·

148 1921 347 1957 tuarien‘sem
372 1918 703 1957 Archi-Diaconum,
729 1918 763 1951 δι’
785 1916 970 1951 Robertum
993 1916 1094 1951 Vica-

149 1970 330 2013 numqua,
356 1968 562 2004 Richardum
573 1968 614 2002 de
637 1966 835 2004 Welcestre,
861 1966 1035 2011 Nigellum
1047 1966 1090 2000 de

149 2019 355 2057 Saena-Villa
387 2044 398 2059 ‚
423 2019 610 2052 Wimarum
632 2015 818 2050 Giffardum
843 2038 853 2054 ,
886 2015 1090 2050 Richardum

148 2072 191 2105 de
200 2069 305 2110 Luci,
335 2068 443 2103 Adam
455 2068 497 2103 de
509 2067 686 2111 Cheringis
698 2090 709 2107 ,
726 2064 883 2108 quoniam
899 2065 1026 2108 publice
1036 2078 1091 2099 ex-

148 2118 385 2156 communicati
406 2120 481 2152 sunt
499 2142 509 2158 ,
535 2118 738 2161 praecipimus
758 2116 775 2149 a
797 2117 921 2149 cunctis
940 2116 1092 2150 fidelibus

149 2170 284 2205 evitari:
312 2169 389 2213 quia
400 2169 458 2212 qui
478 2167 612 2202 scienter
633 2166 925 2201 excommunicato
946 2176 1093 2200 commu-

151 2222 240 2255 nicat
252 2244 262 2260 ,
288 2219 424 2262 seipsum
436 2218 503 2261 pari
522 2215 728 2252 anathemate
744 2227 785 2251 ex
808 2215 977 2250 immunda
1000 2217 1090 2261 parti—

151 2270 315 2312 cipatione
325 2269 524 2303 condemnat
539 2291 547 2300 .

200 2318 358 2353 Similiter
370 2317 561 2351 Conventui
571 2315 846 2351 Malmesberiensi
857 2339 868 2355 ,
896 2316 939 2350 δε·
952 2316 1092 2350 Lauren·

151 2370 202 2404 rio
216 2368 339 2402 Abbati
365 2366 668 2406 westmonasterii,
696 2365 820 2400 Abbati
842 2365 1029 2405 S-Albani,
1059 2366 1092 2399 ὅ(

153 2421 184 2454 S.
204 2416 393 2456 Edmundi‚
420 2417 480 2450 sic:
507 2428 550 2450 ex
562 2425 643 2450 tunc
655 2415 810 2459 prorsus&
831 2415 1031 2449 Divinorum
1045 2427 1093 2449 ce-

151 2466 479 2506 lebrationeceffetis,
505 2465 539 2500 δε
560 2465 594 2500 in
617 2467 742 2499 cunctis
762 2464 932 2506 Ecclefiis‚
961 2476 1032 2507 quae
1055 2465 1095 2499 ad

152 2517 288 2551 vestram
313 2516 568 2559 iurisdietionem
591 2515 756 2559 pertinent
773 2538 785 2555 ‚
821 2516 935 2548 omnia
966 2515 1095 2550 Divina

153 2566 354 2613 prohibeatis
364 2565 472 2598 officia
484 2565 659 2605 celebrari,
685 2575 822 2608 excepto
843 2565 1011 2610 Baptismo
1025 2565 1095 2600 Par·

152 2618 305 2656 valorum
316 2639 327 2657 ‚
354 2615 388 2648 ἀ
400 2615 598 2650 Poenitentia
611 2637 622 2654 ‚
647 2615 681 2648 δε
701 2615 840 2651 Viatico
853 2639 861 2647 .

301 2712 711 2750 EPlsToLA
785 2711 948 2748 XXXIX.

180 2815 336 2854 Thomas
346 2814 587 2850 Cantuariensis
601 2811 901 2858 Archi-Episcopus
912 2812 1069 2851 Gilberto

405 2864 631 2901 Londoniensi
649 2863 816 2909 Episcopo
828 2888 836 2896 .

156 2965 286 3002 Thomas
299 2969 354 3000 Dei
360 2971 463 3010 grana
480 2964 702 3007 cantuarlmfis
725 2965 813 2998 Archi
825 2982 837 2988 -
847 2964 1010 3009 Episcopus
1025 2992 1035 3009 ,
1061 2968 1094 3000 tit

207 3015 371 3058 quliolicae
382 3019 466 3051 Sedis
478 3021 605 3060 Legatus
618 3040 629 3055 ,
655 3020 774 3050 utinam
787 3027 859 3050 vero
875 3015 979 3059 fratri
991 3041 1001 3057 ,
1029 3020 1093 3051 Gil-

207 3065 288 3099 berto
312 3066 506 3111 Londontenfi
523 3064 666 3111 Episcopo
686 3090 698 3108 ,
720 3066 868 3104 declinare
887 3069 908 3100 ἱ
927 3068 1006 3100 malo
1021 3092 1033 3110 ,
1059 3069 1093 3102 (9

197 3115 303 3161 facere
316 3116 423 3150 bonum
434 3139 442 3149 .

234 3214 442 3251 xCEssUs
468 3215 606 3255 vestros,
631 3214 709 3251 dum
731 3216 825 3252 licuit
851 3240 861 3257 ,
885 3217 1090 3262 supportavi-

259 3277 350 3300 mus:
378 3266 412 3300 ἀ
423 3265 551 3299 utinam
560 3266 773 3307 mansuetudo
786 3268 944 3312 patientiae
959 3269 1085 3306 noslrae,

151 3327 222 3360 quae
232 3315 326 3350 nobis
338 3316 421 3351 ultra
433 3314 567 3351 modum
579 3316 734 3351 damnosa
754 3318 878 3353 exstitit
893 3344 903 3359 ,
930 3319 962 3352 in
988 3319 1088 3352 totius

153 3366 301 3402 Ecclesiae
327 3366 504 3409 perniciem
518 3376 587 3401 non
611 3365 769 3402 redundet
797 3393 806 3401 .
844 3368 906 3403 Sed
936 3368 1012 3413 quia
1038 3378 1086 3411 pa-

152 3416 270 3451 tientia
294 3415 402 3450 nostra
425 3416 546 3460 semper
564 3415 652 3451 abusi
663 3416 738 3451 estis
755 3441 766 3458 ‚
791 3417 826 3451 &
848 3428 954 3463 neque
973 3417 1086 3453 Domi·

153 3477 231 3503 aum
246 3467 368 3512 Papam
385 3490 397 3508 ‚
423 3477 530 3512 neque
542 3467 649 3503 notin
660 3466 759 3503 verbo
781 3468 894 3504 salutis
915 3468 1022 3505 vestra
1036 3478 1088 3503 vo-

1914 159 2006 208 263

1145 221 1249 256 luistis
1259 219 1371 254 audire
1381 245 1392 261 ‚
1419 221 1471 254 sed
1483 221 1659 256 obduratio
1672 225 1769 260 vestra
1781 229 1814 263 in
1827 227 1986 263 deteriora
1998 229 2077 263 sem.

1130 267 1199 316 'per
1210 271 1355 305 excrevit
1368 294 1379 310 ,
1408 282 1465 304 vos
1478 280 1614 316 urgente
1635 274 1815 310 necessitate
1835 276 1937 312 officii
1948 301 1960 318 ‚
1984 278 2019 312 &
2030 291 2077 313 ra.

1146 324 1236 367 tione
1245 321 1323 365 juris
1336 321 1544 364 persuadente
1553 347 1563 363 ‚
1588 332 1630 355 ex
1640 322 1731 365 justis
1742 324 1774 356 ὃς
1784 328 1959 363 manifestis
1967 329 2078 368 causis,

1146 370 1363 407 anathematis
1380 372 1538 406 sententia
1558 372 1767 415 percellentes
1785 380 2078 415 excommunicavi.

1146 434 1236 463 mus,
1262 423 1296 456 δε
1307 423 1325 455 ὲ
1337 422 1483 466 Corpore
1492 421 1616 457 Christi
1631 446 1642 462 ‚
1667 422 1756 465 quod
1768 422 1812 455 est
1833 422 1972 460 Ecclesia
1987 452 1999 467 ‚
2021 429 2081 464 do-

1146 484 1206 507 nec
1242 473 1408 518 condigne
1443 472 1660 511 satisfaciatis,
1687 473 1926 516 amputavimus
1937 497 1945 504 .
1970 475 2083 512 Praeci.

1144 523 1251 567 pimus
1262 522 1341 567 ergo
1353 524 1386 557 in
1407 523 1526 557 virtute
1546 522 1760 565 obedientiae,
1784 523 1819 557 dc
1838 523 1872 557 in
1885 522 2028 567 periculo
2038 527 2082 560 sa-

1145 574 1222 606 lutis
1234 599 1244 614 ‚
1271 574 1303 607 &
1313 572 1483 617 dignitatis
1494 573 1529 607 δε
1549 572 1675 607 ordinis
1686 597 1697 613 ,
1723 573 1882 618 quatenus
1905 584 2000 616 prout
2025 574 2085 608 Ec-

1143 624 1243 657 clefiae
1255 625 1359 658 forma
1373 621 1543 666 prescribit
1554 647 1566 663 ,
1581 621 1632 657 ‘ab
1639 624 1732 657 omni
1748 623 1986 658 communione
2009 622 2087 658 fide·

1144 673 1224 707 lium
1236 673 1424 708 abstineatis
1433 696 1443 713 ‚
1469 683 1511 707 ne
1522 672 1622 708 vestra
1636 674 1846 717 participatio
1857 673 2001 719 Gregem
2012 675 2086 708 Do-

1145 724 1305 757 minicurn
1316 723 1519 758 contaminet
1528 722 1570 758 ad
1594 724 1744 764 ruinam,
1769 725 1826 767 qui
1847 723 1951 758 vestra
1971 724 2088 758 doetri-

1116 798 1118 801 -
1146 785 1188 808 na
1209 772 1406 809 erudiendus
1424 798 1436 815 ,
1461 775 1494 808 dc
1514 773 1673 819 exemplis
1698 773 1926 809 informandus
1951 784 2019 810 erat
2044 772 2086 808 ad

1147 824 1247 859 vitam
1263 847 1272 856 .

1323 924 1354 958 E
1379 924 1406 958 P
1433 924 1449 957 1
1475 924 1497 959 S
1520 924 1561 958 T
1584 926 1619 960 Ο
1645 925 1676 960 L
1701 924 1736 959 A
1839 924 1915 959 XL.

1172 1023 1330 1061 Thomas
1343 996 1586 1061 Cantuariensis
1598 1024 1894 1070 Archi-Episcopus
1909 1022 2066 1059 Gilberto

1398 1075 1627 1111 Loudoniensi
1652 1076 1838 1121 Episcopo-

1149 1175 1279 1210 Thomas
1291 1180 1460 1221 Deigrana
1472 1176 1699 1218 Cantuartenfis
1712 1176 1803 1210 Archi
1814 1194 1824 1202 -
1837 1174 2005 1220 Episcopus
2017 1198 2028 1214 ‚
2055 1176 2091 1208 6

1200 1227 1365 1268 apostolica
1377 1228 1463 1261 Sedis
1476 1231 1624 1271 Legatus,
1642 1226 1775 1260 Gilberto
1789 1224 1990 1267 Londomenfi
2001 1228 2030 1257 E
2029 1221 2092 1265 pis-

1198 1284 1267 1316 copo
1277 1298 1288 1314 ,
1313 1282 1432 1308 utinam
1440 1287 1513 1310 vero
1519 1276 1637 1318 fratri,
1663 1278 1812 1310 declinare
1821 1278 1842 1309 ἃ
1871 1277 1950 1309 malo
1962 1299 1974 1317 ‚
2000 1273 2094 1317 &fa-

1198 1334 1261 1358 cere
1274 1323 1382 1358 bonum
1395 1349 1401 1356 .

1261 1422 1417 1461 ESTRA
1427 1423 1584 1459 debuerat
1596 1423 1780 1459 meminisse
1793 1423 1963 1467 prudentia
1975 1448 1986 1464 ,
1998 1435 2100 1468 quan-

1283 1485 1316 1509 ta
1329 1483 1385 1508 vos
1404 1474 1578 1509 affestione
1598 1474 1708 1507 Mater
1731 1474 1831 1507 vestra
1850 1473 2100 1507 Cantuarienfis

1155 1523 1294 1558 Ecclesia
1317 1525 1442 1566 semper
1462 1523 1635 1561 dilexerit,
1661 1533 1784 1566 quanta
1808 1523 1983 1567 diligentia
2010 1522 2100 1557 Sedis

1156 1573 1355 1616 Apostolicae
1365 1573 1507 1617 gratiam
1521 1573 1615 1608 vobis
1624 1572 1803 1607 conciliare
1829 1573 1989 1607 studuerit
2004 1597 2014 1613 ,
2041 1572 2098 1607 ho-

1155 1624 1227 1656 nori
1248 1624 1352 1658 vestro
1376 1624 1410 1657 δε
1432 1622 1592 1664 utilitati,
1618 1624 1775 1666 tanquam
1808 1622 1903 1656 saluti
1926 1624 2060 1667 proprias
2086 1646 2098 1662 ,

1155 1674 1278 1716 semper
1291 1673 1472 1720 invigilans
1488 1685 1495 1705 :
1524 1683 1582 1706 vos
1595 1680 1706 1706 autem
1718 1679 1852 1714 accepta
1872 1674 2030 1707 facultate
2042 1684 2099 1707 no-

1130 1745 1132 1748 v
1155 1723 1274 1764 cendi,
1301 1721 1449 1756 adversus
1464 1725 1642 1764 ‘utramque
1670 1721 1861 1755 calcaneum
1876 1722 2039 1761 erexistis,
2064 1722 2099 1756 δε

1152 1773 1199 1805 eis
1209 1772 1366 1814 tanquam
1376 1770 1488 1804 clavus
1501 1771 1534 1804 in
1546 1770 1652 1804 oculo
1663 1792 1674 1808 ,
1699 1769 1734 1803 ἀ
1746 1770 1861 1814 sagitta
1873 1770 1907 1804 in
1920 1771 2018 1805 latere
2031 1780 2102 1805 tan-

1155 1820 1192 1854 to
1203 1820 1412 1864 perniciosius
1431 1819 1591 1854 nocuistis
1607 1845 1618 1861 ,
1642 1819 1770 1862 quanto
1791 1819 1901 1854 minus
1925 1821 2101 1855 cavebatur

1156 1871 1304 1914 impietas
1318 1869 1508 1916 Religionis
1519 1871 1601 1904 testa
1616 1870 1802 1910 velamine,
1832 1871 1867 1904 ἀ
1881 1871 2013 1913 persidia
2022 1881 2100 1914 pro-

1132 1930 1134 1936 ’
1155 1921 1324 1954 sessionem
1345 1920 1420 1954 fidei
1439 1920 1588 1955 fallacius
1609 1920 1642 1954 ἀ
1661 1917 1904 1954 fraudulentius
1928 1920 2102 1965 impugna-

1155 1970 1226 2003 bat.
1254 1970 1328 2004 Vos
1340 1970 1417 2013 saepe
1427 1971 1719 2011 commonuimus,
1744 1970 1780 2004 <Sc
1803 1971 1932 2004 utinam
1955 1968 1995 2004 ad
2019 1970 2101 2005 salu-

1157 2019 1273 2053 brioris
1286 2018 1381 2053 verba
1392 2020 1566 2054 consilii&
1577 2018 1822 2055 exhortationis
1834 2031 1902 2055 non
1924 2020 2100 2055 intumuis-

1158 2069 1201 2103 set
1223 2091 1234 2108 ,
1267 2078 1324 2103 aut
1344 2069 1546 2105 obduruisset
1566 2081 1624 2104 cor
1647 2070 1784 2104 vestrum
1806 2095 1815 2102 .
1852 2070 1982 2114 Scripsit
2005 2070 2099 2105 vobis

1156 2121 1308 2154 Summus
1317 2119 1495 2160 Pontifex,
1522 2129 1557 2154 ut
1571 2121 1642 2165 paci
1656 2119 1868 2155 reformandas
1888 2121 1974 2155 inter
1986 2119 2102 2155 Eccle-

1156 2169 1276 2203 siam&
1297 2170 1423 2214 Regem
1447 2169 1657 2215 diligentiam
1679 2170 1933 2214 impenderetis,
1959 2170 2036 2211 sed,
2061 2170 2099 2204 si-

1157 2228 1213 2252 cut
1228 2218 1357 2261 publice
1368 2229 1486 2254 notum
1498 2221 1566 2261 est,
1594 2232 1649 2264 per
1670 2232 1729 2255 vos
1751 2220 1900 2255 adversus
1922 2216 2099 2255 Ecclesiam

1158 2267 1384 2302 vehementior
1395 2269 1441 2302 est
1452 2270 1594 2304 excitata
1607 2270 1763 2304 turbatio.
1794 2269 1838 2305 Et
1858 2270 1992 2314 quidem
2018 2271 2100 2304 mul-

1157 2330 1188 2354 ta
1201 2318 1235 2353 ec
1246 2328 1366 2363 magna
1377 2317 1416 2351 ad
1426 2317 1717 2353 condemnationis
1733 2320 1841 2353 vestra
1855 2321 2017 2364 judicium
2030 2330 2099 2364 pre·

1158 2369 1337 2409 cesserunt,
1364 2367 1422 2401 nisi
1434 2367 1533 2403 Sedes
1559 2367 1753 2411 Apostolica
1774 2371 2025 2405 Fraternitatem
2050 2381 2101 2404 ve-

1159 2418 1256 2453 stram
1266 2418 1301 2453 iu
1315 2418 1418 2452 multa
1431 2418 1683 2452 mansuetudine
1697 2420 1906 2460 supportasset
1920 2444 1927 2450 .
1953 2420 2028 2453 Nos
2047 2430 2104 2454 au-

1159 2478 1248 2509 tem,
1276 2466 1353 2502 licet
1363 2466 1544 2513 gravissime
1555 2466 1613 2500 laesi
1629 2490 1639 2506 ,
1665 2466 1839 2500 molimina
1862 2467 1962 2501 vestra
1983 2477 2100 2503 contra

1162 2518 1338 2553 Ecclesiam
1351 2518 1384 2552 δε
1397 2528 1457 2551 nos
1469 2542 1479 2558 ,
1507 2515 1663 2559 quamdiu
1677 2515 1768 2549 licuit
1782 2538 1793 2554 ,
1815 2515 2099 2557 dissimulavimus,

1161 2578 1196 2603 ut
1209 2569 1333 2603 cunctis
1345 2569 1465 2601 testum
1480 2565 1677 2609 sapientibus
1687 2590 1696 2606 ,
1724 2566 1759 2599 δε
1782 2565 1977 2601 habentibus
1989 2568 2099 2602 zelum

1160 2619 1260 2663 legis,
1286 2614 1599 2653 exceffisremodum
1613 2615 1760 2649 videatur
1780 2616 1936 2659 patientia
1961 2617 2067 2652 nostra
2091 2643 2099 2649 .

1160 2670 1221 2704 Sed
1231 2669 1307 2712 quia
1321 2665 1490 2701 noviffima
1503 2665 1604 2699 vestra
1619 2666 1741 2707 semper
1764 2666 1896 2700 inventa
1919 2667 1992 2701 sunt
2013 2666 2099 2702 dete-

1159 2719 1243 2754 riora
1254 2716 1432 2762 prioribus,
1460 2715 1640 2750 &ulterius
1652 2714 1850 2750 dissimulare
1872 2726 1939 2750 non
1964 2716 2059 2751 licuit
2086 2742 2097 2757 ‚

1158 2781 1217 2804 vos
1226 2781 1266 2803 ex
1278 2767 1406 2810 justis&
1418 2766 1597 2801 manifestis
1626 2765 1726 2799 causis
1741 2765 1960 2801 anathematis
1972 2767 2098 2801 senten—

1157 2820 1203 2854 tia
1215 2818 1446 2863 percellentes,
1471 2816 1491 2851 a
1514 2815 1663 2859 Corpore
1689 2815 1831 2857 Christi,
1854 2815 1946 2861 quod
1967 2817 2011 2851 est
2037 2816 2097 2850 Ec-

1157 2870 1248 2904 clesia
1258 2894 1269 2910 ,
1281 2868 1386 2902 donec
1409 2865 1578 2911 condigne
1589 2865 1790 2901 satisfaciatis
1801 2891 1811 2907 ‚
1825 2867 1984 2912 tanquam
1999 2877 2098 2901 mem·

1157 2920 1250 2954 brum
1272 2917 1451 2962 putredinis
1471 2917 1702 2952 resecavimus.
1732 2915 1942 2961 Praicipimus
1965 2917 2046 2961 ergo
2061 2918 2096 2950 in

1157 2970 1275 3003 virtute
1286 2968 1481 3003 obedientiae
1499 2992 1509 3008 ,
1536 2967 1571 3001 in
1592 2965 1738 3010 periculo
1761 2967 1896 3008 salutis,
1923 2967 2096 3011 dignitatis

1156 3019 1345 3060 scordion,
1365 3017 1524 3062 quatenus
1544 3025 1640 3061 prout
1662 3014 1812 3053 Ecclefiae
1837 3017 1940 3051 forma
1962 3017 2096 3059 praescri-

1156 3069 1204 3104 bit
1213 3095 1223 3112 ‚
1250 3069 1291 3104 ab
1300 3069 1393 3103 omni
1405 3078 1461 3102 vos
1472 3067 1713 3102 communione
1723 3066 1875 3101 fidelium
1890 3066 2091 3105 abstineatis,

1158 3131 1197 3154 ne
1220 3121 1320 3155 vestra
1343 3118 1550 3163 participatio
1575 3116 1794 3152 Dominicum
1821 3119 1964 3162 Gregem
1985 3123 2095 3150 conta-

1154 3171 1257 3205 minet
1268 3169 1308 3204 ad
1320 3170 1447 3204 ruinam
1460 3193 1471 3209 ‚
1497 3168 1552 3210 qui
1565 3167 1665 3201 vestra
1676 3166 1825 3204 doarina
1836 3166 2049 3205 erudiendus,
2059 3164 2093 3201 &

1153 3221 1310 3267 exemplis
1321 3217 1548 3256 informandus
1559 3226 1627 3253 erat
1639 3215 1679 3253 ad
1691 3217 1791 3253 vitam
1801 3242 1809 3251 .

1962 3511 2049 3550 ΕΡΙ-
