2358 3776
489 127 533 173 S.
578 117 876 170 THOMAE
924 104 1331 165 CANTUAR‘.
1379 105 1519 162 Lm.
1569 109 1626 162 V.

126 223 195 247 rem
205 209 427 246 nihilominus
437 219 506 243 non
529 204 721 242 revocavita
741 202 879 237 scelere.
907 198 975 246 Qi
997 207 1064 233 tan-

125 262 225 306 quam
239 272 294 304 per
309 262 340 296 se
353 272 420 295 non
433 259 508 295 satis
518 256 674 292 insaniret
684 279 696 296 ,
718 254 853 287 vesaniae
865 250 926 284 suae
937 248 1064 293 instiga-

128 321 215 347 tores
227 310 340 345 habuit
350 310 463 345 dantes
476 307 534 342 sibi
555 316 680 341 cornua
700 301 860 348 peccatori
872 323 883 340 ‚
907 298 1005 334 falsos
1019 300 1062 332 vi-

126 361 245 395 delicet
257 360 353 400 illos,
378 358 463 395 &ab
473 358 567 394 omni
581 355 791 390 Ecclesiarum
802 350 893 385 Orbe
909 347 1063 392 perpetuo

129 410 334 445 detestandos
345 410 470 444 Fratres
483 433 493 449 ‚
523 406 707 451 Rogetium
719 401 868 436 videlicet
883 397 1059 432 Eboraeen-

130 462 198 494 sem
211 459 316 495 Archi
331 459 528 495 -Diabolum
547 479 558 495 ,
578 457 612 490 &
639 450 905 489 Londoniensem
919 473 930 489 ‚
955 448 989 481 ὅ(
1011 447 1064 483 Sa-

124 510 379 550 resberiensem,
416 519 482 542 non
510 507 685 550 Episcopos
708 526 719 543 ‚
746 499 798 536 sed
819 498 1026 543 Apostaticos
1052 523 1063 540 ,

127 562 186 601 qui
199 559 322 595 Filium
335 569 450 597 tuum,
474 558 619 592 Fratrem
631 554 721 589 suum
740 548 858 595 Joseph
873 573 885 589 ,
912 560 977 582 non
992 559 1060 592 my-

128 609 211 645 stice
221 635 231 650 ,
257 608 308 644 sed
319 608 353 642 in
366 609 498 643 veritate
508 604 698 641 occiderunt
710 626 721 643 ,
747 599 852 635 Patris
863 599 928 642 jam
941 599 1025 633 senis
1050 622 1062 639 ‚

131 670 192 694 nec
205 655 468 694 maledictionem
485 664 684 694 metuentes,
712 662 771 686 nee
781 648 888 684 dolori
908 649 958 683 vel
980 649 1061 682 aetati

131 719 298 753 parcentes
312 734 319 742 .
347 709 499 755 Quorum
515 705 579 740 vita
593 704 722 749 praesens
733 724 745 742 ,
770 710 806 734 ut
826 701 859 733 in
879 699 1062 733 amaritudi-

132 768 175 792 ne
188 769 339 802 perpetua
350 759 387 792 sit
399 782 410 798 ,
436 758 469 791 ἀ
485 755 642 790 memoria
662 761 775 786 eorum
798 751 832 784 in
858 748 1063 784 maledictio-

113 819 175 843 rne
199 817 341 848 aeterna,
367 807 468 841 vestra
506 805 645 842 statuat,
670 800 764 835 Pater
788 801 898 834 Sancte
920 823 931 839 ‚
959 799 1063 832 saneta

130 857 332 893 consolatio.
370 854 576 889 Praesentium
602 853 772 895 portitores
792 849 979 894 magistrum
991 848 1065 888 Ale-

132 908 294 942 xandrum
308 931 318 948 ,
343 906 377 940 ἀ
391 903 579 947 magistrum
591 901 788 935 Gunterium
802 902 889 933 viros
902 897 1019 942 probos
1033 898 1066 931 δι

132 956 308 990 industrios
324 980 335 996 ,
360 955 543 999 quiSanEio
554 952 620 986 Dei
642 951 786 993 Martyri
809 950 844 984 in
867 949 932 983 vita
956 947 1067 982 sociati

131 1006 229 1046 funt,
258 1006 336 1040 &in
349 1015 454 1037 morte
474 1002 606 1047 separari
619 1007 685 1036 n'on
698 1000 828 1044 possunt
842 1024 852 1039 ,
865 999 973 1032 vestrae
983 1007 1070 1031 com·

131 1055 303 1090 mendatos
323 1055 386 1088 effe
406 1052 553 1087 charitati
573 1051 721 1086 officiose
741 1050 883 1094 imploro
907 1072 920 1090 ‚
955 1047 1071 1092 quibus

136 1116 208 1149 quae
221 1106 398 1138 litterarum
410 1103 546 1148 garrulis
559 1101 704 1146 apicibus
715 1100 921 1135 committere
943 1098 1035 1133 nolui
1062 1121 1074 1138 ,

136 1153 289 1189 instillavi
301 1152 447 1189 secretius
460 1152 554 1186 vobis
566 1151 600 1186 in
613 1162 688 1185 aute
701 1150 869 1185 revelanda
881 1172 891 1181 .

254 1249 663 1289 EPlsToLA
756 1246 952 1283 LXXXI.

215 1349 410 1386 Alexandro
435 1348 528 1391 Papa
554 1345 772 1381 Theobaldus
799 1343 974 1379 Bleseiter.

134 1449 381 1488 Reverendtffimo
402 1450 532 1479 Domino
547 1443 646 1487 suo&
671 1447 763 1477 Pam
784 1443 979 1481 Alexandro,
997 1440 1076 1485 [um-

182 1511 228 1534 mo
253 1497 410 1539 Pontifici,
440 1494 624 1528 Theobaldus
661 1491 807 1536 Blesenfis
839 1498 943 1527 Comes
956 1516 968 1530 ‚
994 1494 1030 1526 θ’

237 1552 332 1593 Regni
351 1549 535 1578 Francorum
548 1546 723 1578 Procurator
735 1567 747 1584 ,
768 1541 921 1585 salutem,
943 1543 978 1576 Θ

337 1595 474 1631 debui-m
491 1605 558 1628 cum
576 1594 664 1635 filiali
686 1592 870 1640 Jubjcc‘lx'one

491 1649 691 1680 reverentiam
706 1667 716 1677 .

247 1747 424 1784 ESTRAE
451 1747 573 1793 placuit
587 1745 774 1789 Maiestati,
798 1743 892 1790 quod·
902 1743 986 1778 inter
1009 1743 1079 1777 Do-

268 1798 401 1832 minum·
411 1798 680 1832 cantuariensem
693 1794 821 1827 Archi·
833 1794 1033 1836 Episcopum
1046 1791 1080 1825 ἂ.

137 1850 266 1895 Regem
280 1848 469 1893 Anglorum
485 1857 546 1890 pax
558 1845 784 1879 reformaretur
795 1867 807 1884 ,
832 1841 1004 1886 &integra
1030 1840 1077 1873 sir-

135 1908 278 1934 maretur
302 1897 483 1932 concordia
495 1922 502 1929 .
534 1895 649 1939 Itaque
674 1894 767 1937 juxta
803 1892 898 1926 vestri
931 1901 1078 1925 tenorem

135 1947 278 1983 mandati
292 1947 388 1982 illum
402 1948 473 1980 Rex
489 1945 619 1989 Angliae
630 1945 721 1976 vultu
734 1942 828 1976 hilari
842 1963 857 1980 ,γ
878 1942 987 1974 fronte
998 1941 1081 1978 lata,

137 2001 170 2034 δε
183 2009 296 2042 pacem
308 1996 490 2040 spondente
509 2019 520 2037 ‚
539 1994 574 2029 δι
586 1995 725 2038 gratiam
740 1991 799 2026 sibi
820 1991 977 2024 referente
998 2000 1076 2023 rece·

137 2050 187 2093 pit
200 2073 207 2080 .
234 2048 329 2081 Hinc
342 2046 414 2089 paci
424 2046 457 2080 δε
470 2042 656 2079 concordia
665 2042 757 2075 adfui
767 2066 778 2082 ,
804 2041 839 2076 δι
860 2050 912 2073 me
931 2040 1079 2083 praesente

135 2097 305 2133 Dominus
316 2094 555 2131 cantuariensis
567 2093 652 2136 apud
667 2091 796 2136 Regem
810 2090 852 2125 de
882 2090 1075 2124 Coronatio-

139 2147 268 2182 neFilii
282 2144 536 2188 suiconquestus
548 2142 615 2184 est,
642 2152 741 2185 quem
763 2149 843 2175 voto
866 2139 1077 2174 festinante&

141 2196 276 2231 ardente
287 2194 444 2229 desiderio
457 2194 489 2227 in
501 2191 633 2226 culmen
646 2192 757 2235 Regia
768 2190 941 2235 dignitatis
961 2190 1077 2223 fecerat

142 2243 346 2292 promoveri.
374 2243 486 2286 Hujus
497 2252 607 2278 autem
618 2241 741 2285 injuria
752 2240 845 2274 Reus
862 2239 920 2274 fibi
941 2239 973 2273 &
994 2238 1077 2273 male

141 2296 293 2331 conscius
317 2294 389 2328 Rex
413 2293 544 2338 Angliae
564 2316 575 2331 ‚
603 2293 681 2335 juris
706 2291 740 2325 δε
766 2288 990 2324 satisfactionis
1019 2287 1076 2331 ipfi

142 2344 366 2380 Cantuariensi
387 2343 504 2387 pignus
514 2341 604 2376 dedit
617 2366 626 2374 .
651 2340 861 2384 Conquestus
871 2338 916 2373 est
925 2338 1026 2372 etiam
1037 2336 1076 2371 de

143 2397 217 2440 ipsis
233 2419 243 2435 ,
267 2395 323 2436 qui
335 2403 447 2426 contra
460 2393 514 2435 jus
532 2392 566 2425 ἀ
591 2391 689 2425 decus
710 2387 952 2424 Cantuarienfis
969 2387 1078 2422 Eccle-

145 2446 194 2480 fiae
205 2452 328 2477 novum
341 2442 466 2486 Regem
479 2443 513 2473 in
525 2440 631 2474 sedem
655 2440 796 2484 Regiam
819 2438 1078 2481 praesumpserunt

143 2493 307 2529 intrudere
319 2514 330 2531 ,
358 2502 425 2525 non
437 2490 509 2524 zelo
521 2490 651 2532 justitia:
667 2500 752 2529 ,non
766 2500 801 2522 ut
813 2489 890 2522 Deo
903 2487 1075 2529 placerent,

140 2544 196 2578 sed
212 2552 246 2575 ut
258 2551 434 2584 tyrannum
446 2540 626 2582 placarent.
654 2541 707 2573 De
719 2538 784 2572 illis
797 2540 875 2572 vero
896 2537 1031 2571 liberam
1043 2537 1076 2570 ὃς

146 2595 301 2628 licentem
314 2589 388 2622 Rex
402 2588 431 2621 ei
442 2588 593 2621 conceffit
608 2588 798 2630 potestatem
814 2612 824 2626 ,
850 2598 886 2621 ut
909 2587 948 2620 ad
972 2586 1076 2621 vestrae

140 2643 177 2678 ὅ(
202 2643 262 2675 suae
281 2638 447 2683 potestatis
466 2637 635 2671 arbitrium
656 2637 691 2669 in
715 2646 772 2670 eos
793 2635 989 2670 sententiam-
1007 2647 1077 2679 pro-

139 2694 324 2736 mulgaret.
355 2688 433 2722 Haec
455 2686 612 2730 siquidem
634 2683 729 2719 vobis
749 2685 798 2719 vel
822 2684 1003 2728 juramento
1026 2684 1076 2718 vel

141 2739 297 2790 quolibet
308 2738 375 2772 alio
388 2737 517 2772 libuerit
529 2737 630 2770 modo
648 2734 792 2770 attestari
815 2745 941 2778 paratus
963 2736 1032 2768 sum
1044 2735 1075 2769 δι

142 2793 267 2829 sancire
276 2815 286 2824 ,
306 2788 359 2821 Sic
371 2788 480 2829 itaque
493 2798 570 2830 pace
583 2786 665 2819 faCta
677 2785 722 2818 vir
737 2785 802 2819 Dei
815 2784 863 2818 nil
875 2794 1021 2819 metuens
1032 2795 1076 2819 re-

142 2843 230 2879 ceffit
242 2867 254 2882 ‚
279 2850 319 2875 us
331 2837 604 2884 gladiojugulum
617 2833 761 2870 subderet
771 2859 782 2875 ‚
807 2835 841 2868 ὅ(
853 2835 1010 2869 cervicem
1023 2847 1075 2869 ex·

144 2902 277 2938 poneret
292 2887 426 2924 ferienti
436 2910 447 2918 .
471 2886 579 2919 Parrus
592 2886 636 2919 est
647 2896 726 2930 ergo
739 2884 936 2927 Martyrium
960 2885 1075 2929 Agnus

145 2945 328 2980 innocens,
357 2936 496 2971 crastina
521 2937 713 2971 Sanstorum
740 2934 968 2968 innocentium
988 2937 1042 2968 die
1067 2959 1075 2968 .

146 2991 275 3028 Effusas
286 2989 333 3024 est
345 2985 480 3030 sanguis
491 2983 589 3026 justus
601 3009 613 3025 ‚
639 2985 695 3019 ubi
709 2984 819 3018 nostrae
831 2984 983 3018 viaticum
997 2985 1075 3018 salu·

147 3042 189 3077 tis
201 3039 340 3084 Sanguis
351 3036 478 3072 Christi
498 3034 611 3069 solitus
618 3035 663 3069 est
677 3034 838 3068 immolari
856 3060 864 3067 .
893 3034 999 3068 Canes
1012 3034 1076 3067 Au-

145 3092 201 3126 lici
214 3087 437 3125 familiares&
459 3084 629 3118 domestici
652 3084 752 3129 Regis
773 3085 905 3129 Angliae
928 3085 959 3118 se
982 3084 1073 3118 mini·

147 3143 229 3177 stros
244 3135 581 3185 Regispraebuerunt,
604 3134 638 3168 ἀ
649 3144 800 3170 nocentes
818 3134 1006 3179 sanguinem
1030 3135 1077 3168 in·

147 3201 326 3225 nocentem
349 3185 559 3223 effuderunt.
587 3184 697 3227 Hujus
717 3185 855 3230 prodigii
877 3185 1013 3219 modum
1024 3184 1077 3218 de·

146 3239 324 3277 testabilem
337 3263 351 3278 ‚
375 3235 471 3271 vobis
484 3232 584 3267 verbo
594 3234 800 3277 significarem
812 3259 821 3274 ,
848 3234 902 3268 sed
914 3245 1025 3269 vereor
1036 3245 1077 3268 ne

149 3290 232 3326 mihi
244 3290 277 3323 in
295 3287 377 3323 odio
384 3283 604 3325 adscribatur,
630 3285 663 3317 ἀ
675 3283 805 3321 Latores
819 3284 1012 3329 presentium
1027 3295 1075 3328 pa·

148 3350 255 3376 tenter
271 3339 304 3373 &
325 3333 508 3381 pleniusrei
527 3333 677 3367 ordinem
697 3336 866 3370 evolverit.
893 3334 944 3368 Ex
964 3345 1077 3368 eorum

151 3390 308 3427 relatione
319 3387 447 3421 disceris
457 3394 598 3426 quantus
608 3384 756 3418 moeroris
763 3384 910 3420 cumulus
920 3409 930 3426 ,
957 3394 1077 3428 quanta

155 3439 358 3478 situniversae
372 3435 518 3470 Ecclesiae
537 3434 573 3467 &
594 3432 750 3476 Martyris
768 3436 935 3473 calamitas
947 3462 955 3469 .
980 3434 1078 3470 Hanc

253 3487 361 3530 Clm‘fl.
376 3490 455 3530 Lupi
465 3488 563 3528 opera
572 3486 651 3518 Tem.
663 3485 706 3516 Χ.

1126 198 1214 233 salvo
1224 197 1348 240 pudore
1359 207 1428 230 non
1440 195 1543 240 potest
1555 194 1747 234 dissimulare
1766 194 1918 237 Romana
1939 202 2052 240 Ματρί

1129 246 1281 282 Ecclefia.
1309 246 1484 293 Qidquid
1493 247 1628 280 enimin
1651 247 1753 283 filiam
1774 254 1970 294 pmtumitur
1986 253 2047 289 ini.

1127 299 1250 332 micum
1260 322 1271 337 ,
1297 295 1453 331 redundat
1466 298 1498 330 in
1510 304 1694 340 parentem:
1721 308 1778 332 nec
1789 301 1852 335 line
1864 303 1983 336 Matris
1997 304 2051 337 iia·v

1124 347 1204 391 juria
1216 347 1281 381 filia
1292 349 1474 390 captivatur
1485 372 1493 378 .
1521 345 1575 381 Ad
1590 357 1648 380 vos
1663 348 1769 389 itaque
1778 349 1891 385 clamat
1907 353 2048 397 Sanguis

1125 397 1197 442 justi
1209 422 1220 439 ‚
1246 397 1278 431 ἀ
1289 395 1415 441 flagitat
1426 398 1588 431 ultionem
1600 422 1607 428 .
1637 395 1742 430 Vobis
1753 406 1830 438 ergo
1843 421 1854 436 ,
1867 400 1960 436 Pater
1971 403 2050 438 San.

1124 448 1257 483 citissime
1270 471 1280 486 ,
1305 448 1383 481 adlit
1391 448 1424 482 ὅ(
1435 447 1583 481 consulat
1597 445 1691 480 Pater
1702 445 1928 488 omnipotens,
1946 451 1979 484 &
1990 453 2052 493 qui

1126 499 1185 532 filii
1201 498 1250 533 sui
1259 507 1404 531 cruorem
1417 496 1548 530 Mundo
1562 496 1696 539 impedit
1708 519 1720 535 ,
1747 505 1782 528 ut
1805 494 1928 529 Mundi
1952 509 2059 535 noxae

1125 549 1300 592 detergeret
1310 548 1345 582 δε
1353 545 1472 581 deleret
1485 548 1625 580 maculas
1635 555 1841 589 peccatorum
1853 569 1863 585 ,
1890 546 1947 579 ille
1961 547 2057 583 vobin

1127 599 1271 632 vindidae
1282 598 1485 631 voluntatem
1507 596 1644 629 insinuet
1656 619 1667 636 ,
1694 596 1728 630 de
1752 597 1903 639 suggerat
1925 594 2061 633 faculta-

1127 659 1213 687 tem,
1237 658 1274 681 ut
1289 647 1426 681 Ecclesia
1440 645 1581 681 inauditi
1595 645 1720 679 sceleris
1735 645 1872 679 confusa
1893 646 2061 691 magnitu-

1126 700 1202 733 dine
1211 723 1221 738 ‚
1248 696 1389 731 districta
1401 694 1570 731 hilarescat
1582 695 1726 730 ultione.
1757 693 1877 730 Valeat
1901 695 2059 733 Sanstita!

1127 748 1227 784 vestra
1237 769 1249 786 ,
1272 746 1306 780 ἀ
1319 747 1399 781 ficut
1410 749 1468 781 vos
1476 747 1570 781 decet
1584 769 1596 786 ‚
1621 745 1721 781 facite
1733 768 1746 785 ‚

1253 844 1664 884 EPISTOLA
1715 845 1952 884 LXXXII.

1227 945 1420 982 Alexandro
1445 946 1539 989 Papae
1560 945 1762 982 wilhelmus
1781 946 1977 985 Senonenfis

1430 995 1553 1031 Archi·
1568 997 1769 1042 Episcopus.

1133 1097 1307 1138 5an81ffimo
1338 1101 1464 1131 Domino
1485 1110 1520 1132 ae
1540 1102 1632 1133 Pam
1653 1100 1823 1134 Alexandro
1846 1123 1857 1140 ,
1883 1103 1943 1134 Del
1962 1101 2067 1145 gretie

1178 1147 1294 1192 summo
1318 1148 1472 1190 Pontifici,
1500 1149 1677 1183 Wilbelmus
1701 1148 1868 1192 Senonenfis
1881 1148 2020 1192 Ecclefiae

1120 1192 1129 1216 ⁵
1235 1197 1355 1231 humilis
1379 1197 1534 1239 Minister,
1553 1197 1684 1243 salutem
1706 1202 1741 1235 ό·
1762 1200 1895 1235 debitam
1906 1210 1977 1235 cum‘

1346 1255 1431 1280 emm*
1460 1250 1611 1284 devotione
1633 1250 1851 1284 obedientiam.

1230 1343 1404 1380 ‘ESTRO
1430 1343 1660 1387 Apostolatuh
1684 1345 1783 1381 Pater
1792 1345 2013 1389 Sanste‚data
2027 1345 2075 1382 est

1269 1394 1572 1437 omnis-potestasin
1585 1394 1682 1430 Coelo
1703 1396 1739 1430 &
1758 1396 1793 1430 in
1815 1406 1919 1437 terra,
1944 1394 2076 1442 gladius

1139 1454 1255 1487 anceps
1265 1445 1299 1476 in
1310 1443 1460 1478 manibus
1475 1444 1608 1477 vestris.
1633 1446 1735 1487 Super
1755 1456 1870 1490 gentes
1892 1446 1927 1480 dc
1952 1445 2073 1489 Regna

1139 1492 1390 1528 constitutivestis
1401 1493 1441 1527 ad
1453 1492 1639 1537 alligandos
1652 1494 1761 1539 Reges
1768 1504 1882 1528 eorum
1896 1495 1930 1528 in
1941 1506 2075 1539 compe-

1139 1543 1258 1583 dibus,
1283 1542 1470 1577 &Nobiles
1483 1544 1644 1577 eorumin
1665 1545 1802 1578 manicis
1815 1545 1925 1579 ferreis
1945 1569 1952 1577 .
1981 1544 2074 1580 Vide

1140 1604 1221 1638 ergo
1233 1592 1380 1627 Domine
1399 1593 1432 1627 δε
1453 1593 1639 1632 considera,
1665 1605 1765 1638 quem
1789 1593 2074 1630 vindemiaverunt

1141 1645 1203 1678 ita.
1232 1642 1374 1677 Vineam
1386 1654 1525 1687 namque
1537 1643 1677 1678 Domini
1702 1644 1846 1678 Sabaoth
1868 1645 2075 1680 extermina-

1141 1694 1188 1727 vit
1200 1705 1275 1737 aper
1294 1693 1334 1727 de
1355 1694 1444 1735 sylva
1459 1716 1469 1731 ,
1495 1693 1529 1726 &
1548 1692 1713 1737 singularis
1736 1695 1836 1727 Ferus
1858 1694 2007 1737 depastus
2025 1694 2073 1729 est

1139 1752 1232 1777 eam.
1262 1741 1402 1776 Ecclesia
1414 1740 1567 1784 siquidem
1581 1742 1847 1784 Cantuatienfis,
1874 1743 1981 1778 immo
2002 1745 2076 1778 uni·

1141 1791 1267 1825 versalis
1282 1790 1418 1826 Ecclesia
1431 1791 1589 1835 sanguine
1600 1801 1743 1827 rorantes
1755 1791 1978 1836 lachrymas&
1991 1803 2080 1829 ama-

1141 1840 1283 1876 ritudine
1297 1842 1420 1884 asperas
1438 1840 1456 1873 ὲ
1479 1841 1598 1875 finibus
1608 1851 1697 1876 terrae
1711 1842 1745 1876 in
1768 1843 1940 1886 conspeetu
1968 1843 2075 1879 vestro

1140 1891 1299 1931 effundit,
1327 1891 1403 1933 quia
1418 1891 1515 1933 posita
1527 1890 1571 1924 est
1584 1891 1670 1935 quasi
1684 1892 1812 1937 signum
1826 1893 1865 1927 ad
1882 1894 2035 1938 sagittam
2063 1919 2075 1936 ,

1143 1941 1275 1974 fasta-est
1283 1940 1496 1983 opprobrium
1507 1941 1624 1975 vicinis
1635 1942 1699 1976 suis
1710 1967 1717 1975 .
1745 1941 1788 1975 Et
1800 1943 1856 1987 qui
1874 1943 1985 1977 vident
1997 1954 2075 1979 eam

1141 1999 1277 2024 movent
1285 1991 1392 2033 capita
1406 1990 1496 2033 super
1509 1991 1746 2027 eamdieentes:
1758 1991 1809 2026 ubi
1817 1991 1854 2032 est
1865 1994 1944 2027 Dein
1955 1995 2073 2028 eorum?

1140 2040 1209 2084 lpsa
1222 2050 1329 2074 autem
1344 2040 1524 2084 gemens&
1542 2039 1697 2076 conversa
1715 2043 1887 2078 retrorsum
1903 2043 2072 2079 clamatin

1141 2090 1270 2124 auribus
1290 2089 1436 2124 Domini
1452 2090 1675 2126 exercituum:
1702 2092 1831 2127 vindica
1846 2118 1857 2134 ,
1883 2095 2033 2129 Domine
2058 2118 2072 2136 ,

1142 2141 1330 2185 sanguinem
1342 2140 1500 2179 servitu-1,
1525 2141 1558 2175 &
1571 2141 1729 2186 Martyris
1751 2143 1990 2178 Cantuariensis
2003 2143 2072 2178 Ar-

1139 2190 1190 2236 chi
1204 2189 1381 2233 -Episcopi
1402 2189 1459 2232 qui
1469 2192 1595 2225 occisus
1616 2191 1688 2233 est,
1715 2193 1818 2228 immo
1841 2204 1897 2236 pro
1919 2193 2071 2228 libertate

1141 2239 1283 2272 Ecclefiae
1295 2239 1486 2273 crucifi-xus.
1514 2240 1615 2276 Pater·
1626 2242 1755 2283 sancte,
1780 2243 1912 2278 verbum
1936 2243 2072 2277 horren·

1137 2289 1216 2322 dum
1227 2313 1237 2329 ,
1260 2289 1385 2321 facinus
1396 2287 1596 2330 flagitiosum
1609 2314 1620 2330 ,
1630 2301 1764 2327 enorme
1775 2293 2072 2336 flagitiumsfflum

1138 2338 1225 2371 estin
1239 2337 1350 2371 diebus
1360 2337 1488 2379 vestris,
1516 2339 1603 2382 quod
1616 2340 1815 2382 quicumque
1826 2342 1963 2376 audierit
1977 2366 1987 2381 ,
2007 2343 2074 2376 tin·

1138 2388 1229 2421 nient
1246 2387 1347 2421 ambae
1360 2398 1449 2420 aures
1460 2387 1527 2429 ejus
1543 2413 1550 2419 .
1578 2389 1657 2421 Non
1678 2391 1722 2422 est
1744 2392 1896 2424 auditum
1922 2392 1955 2425 in
1969 2391 2070 2427 The·

1138 2448 1211 2470 man
1226 2461 1239 2476 ,
1263 2447 1321 2470 nec
1331 2437 1376 2470 est
1400 2437 1502 2470 visu-m
1527 2436 1560 2468 in
1588 2436 1768 2471 Chanaam
1794 2438 1888 2472 Alter
1909 2440 2068 2480 siquidem>

1138 2487 1285 2521 Herodes
1298 2511 1308 2527 ‚
1335 2488 1440 2519 semen
1458 2484 1614 2518 chanaan
1627 2509 1637 2525 ‚
1651 2487 1684 2520 ὃς
1695 2498 1762 2521 non
1776 2488 1857 2530 Iuda
1870 2513 1880 2528 ‚
1890 2490 2065 2534 progenies

1137 2539 1316 2579 viperarum
1330 2560 1340 2575 ,
1360 2534 1457 2568 miffis
1467 2535 1484 2567 a
1498 2535 1595 2568 latere
1606 2535 1663 2570 suo
1677 2537 1842 2572 littoribus
1853 2539 1981 2583 signu-m
1993 2541 2067 2576 Do·

1135 2586 1260 2620 minicae
1277 2584 1447 2629 paffionis,
1474 2582 1563 2628 quod
1574 2584 1706 2630 desuper
1718 2589 1750 2620 in
1765 2588 1882 2623 vertice
1891 2589 2023 2634 gerebat
2049 2615 2063 2632 ,

1137 2646 1336 2680 nequaquam
1347 2633 1514 2668 exhorruit
1527 2636 1620 2677 profu
1626 2636 1699 2671 ndis
1709 2649 1838 2673 exarare
1850 2639 2039 2675 vulneribus
2049 2665 2065 2684 ,

1137 2686 1171 2720 ἀ
1184 2686 1266 2720 votis
1287 2683 1434 2727 turpibus
1446 2683 1619 2719 Coelestem
1642 2684 1823 2723 deformare
1843 2689 2027 2735 Imaginem
2054 2716 2064 2725 .

1137 2735 1222 2770 Proh
1236 2734 1353 2769 dolor!
1375 2734 1452 2768 ficut
1463 2735 1574 2768 omnis
1585 2733 1725 2772 Ecclesia
1750 2739 1855 2773 asserit
1865 2763 1874 2778 ‚
1904 2740 2006 2783 ipsum
2019 2742 2066 2775 fa-

1135 2784 1371 2828 citMartyrem
1383 2785 1477 2819 causa
1490 2784 1604 2827 pariter
1630 2787 1663 2820 &
1686 2798 1798 2830 poena.
1827 2792 1942 2831 Poena,
1967 2789 2063 2826 dolor

1138 2834 1423 2877 Paffionisillatae;
1450 2833 1574 2877 Causa,
1599 2835 1688 2881 rigor
1704 2837 1929 2874 Ecclefiasticae
1950 2841 2062 2875 censit-

1137 2897 1192 2918 rae:
1216 2885 1290 2928 quia
1305 2895 1362 2927 pro
1371 2885 1460 2929 Lege
1474 2884 1537 2919 Dei
1549 2884 1741 2921 suicertavit
1750 2890 1849 2932 usque
1861 2889 1900 2923 ad
1913 2901 2061 2925 mortem.

1139 2935 1252 2968 Vestra
1263 2945 1341 2978 ergo
1365 2934 1513 2975 interest,
1539 2933 1634 2970 Pater
1652 2937 1930 2979 Clementiffime,
1956 2939 2069 2974 custos

1138 2995 1303 3018 murorum
1312 2983 1540 3025 Hierusalem,
1566 2985 1744 3022 remedium
1766 2987 1916 3023 adhibere
1928 2989 2061 3033 praeteri-

1136 3037 1177 3067 tis
1188 3035 1221 3068 &
1233 3034 1468 3077 providentiam
1480 3034 1600 3069 arturis
1609 3059 1619 3067 .
1644 3036 1828 3084 Qisenim
1839 3038 1931 3072 locus
1943 3035 2061 3081 poterit

1136 3086 1197 3118 effe
1210 3094 1299 3118 tutus
1314 3108 1324 3124 ,
1353 3085 1374 3117 fi
1405 3083 1509 3118 rabies
1533 3086 1705 3126 tyrannica
1727 3088 1840 3121 Sancta
1872 3088 2059 3123 sanctorum

1138 3144 1298 3175 cruentat,
1326 3134 1359 3168 ὅ(
1381 3133 1533 3169 vicarios
1552 3132 1675 3169 Christi
1698 3136 1880 3172 Columnas
1908 3137 2061 3172 Ecclefiz

1139 3183 1272 3229 impune
1281 3184 1433 3218 dilacerat
1448 3183 1464 3214 ?
1476 3182 1653 3229 Insui-gant
1667 3196 1747 3232 ergo
1760 3186 1985 3220 Ecclesiasticae
1997 3187 2061 3222 Le·

1134 3246 1194 3280 ges
1206 3259 1217 3275 ,
1242 3242 1406 3268 armentur
1419 3232 1486 3275 jura
1499 3232 1654 3270 Coelestia
1670 3260 1681 3276 ,
1693 3237 1831 3271 introeat
1844 3237 1878 3270 in
1887 3237 2060 3280 conspectu

1140 3285 1243 3319 vestro
1262 3284 1347 3318 ultio
1366 3282 1542 3327 Sanguinis
1563 3284 1695 3329 gloriosi
1717 3285 1873 3328 Martyris
1894 3308 1906 3326 ,
1942 3286 1997 3330 qui
2019 3285 2066 3321 de

1140 3334 1262 3379 Anglia
1282 3333 1412 3367 clamat.
1445 3332 1612 3369 Clamabit
1625 3334 1782 3378 siquidem
1793 3335 1826 3369 dc
1838 3333 2061 3370 commovebit

1142 3397 1206 3418 non
1224 3384 1474 3422 solumtetram,
1503 3383 1555 3416 sed
1578 3383 1708 3417 Coelum
1722 3408 1732 3424 ,
1757 3383 1791 3417 &
1810 3385 1852 3419 sic
1864 3385 1973 3419 nostro
1986 3395 2065 3419 con-

1143 3435 1234 3471 sulite
1246 3431 1354 3469 dolori
1370 3457 1382 3475 ,
1408 3443 1443 3469 ut
1466 3431 1629 3466 honestati
1647 3433 1882 3480 vestrtpariter
1893 3433 2069 3468 consulatis

1540 3480 1575 3514 H
1602 3480 1624 3516 h
1674 3493 1697 3520 2
1893 3483 1927 3518 ὅ(
1940 3482 2022 3520 saln-
