2358 3776
554 109 946 179 §.JrHoMAE
982 104 1564 158 CANTUAR.L113.
1602 113 1670 158 11.

134 198 396 240 liuminierunt,
422 195 593 240 quomodo
603 195 757 230 occidant
768 191 937 228 Christum
963 191 1095 279 Domi-¹

134 246 194 290 nr,
219 249 254 282 δε
281 248 428 282 Ecclesiae
442 248 604 291 perimant
633 245 836 284 libertatem,
864 241 978 279 accitis
1002 242 1077 280 offi-

131 298 271 336 cialibus
287 298 389 344 Regis
405 298 498 335 illum
512 307 606 333 tuum
620 295 841 332 Exoniensem
859 284 1011 328 inducere
1026 303 1075 326 ve-

130 349 195 386 lint
208 359 266 382 aut
279 347 497 392 compellere,
522 356 559 381 ut
579 344 788 392 appellationi
800 344 910 383 fastae,
936 341 1075 380 consilio

132 398 284 443 Regis&
309 398 558 439 Cardinalium,
586 395 722 432 nomine
743 393 900 438 Regni&
924 392 1076 426 Sacerdo-

130 442 195 489 tii,
222 449 406 488 adscribat,
442 442 663 484 &amonem
684 444 812 482 muniat
835 442 962 476 suarum
992 442 1076 478 testi·

126 499 248 536 monio
272 499 449 537 litterarum
475 524 481 531 .
521 498 565 531 Et
589 495 720 535 fortasse
755 492 856 537 Regis
878 491 1075 528 authoritate

134 549 321 594 praecipient
347 559 401 593 per
422 548 544 587 fidem,
569 544 727 587 quamilli
738 542 854 585 debet,
881 540 1076 576 &ficutho-

133 610 251 634 norem
277 598 389 644 Regni
412 598 446 634 &
467 594 646 631 Sacerdotii
669 594 778 638 diligit
800 616 812 633 ‚
848 602 885 626 ut
905 603 979 626 cum
1001 592 1074 633 aliis

141 648 284 686 ,Nunciis
306 648 446 684 caussam
469 645 643 690 suscipiat,
677 645 710 685 ἀ
732 644 767 677 in
789 642 917 694 propria
939 643 1072 685 persona

134 701 348 744 prosequatur
366 723 373 729 .
400 697 587 744 Qorurnsi
601 705 704 738 unuttt
724 694 857 735 fecerit,
885 692 1074 734 indubitanr

132 759 184 784 ter
213 749 312 787 credo
322 742 546 791 quod'Deum
560 771 571 787 ‚
597 745 708 786 &scio
729 742 820 788 qudd
842 743 988 777 offendet
1012 742 1072 776 Ar-

128 797 424 842 chi-Episcopum,
450 797 587 842 fortaffis
598 793 861 838 irreparabiliter.
889 794 966 828 Fuit
979 794 1070 835 enim

125 858 205 885 cum
218 847 293 881 aliis
306 847 556 892 appellatoribus
579 845 664 888 apud
686 843 934 886 Northamtune
945 843 1070 883 Adver-

121 895 224 935 sirius
245 897 335 939 ejus,
364 897 445 933 Item
481 895 623 931 secundo
648 894 887 939 appellantibus
907 893 1032 927 adstitit
1058 917 1070 934 ,

119 946 159 983 a&
183 943 295 987 habita
309 947 382 981 sunt
395 944 463 981 haec
475 946 560 991 quafi
575 957 643 980 non
655 944 795 987 fuerintf
821 944 854 986 Si
877 942 954 982 vero
977 954 1065 986 nunc

83 1003 86 1005 '
121 996 225 1037 tertie>
235 1007 306 1031 non
319 1007 468 1042 gravatus
480 995 715 1037 ratihabitione
726 1004 890 1039 retorquet
911 994 950 1028 ad
964 995 994 1028 se
1004 1005 1067 1036 ma-

119 1044 230 1087 litiam
248 1046 389 1088 aliorum
407 1071 419 1088 ,
443 1058 520 1081 cum
539 1047 586 1087 eis
600 1045 761 1089 videbitur
779 1045 864 1079 sitire
876 1045 1067 1089 sanguinem

121 1094 256 1137 Patris,
282 1097 316 1138 ὅς
329 1098 434 1142 magis
445 1096 627 1138 vulnerabit
639 1094 879 1138 conscientiam
894 1095 1068 1139 propriam,

121 1146 223 1189 quarn
242 1146 391 1189 Ecclesiae
402 1148 551 1188 causam,
577 1146 674 1194 quam
689 1146 857 1189 personam
874 1144 961 1185 illius
973 1168 983 1183 ,
1011 1155 1066 1177 cu-

119 1194 171 1242 jus
193 1195 286 1230 ruina
309 1197 478 1240 quaeritur,
506 1197 540 1231 Si
570 1207 639 1230 non
663 1196 795 1236 fecerit,
821 1194 977 1238 praeterita
995 1204 1063 1234 non

121 1245 304 1290 proderunt
326 1247 458 1286 merita,
483 1247 564 1289 quin
588 1247 690 1290 Regis
708 1242 1064 1286 &Sacerdotiidenun-

121 1295 223 1330 rietur
243 1293 393 1340 publicus
420 1294 540 1334 hostin
564 1295 598 1328 &
617 1293 693 1336 licet
704 1292 772 1330 haec
795 1293 907 1331 omnia
929 1291 1064 1337 fecerit,

119 1343 210 1383 hune
231 1343 372 1386 eundem
392 1343 519 1383 exitum
540 1343 643 1377 timeo
657 1366 665 1377 .
703 1340 751 1375 Ea
763 1341 853 1375 enim
874 1340 919 1375 est
946 1350 1061 1381 natura

118 1393 267 1434 hominis
283 1416 302 1441 v,
337 1402 375 1427 ut
396 1392 482 1436 apud
502 1403 578 1430 eum
599 1391 754 1435 jacturam
777 1390 876 1441 saciat
909 1391 1061 1433 omnium

117 1444 335 1483 meritorum,
361 1444 560 1494 quicumque
580 1443 708 1482 ratione
732 1441 918 1489 praeterierit
931 1450 989 1477 aut
1014 1440 1063 1475 die

118 1492 246 1532 stulerit
269 1504 374 1535 unum
396 1493 634 1538 qualecumque
644 1491 822 1534 adimplete
844 1491 1061 1531 mandatum„

117 1544 170 1584 Ea
182 1552 293 1583 autem
312 1542 357 1579 est
382 1543 563 1584 moderatio
577 1553 707 1587 precum
719 1542 753 1584 ὃς
764 1541 920 1575 sobrietas
933 1539 1064 1574 mandaae

116 1603 253 1638 torum,
279 1602 315 1627 ut
336 1593 366 1626 ei
387 1593 587 1637 quanddque
610 1591 733 1635 neceffe
744 1591 780 1625 fit
802 1591 949 1625 obviari.
974 1590 1066 1637 Qa-

118 1654 155 1682 te
172 1643 298 1684 summa
320 1642 444 1683 consilii
467 1642 533 1683 mei
557 1641 603 1683 est
618 1665 628 1682 ,
652 1650 688 1676 ut
718 1639 866 1676 adhibita
888 1639 1063 1685 diligentia

117 1693 151 1727 δι
165 1702 236 1730 tota
249 1693 368 1733 mentis
385 1691 611 1733 sollicitudine
623 1693 747 1735 semper
758 1701 905 1726 teneatur
924 1691 1064 1738 amicus,

116 1743 200 1780 dum
221 1743 294 1783 fieri
307 1741 433 1786 potest,
453 1742 622 1783 ‚incolumi
635 1741 814 1787 religione.
840 1740 964 1780 ,Siverci
987 1752 1064 1776 con,

116 1791 228 1842 tingat
246 1792 421 1831 articulus,
447 1801 483 1824 ut
504 1799 562 1833 aut
582 1791 688 1833 ipsum
711 1790 878 1829 offendere
895 1789 1063 1825 neceffitas

114 1851 230 1888 urgeat
253 1850 311 1881 aut
333 1850 487 1884 peccare,
516 1839 609 1880 Deus
619 1839 664 1874 est
678 1838 904 1882 praeferendus,
934 1848 1061 1874 utcon-

117 1891 260 1931 scieutiae
281 1892 423 1925 servetur
443 1890 630 1935 integritas.
661 1890 734 1924 Nec
756 1889 822 1924 fieri
834 1890 919 1925 mala
930 1889 1062 1932 debent,

117 1951 156 1979 ut
169 1941 361 1986 proveniant
375 1940 483 1981 bona,
507 1951 570 1980 nec
592 1939 721 1979 offensis
746 1939 903 1984 placanda
916 1939 962 1975 est
974 1940 1058 1975 indi-

116 1991 233 2038 gnatio
256 1990 459 2034 Majestatis,
484 2001 520 2025 ut
536 1990 684 2029 fidelium
707 1990 838 2028 suorum
868 2000 1059 2035 convertat,

117 2051 174 2081 aut
184 2052 332 2082 conterat
344 2041 501 2080 inimicos
514 2065 522 2072 .
550 2040 583 2076 Si
604 2040 660 2079 ille
678 2050 736 2084 pro
754 2039 849 2077 nobis
862 2063 873 2082 ,
899 2039 972 2084 quis¹
981 2051 1058 2078 con·

114 2100 164 2131 tra
183 2102 243 2128 nos
266 2091 283 2123 ἓ
319 2091 434 2138 Itaque
452 2090 476 2127 fi
496 2088 763 2133 ratihabitionem
798 2091 966 2135 exegerint
986 2113 997 2132 ,
1032 2089 1053 2124 fi

114 2142 270 2186 petierint
293 2141 588 2185 subscriptionem,
613 2139 695 2176 mihi
716 2139 868 2183 videtur,
907 2140 992 2177 salva
1015 2150 1055 2173 re-

115 2192 261 2230 verentia
292 2190 420 2227 consilii
444 2192 583 2234 potioris
605 2214 616 2231 ‚
641 2190 730 2233 quod
753 2190 870 2227 dilatio
896 2190 960 2237 peti
994 2200 1055 2234 pom

115 2242 198 2281 test,
225 2242 330 2275 donec
349 2241 528 2275 Ecclesiam
550 2241 639 2277 suam
660 2240 840 2287 Episcopus
871 2238 1017 2276 consulat
1044 2264 1055 2282 ‚

116 2293 151 2326 ὅ(
174 2291 363 2335 Religiosos
386 2291 473 2324 viros
493 2289 660 2327 Parochiae
674 2315 683 2324 .
712 2291 793 2325 Non
816 2290 907 2328 enim
930 2288 1056 2324 videtur

114 2341 249 2386 grandis
266 2341 329 2378 este
346 2339 546 2386 prudentia,
571 2340 593 2377 fi
618 2339 722 2378 homo
743 2340 948 2384 finequerela
970 2339 1075 2378 seli--⁴

115 2391 208 2436 tigiis,
227 2391 402 2435 immergat
418 2389 554 2425 alienis.
583 2390 627 2428 Et
648 2389 724 2423 cum
747 2389 837 2428 testis
856 2390 893 2426 fit
911 2389 1059 2425 attende·

114 2452 150 2476 re
167 2440 255 2483 quod
276 2439 403 2473 vidit&
425 2438 575 2478 audivit,
612 2440 691 2485 quid
714 2438 879 2473 testificari
902 2441 1020 2483 poterit
1045 2464 1058 2483 ,

113 2492 170 2534 qui
195 2500 252 2523 nec
274 2488 422 2523 interfuit
445 2488 608 2533 negotio,
633 2501 692 2523 nec
705 2489 797 2524 audit
814 2489 874 2526 nist
893 2491 991 2533 partis
1004 2490 1054 2523 al-

112 2541 214 2574 terius
235 2539 367 2578 hostes,
395 2549 659 2584 quaerentes.quae
682 2541 737 2573 sua
748 2539 823 2574 sunt
843 2563 854 2583 ,
892 2550 960 2573 non
986 2550 1058 2583 quae

113 2590 198 2627 Dei.
228 2590 271 2623 Et
293 2587 354 2625 hac
375 2588 489 2621 eadem
508 2589 636 2625 ratione
657 2590 707 2623 uti
729 2599 904 2633 poterunt,
930 2591 1055 2634 quiap·

113 2639 311 2683 pellantibus
332 2637 529 2679 defuerunt,
553 2639 722 2681 praesertim
746 2649 823 2676 curn
845 2650 905 2673 nec
916 2641 1049 2674 manda-

114 2690 220 2723 verint
239 2689 418 2734 appellari,
459 2699 521 2722 nec
542 2688 665 2723 conscii
684 2689 825 2725 fuerint.
855 2688 1017 2724 Potetunt
1040 2713 1051 2729 ,

114 2741 274 2783 inquam,
298 2738 322 2776 fi
343 2738 401 2786 qui
423 2746 533 2774 tamen
555 2739 628 2771 sunt
651 2739 794 2775 intanto
821 2737 966 2784 Regno,
993 2739 1073 2782 qui?

114 2791 285 2825 veritatem
305 2812 316 2828 ‚
351 2800 450 2832 quam
474 2798 584 2823 mente
622 2798 877 2830 conceperunt,
908 2788 1050 2822 audeant

114 2840 280 2882 profiteri.
309 2838 551 2876 Londonienfis
577 2838 671 2876 timet
699 2839 799 2884 capiti
814 2839 893 2877 suo,
920 2838 954 2871 ὅ(
976 2837 1051 2872 ideo

114 2890 231 2924 furoris
251 2890 355 2924 socios
374 2889 486 2933 quaerit
511 2913 522 2929 ,
560 2899 596 2922 ut
614 2898 778 2924 remaneat
811 2888 1012 2931 impunitum
1038 2913 1052 2929 ‚,

114 2938 310 2981 quddatam
331 2940 445 2979 multis
467 2938 649 2974 constiterit
682 2938 776 2972 fuisse
804 2938 1029 2984 praesumptum
1045 2962 1057 2973 ..

116 2988 220 3036 Qiod
241 2989 263 3021 fi
288 2989 460 3023 instantius
482 2999 642 3032 urgeant,
669 2988 856 3028 deferatur,
881 2988 1049 3031 fifieripo-

114 3040 174 3072 test
192 3062 202 3078 ‚
229 3037 270 3073 ad
283 3038 508 3075 Cardinalium
520 3038 818 3074 consultationem.
846 3039 925 3072 Hoc
938 3035 1048 3072 tamen

114 3090 279 3124 voluntati
301 3087 401 3132 Regis
423 3087 610 3133 negandum,
623 3099 688 3122 non
703 3091 784 3126 erit,
810 3089 901 3132 quod
926 3099 985 3130 pro
1007 3100 1048 3122 eo

114 3139 271 3178 scribatur
282 3162 292 3177 ,
319 3137 478 3181 quatenus
495 3138 675 3181 apparuerit
685 3138 806 3180 iustitia
823 3139 890 3182 ejus
903 3162 917 3180 ι
928 3139 961 3172 &
975 3150 1048 3172 exo·

113 3199 200 3224 retur
217 3187 383 3225 Dominus
399 3187 486 3231 Papa
499 3210 510 3227 ‚
534 3197 570 3221 ut
595 3188 741 3226 Ecclesiae
761 3190 915 3224 reformet
927 3199 1053 3231 pacem„

113 3241 146 3274 &
165 3238 265 3283 Regis
281 3239 442 3272 honorem
456 3238 578 3277 servet,
601 3238 634 3271 &
655 3237 810 3281 justitiam
834 3249 1023 3282 promoveat
1038 3263 1051 3280 ‚-

115 3290 194 3322 sicut
217 3289 361 3322 docuerit
384 3287 522 3331 Spiritus
533 3286 685 3322 Sanetus.
713 3288 744 3324 Si
768 3299 876 3324 autem
889 3289 1049 3331 specialio-

116 3352 148 3372 ra
172 3339 373 3381 quaesierint,
397 3337 678 3382 quidquidcontra
690 3340 922 3375 conscientiam
937 3339 969 3372 &
993 3337 1048 3371 ho-

116 3389 273 3425 nestatem
298 3387 558 3430 specificabitur,
583 3397 649 3421 non
673 3386 805 3427 habebit
828 3390 963 3433 speciem
1001 3388 1049 3422 vel

114 3440 288 3480 decorem,
313 3437 397 3474 certe
419 3449 479 3473 nec
498 3437 603 3471 exitus
626 3436 758 3474 felices.
785 3439 1050 3475 prosecutionem

1889 132 1994 175 239

1139 190 1247 225 caussae
1268 188 1425 233 suscipere
1445 189 1575 233 quidem
1599 203 1667 226 non
1687 194 1835 238 expedit,
1863 199 1915 233 sed
1928 201 1983 242 qui
1999 208 2075 235 coa-

1138 242 1203 278 ⁴«stus
1221 239 1318 279 fuerit
1328 238 1485 285 gaudebit
1506 240 1643 279 fortaffis
1655 242 1813 281 dilatione
1825 273 1835 288 ,
1863 261 1926 292 qua
1939 253 2075 284 necessa-

1139 290 1186 325 ria
1198 300 1316 333 quaerat
1330 315 1342 331 ,
1363 290 1398 327 ἀ
1417 288 1531 323 domui
1556 291 1617 324 suae
1627 289 1796 334 disponere
1809 300 1919 339 posfit,
1949 301 2075 336 portas.

1138 340 1171 382 se
1191 339 1250 374 sub
1269 351 1310 374 eo
1323 349 1478 383 praetextu
1490 340 1602 385 colligi
1617 352 1769 384 poterunt
1782 367 1792 382 ,
1818 357 1885 388 quae
1906 350 1982 384 Deo
2005 363 2076 395 gra.

1140 390 1205 431 tius
1218 400 1393 435 erogentur
1404 415 1411 422 .
1438 391 1476 432 ln
1493 391 1586 433 ipsius
1598 392 1675 425 vero
1697 392 1888 436 Legationis
1901 400 2076 447 susceptio.

1139 452 1180 474 ne
1200 441 1313 483 omnia
1332 442 1432 475 causae
1455 440 1532 474 vitia
1551 442 1584 475 &
1615 442 1848 485 impedimenta
1872 449 2075 486 protestanda

1136 491 1232 532 sunt,
1258 501 1295 525 ut
1318 491 1420 531 etiam
1442 491 1646 526 conscientia
1668 493 1809 526 servetur
1830 491 2017 537 indemnis,
2042 500 2076 536 &

1137 537 1173 574 ut
1196 552 1322 581 amarus
1342 541 1449 578 exitus
1466 539 1575 585 postea
1589 553 1656 575 non
1668 541 1785 577 debeat
1798 543 1971 587 imputari.
1998 546 2079 581 Exi-

1135 602 1229 636 getur
1286 590 1371 633 forte
1403 591 1445 630 de
1465 591 1627 625 mandatis
1659 592 1852 637 diligentius
1882 597 2079 638 exequendis

1137 640 1216 680 novi
1239 642 1349 675 cautio
1371 640 1568 684 juramenti:
1597 640 1651 680 sed
1675 654 1742 679 non
1766 642 1882 684 video,
1909 643 2081 687 quomodo

1134 691 1198 724 fine
1208 690 1418 733 turpitudinis
1441 701 1519 726 nota
1539 692 1702 735 praestetur
1724 717 1732 724 .
1762 690 1858 726 Nihil
1881 704 1991 729 autem
2018 695 2081 732 nti-

1135 742 1197 775 lius
1215 742 1276 782 effe
1295 741 1456 776 dilatione
1477 742 1576 782 credo
1596 765 1608 782 ,
1637 742 1658 774 fi
1673 742 1777 786 potest
1791 744 1973 786 impetrari:
2001 746 2079 786 quia

1134 789 1270 828 authore
1289 791 1441 831 Domino
1452 791 1584 826 interim
1598 803 1652 828 aut
1666 804 1728 836 pax
1745 794 1994 837 reformabitur,
2008 803 2079 832 ⁴aut

1135 842 1302 884 Dominus
1325 841 1413 886 Papa
1425 842 1473 883 vel
1486 842 1677 882 Cardinales
1697 842 1764 876 alio
1777 845 1954 888 procedent
1977 845 2082 883 confi-

1135 892 1203 933 lio,
1230 902 1266 926 ut
1288 892 1390 926 totius
1410 893 1692 936 negotiiformam
1703 889 1854 936 oporteat
1879 896 2047 930 immutari
2070 919 2076 926 .

1134 942 1280 979 Utinam
1305 942 1387 984 veris
1396 943 1544 986 graviora
1555 943 1615 984 {int
1636 943 1777 988 pericula
1802 956 1873 988 quae
1893 946 2072 984 timentur,

1134 993 1168 1034 ᾇ
1193 991 1381 1030 sollicitudo
1404 1003 1506 1026 vanos
1530 994 1665 1028 timores
1686 995 1852 1034 incusserit
1873 996 2023 1034 amanti„
2046 993 2080 1032 Si

1136 1042 1341 1080 Cicestrensis
1360 1042 1393 1077 ὃ(
1406 1041 1621 1086 Vigornensis
1643 1054 1773 1087 operam
1786 1043 1982 1083 dederint&
2008 1045 2082 1079 dili-

1134 1092 1304 1135 gentiam,
1332 1092 1421 1137 quod
1436 1117 1447 1133 ‚
1474 1103 1510 1127 ut
1532 1093 1692 1134 arbitror,
1719 1105 1895 1138 poterunt,
1922 1107 1989 1140 quo
2012 1107 2080 1133 mo·

1132 1142 1177 1182 do
1200 1152 1274 1176 tuus
1298 1142 1493 1183 Exoniensis
1514 1143 1706 1186 expediatur
1727 1169 1738 1185 ,
1764 1147 1872 1183 minus
1894 1146 2081 1182 rumoribus

1134 1192 1281 1230 credam.
1312 1193 1476 1236 Alioquin
1492 1195 1697 1236 praesumetut
1708 1206 1765 1230 eos
1785 1197 1995 1230 machinatos
2017 1195 2081 1230 effe

1132 1239 1310 1283 periculum
1332 1242 1452 1279 fratris,
1483 1243 1569 1286 quod
1595 1245 1764 1278 noluerint
1793 1245 1967 1287 impedire.
1998 1244 2078 1282 Hoc

1131 1299 1240 1330 autem
1266 1300 1390 1329 certum
1403 1290 1542 1330 habeat,
1569 1292 1658 1333 quod
1681 1291 1787 1328 Archi
1801 1295 2006 1336 ÷Episcopus
2027 1305 2080 1336 ra:-

1130 1348 1179 1372 tas
1193 1349 1259 1376 non
1274 1338 1372 1377 habet
1390 1338 1613 1378 absolutiones
1624 1341 1776 1382 quasdam
1788 1341 1806 1375 ὲ
1831 1342 2082 1383 Cardinalibus.

1131 1388 1172 1429 Et
1185 1387 1249 1423 hoc
1262 1388 1368 1432 ipsum
1382 1389 1576 1433 significavit
1591 1390 1658 1424 eis.
1686 1391 1847 1426 Deferens
1861 1404 1971 1428 tamen
1989 1393 2082 1437 Apo·

1129 1438 1249 1477 stolicae
1260 1437 1357 1485 sedi,
1384 1438 1490 1479 noluit
1502 1450 1558 1479 eos
1569 1451 1702 1484 arguere
1726 1441 1878 1484 publice,
1905 1444 2079 1487 praesertim

1128 1488 1203 1528 cum
1216 1488 1413 1530 promittant
1435 1489 1475 1530 se.
1489 1489 1637 1527 celeriter
1657 1487 1875 1531 corresturos,
1901 1491 1990 1535 quod
2022 1492 2081 1535 ci?-

1126 1537 1294 1577 cumventi
1332 1537 1557 1582 praesumpfiffe
1601 1540 1783 1579 noscuntur
1801 1566 1808 1573 .
1858 1543 2076 1586 Rogaverunt

1129 1587 1320 1622 Cardinales
1345 1587 1662 1632 Archi-Episcopum
1686 1614 1700 1635 Ξ
1735 1601 1777 1624 ne
1808 1592 2078 1634 Londoniensem

1128 1638 1178 1672 vel
1201 1638 1282 1672 alios
1307 1637 1519 1680 denunciaret
1545 1640 1874 1684 excommunicatos,
1902 1643 1982 1679 dum
2003 1644 2074 1693 spes

1127 1687 1214 1734 pacis
1226 1688 1302 1723 esset
1313 1711 1325 1728 ‚
1351 1689 1385 1723 δε
1398 1688 1464 1731 ipse
1477 1697 1557 1721 tunc
1569 1687 1737 1731 adquievit
1954 1711 1959 1715 κ
2071 1694 2075 1697 ”

1304 1781 1718 1833 ERISTOLA
1783 1792 1895 1833 cvii,

1206 1893 1352 1941 Joannes
1378 1888 1604 1938 saresberiensis
1629 1892 1750 1929 cuidam
1777 1896 1877 1932 Amico
1897 1893 1975 1938 suo.

1208 1989 1254 2024 1C
1260 1989 1326 2023 ET
1350 1991 1537 2028 communis
1550 1992 1646 2027 Pater
1658 1992 1763 2028 noster
1773 1994 1807 2030 &
1817 1995 1988 2033 Dominus
1999 2009 2075 2035 tna-1

1232 2039 1329 2084 gistra
1341 2039 1499 2076 charitate
1510 2041 1839 2081 didiceritabundare
1850 2047 1884 2081 dc
1894 2048 2074 2090 penuriam:

1122 2089 1212 2133 pati,
1236 2089 1402 2135 &ubique
1416 2092 1493 2129 &in
1507 2093 1686 2135 omnibus5
1704 2095 1752 2131 vin
1775 2094 1894 2139 quibus
1916 2096 1983 2139 est,
2008 2109 2075 2142 pro,

1121 2137 1254 2175 Christo
1278 2140 1440 2177 sufficiens
1459 2142 1544 2183 effe,
1570 2143 1701 2188 gaudeo
1714 2154 1824 2182 tamen
1837 2157 1968 2191 propter
1992 2158 2025 2183 re
2052 2173 2076 2189 ‚‚

1120 2187 1210 2235 quo]
1224 2190 1356 2244 tandem
1382 2191 1563 2238 aliquando
1571 2194 1851 2241 qualitercumque
1861 2196 2000 2233 charitas
2010 2207 2069 2234 tua

1120 2237 1287 2279 refloruit,
1313 2239 1346 2273 &
1368 2239 1635 2285 indiciooperis‚
1661 2248 1813 2289 quamvis
1825 2248 1918 2288 sero,
1944 2247 2067 2282 &mo-

1118 2287 1194 2321 dico
1207 2287 1294 2331 prius
1311 2300 1538 2333 apparentem,
1566 2294 1738 2330 convincit
1750 2296 1802 2330 vel
1811 2297 1954 2332 tenuiter
1974 2298 2063 2333 vive·

1118 2348 1151 2380 re
1171 2338 1289 2379 fidem,
1315 2350 1409 2382 quae,
1431 2351 1466 2375 ut
1478 2341 1560 2376 nosti
1575 2366 1585 2382 ,
1611 2342 1691 2377 teste
1718 2344 1865 2389 Jacobo,
1885 2344 1950 2388 fine
1974 2353 2066 2390 operi-

1116 2387 1172 2423 bus.
1190 2396 1306 2421 mortua
1326 2388 1381 2429 est.
1412 2391 1455 2424 Et
1478 2390 1612 2435 quidem
1639 2393 1696 2427 ille
1718 2395 1843 2432 nullam
1870 2395 2024 2432 hactenus
2048 2421 2062 2438 ,

1116 2449 1173 2471 aut
1203 2437 1377 2475 honestam
1409 2442 1583 2475 dumtaxat
1615 2442 1769 2479 sustinuit
1800 2454 2020 2487 paupertatem
2045 2471 2056 2486 ,

1115 2487 1192 2524 Deo
1212 2499 1413 2534 temperante
1434 2490 1562 2534 flagella
1585 2512 1595 2528 ,
1633 2491 1667 2525 &
1689 2493 1927 2534 persecutiones
1943 2493 2063 2529 homi·-

1117 2549 1214 2578 num,
1240 2549 1277 2575 ut
1293 2539 1477 2574 tolerabiles
1491 2541 1552 2574 sint
1563 2539 1715 2575 fidelibus
1728 2565 1738 2581 ,
1764 2541 1959 2578 clementius
1971 2546 2058 2579 miti·

1113 2599 1226 2635 gante.
1270 2589 1332 2624 Sed
1351 2589 1391 2624 ad
1416 2587 1531 2623 horam
1554 2599 1696 2625 tentatus
1718 2590 1786 2632 est,
1812 2603 1848 2627 ut
1871 2595 1903 2627 se
1930 2594 2057 2638 plenius

1113 2640 1321 2685 agnosceret,
1347 2640 1380 2673 &
1395 2639 1752 2682 planiusinnotesceret
1777 2642 1932 2683 Mundo,
1960 2646 1994 2678 ἀ
2020 2646 2070 2679 ini

1104 2696 1208 2727 tantae
1229 2689 1448 2724 tribulationis
1482 2689 1630 2734 angustia
1651 2691 1753 2725 fidem
1772 2693 1952 2728 amicorum
1987 2706 2061 2730 ma-

1113 2738 1258 2773 nifestius
1279 2738 1506 2781 comprobaret
1519 2765 1527 2772 .
1556 2740 1625 2782 Jam
1642 2752 1696 2783 per
1715 2741 1830 2786 ignem
1853 2744 1998 2779 transivit
2020 2746 2054 2779 δε

1111 2800 1226 2831 aquam
1256 2812 1267 2829 ,
1303 2788 1456 2823 vexillum
1478 2789 1599 2826 fidei&
1622 2790 1749 2834 justitiae
1771 2792 1846 2827 ante
1878 2794 1984 2838 Reges
2015 2796 2051 2829 ἀ

1102 2839 1257 2878 λΡτκίῑὼε5
1269 2839 1459 2875 reluctantes
1470 2840 1504 2878 <Sc
1525 2842 1918 2889 contradicenteserigere
1927 2846 1960 2879 δε
1983 2856 2054 2888 per·

1110 2889 1188 2924 ferre
1202 2900 1263 2923 nec
1280 2888 1459 2929 erubescit,
1487 2901 1548 2924 nec
1567 2892 1702 2934 expavit
1718 2917 1729 2933 ,
1753 2904 1814 2928 nec
1834 2905 1930 2937 prece
1942 2917 1957 2938 ἣ
1990 2906 2051 2929 nec

1111 2939 1236 2982 pretio,
1275 2950 1334 2972 nec
1355 2940 1477 2981 minis„
1500 2950 1560 2975 nec
1571 2940 1763 2983 blanditiis,
1799 2955 1856 2978 aut
1878 2946 2050 2979 tormentis

1110 2989 1218 3034 frangi
1232 2988 1282 3021 vel
1306 2988 1386 3023 flecti
1413 2991 1546 3033 potuit„
1568 3001 1605 3027 nt
1625 3003 1745 3027 nomen
1776 2993 1916 3028 Domini
1939 2995 2049 3027 retice·

1111 3047 1179 3078 ret,
1204 3039 1237 3072 &
1260 3038 1396 3074 honoris
1407 3040 1476 3083 ejus
1489 3042 1828 3087 quantulumcumque
1838 3044 2046 3086 dispendium

1112 3099 1290 3131 pateretur.
1317 3089 1479 3131 Nunquid
1502 3103 1569 3124 non
1584 3092 1801 3128 eidietumest
1821 3118 1832 3134 ,
1858 3094 1968 3130 &fere
1981 3106 2045 3127 ver-

1112 3138 1159 3172 bis
1171 3137 1311 3179 eisdem‚
1337 3140 1388 3173 sed
1400 3141 1529 3174 diverso,
1552 3142 1731 3183 proposito:
1761 3143 1825 3177 fine
1839 3155 1911 3181 me,
1939 3155 1971 3176 ut
1986 3142 2042 3175 ho·

1111 3199 1222 3222 norem
1234 3189 1398 3225 Divinum
1410 3191 1560 3224 minuam
1572 3214 1582 3230 ,
1608 3202 1641 3224 ut
1657 3192 1805 3227 Ecclefiae
1816 3192 1939 3227 deleam
1952 3191 2044 3225 liber-

1111 3249 1209 3272 tatem
1222 3263 1232 3279 ,
1258 3239 1292 3273 &
1312 3241 1429 3275 faciam
1441 3249 1476 3273 te
1486 3241 1624 3274 crescere
1644 3242 1679 3275 in
1697 3250 1829 3289 gentem
1853 3252 2006 3286 magnam
2034 3265 2045 3281 ,

1110 3289 1293 3323 dummodo
1311 3289 1561 3324 consuetudines
1580 3290 1695 3326 Avitas
1717 3293 1887 3335 procedere
1901 3290 2043 3333 patiaris,

1112 3339 1143 3373 ὅ(
1163 3340 1207 3372 eis
1232 3351 1299 3373 non
1332 3349 1517 3381 anteponasv
1534 3351 1590 3374 aut
1610 3353 1755 3384 opponas
1776 3340 1975 3374 Divinorum
1999 3352 2045 3374 re-

1112 3389 1289 3423 verentiam
1311 3387 1560 3424 mandatorum?
1587 3391 1648 3425 Sed
1673 3401 1726 3423 vas
1747 3389 1923 3424 Elestionis
1945 3390 2043 3424 fidem

1106 3439 1307 3475 *fiducialiter
1316 3439 1471 3483 eloquens
1481 3463 1493 3481 ‚
1518 3449 1575 3474 aut
1587 3463 1596 3479 ‚
1606 3440 1714 3483 inquit
1727 3463 1739 3480 ,
1766 3451 1818 3473 me
1830 3439 1953 3475 delebis
1967 3465 1976 3479 ,
1989 3451 2046 3475 aut

1929 3488 1995 3524 haec
