<?xml version="1.0" encoding="UTF-8"?>
<!DOCTYPE html PUBLIC "-//W3C//DTD XHTML 1.0 Transitional//EN"
    "http://www.w3.org/TR/xhtml1/DTD/xhtml1-transitional.dtd">
<html xmlns="http://www.w3.org/1999/xhtml" xml:lang="en" lang="en">
 <head>
  <title>
</title>
<meta http-equiv="Content-Type" content="text/html;charset=utf-8" />
  <meta name='ocr-system' content='tesseract 3.04.00' />
  <meta name='ocr-capabilities' content='ocr_page ocr_carea ocr_par ocr_line ocrx_word'/>
</head>
<body>
  <div class='ocr_page' id='page_1' title='image "./operaomniastudio10lupuuoft/operaomniastudio10lupuuoft_0289.png"; bbox 0 0 2358 3776; ppageno 0'>
   <div class='ocr_carea' id='block_1_1' title="bbox 0 3155 17 3667">
    <p class='ocr_par' dir='ltr' id='par_1_1' title="bbox 0 3155 17 3667">
     <span class='ocr_line' id='line_1_1' title="bbox 0 3155 17 3667; baseline 0 0"><span class='ocrx_word' id='word_1_1' title='bbox 0 3155 17 3667; x_wconf 95' lang='lat' dir='ltr'> </span> 
     </span>
    </p>
   </div>
   <div class='ocr_carea' id='block_1_2' title="bbox 408 96 1648 163">
    <p class='ocr_par' dir='ltr' id='par_1_2' title="bbox 408 96 1648 163">
     <span class='ocr_line' id='line_1_2' title="bbox 408 96 1648 163; baseline -0.001 -8"><span class='ocrx_word' id='word_1_2' title='bbox 408 160 411 163; x_wconf 57' lang='grc'><em>,</em></span> <span class='ocrx_word' id='word_1_3' title='bbox 472 110 515 155; x_wconf 90' lang='lat' dir='ltr'>S.</span> <span class='ocrx_word' id='word_1_4' title='bbox 561 103 854 154; x_wconf 86' lang='lat' dir='ltr'>THOMAE</span> <span class='ocrx_word' id='word_1_5' title='bbox 914 96 1319 153; x_wconf 74' lang='lat' dir='ltr'>CANTUAR.</span> <span class='ocrx_word' id='word_1_6' title='bbox 1371 100 1505 151; x_wconf 89' lang='lat' dir='ltr'>LIB.</span> <span class='ocrx_word' id='word_1_7' title='bbox 1542 105 1648 154; x_wconf 90' lang='lat'>111.</span> 
     </span>
    </p>
   </div>
   <div class='ocr_carea' id='block_1_3' title="bbox 95 188 1053 1178">
    <p class='ocr_par' dir='ltr' id='par_1_3' title="bbox 95 188 1053 1178">
     <span class='ocr_line' id='line_1_3' title="bbox 106 188 1037 243; baseline -0.014 -8"><span class='ocrx_word' id='word_1_8' title='bbox 106 200 161 240; x_wconf 65' lang='lat' dir='ltr'>*do</span> <span class='ocrx_word' id='word_1_9' title='bbox 184 192 390 243; x_wconf 80' lang='lat' dir='ltr'>incognitum</span> <span class='ocrx_word' id='word_1_10' title='bbox 411 194 604 240; x_wconf 65' lang='lat' dir='ltr'>prudentiae.</span> <span class='ocrx_word' id='word_1_11' title='bbox 631 192 773 227; x_wconf 88' lang='lat' dir='ltr'>Videtur</span> <span class='ocrx_word' id='word_1_12' title='bbox 793 190 915 229; x_wconf 83' lang='lat' dir='ltr'>etiam,</span> <span class='ocrx_word' id='word_1_13' title='bbox 951 188 1037 233; x_wconf 89' lang='lat' dir='ltr'>quod</span> 
     </span>
     <span class='ocr_line' id='line_1_4' title="bbox 113 240 1039 292; baseline -0.012 -10"><span class='ocrx_word' id='word_1_14' title='bbox 113 265 168 289; x_wconf 67' lang='lat' dir='ltr'>me</span> <span class='ocrx_word' id='word_1_15' title='bbox 178 248 262 292; x_wconf 83' lang='lat' dir='ltr'>quasi</span> <span class='ocrx_word' id='word_1_16' title='bbox 272 246 458 281; x_wconf 66' lang='lat' dir='ltr'>derelictum</span> <span class='ocrx_word' id='word_1_17' title='bbox 471 244 621 288; x_wconf 83' lang='lat' dir='ltr'>abjecerit</span> <span class='ocrx_word' id='word_1_18' title='bbox 642 243 824 277; x_wconf 76' lang='lat' dir='ltr'>Pater-nitas</span> <span class='ocrx_word' id='word_1_19' title='bbox 835 241 933 274; x_wconf 87' lang='lat' dir='ltr'>vestra</span> <span class='ocrx_word' id='word_1_20' title='bbox 945 262 956 279; x_wconf 91' lang='lat'>‚</span> <span class='ocrx_word' id='word_1_21' title='bbox 983 240 1039 281; x_wconf 89' lang='lat' dir='ltr'>qui</span> 
     </span>
     <span class='ocr_line' id='line_1_5' title="bbox 113 288 1042 337; baseline -0.013 -4"><span class='ocrx_word' id='word_1_22' title='bbox 113 301 171 337; x_wconf 73' lang='lat' dir='ltr'>filii</span> <span class='ocrx_word' id='word_1_23' title='bbox 184 310 251 332; x_wconf 90' lang='lat' dir='ltr'>non</span> <span class='ocrx_word' id='word_1_24' title='bbox 260 296 398 331; x_wconf 88' lang='lat' dir='ltr'>attendit</span> <span class='ocrx_word' id='word_1_25' title='bbox 408 307 467 330; x_wconf 91' lang='lat' dir='ltr'>nec</span> <span class='ocrx_word' id='word_1_26' title='bbox 486 304 577 329; x_wconf 89' lang='lat' dir='ltr'>curat</span> <span class='ocrx_word' id='word_1_27' title='bbox 599 293 729 336; x_wconf 85' lang='lat' dir='ltr'>injurias</span> <span class='ocrx_word' id='word_1_28' title='bbox 741 316 752 333; x_wconf 93' lang='lat'>,</span> <span class='ocrx_word' id='word_1_29' title='bbox 779 291 830 325; x_wconf 75' lang='lat' dir='ltr'>sed</span> <span class='ocrx_word' id='word_1_30' title='bbox 841 288 881 325; x_wconf 89' lang='lat' dir='ltr'>ad</span> <span class='ocrx_word' id='word_1_31' title='bbox 902 290 1042 334; x_wconf 89' lang='lat' dir='ltr'>ignomi-</span> 
     </span>
     <span class='ocr_line' id='line_1_6' title="bbox 111 339 1039 388; baseline -0.016 -2"><span class='ocrx_word' id='word_1_32' title='bbox 111 351 174 387; x_wconf 70' lang='lat' dir='ltr'>nia:</span> <span class='ocrx_word' id='word_1_33' title='bbox 184 349 218 383; x_wconf 90' lang='lat'>&amp;</span> <span class='ocrx_word' id='word_1_34' title='bbox 229 346 435 382; x_wconf 80' lang='lat' dir='ltr'>contumeliae</span> <span class='ocrx_word' id='word_1_35' title='bbox 445 356 520 379; x_wconf 84' lang='lat' dir='ltr'>meae</span> <span class='ocrx_word' id='word_1_36' title='bbox 531 353 741 388; x_wconf 85' lang='lat' dir='ltr'>augmentum</span> <span class='ocrx_word' id='word_1_37' title='bbox 753 366 765 382; x_wconf 93' lang='lat'>‚</span> <span class='ocrx_word' id='word_1_38' title='bbox 791 339 992 386; x_wconf 84' lang='lat' dir='ltr'>flagitiosum</span> <span class='ocrx_word' id='word_1_39' title='bbox 1007 339 1039 372; x_wconf 90' lang='lat' dir='ltr'>in</span> 
     </span>
     <span class='ocr_line' id='line_1_7' title="bbox 110 388 1042 443; baseline -0.011 -10"><span class='ocrx_word' id='word_1_40' title='bbox 110 411 165 436; x_wconf 84' lang='lat' dir='ltr'>me</span> <span class='ocrx_word' id='word_1_41' title='bbox 176 398 330 443; x_wconf 86' lang='lat' dir='ltr'>permittit</span> <span class='ocrx_word' id='word_1_42' title='bbox 340 397 468 441; x_wconf 76' lang='lat' dir='ltr'>graffari</span> <span class='ocrx_word' id='word_1_43' title='bbox 482 395 652 428; x_wconf 88' lang='lat' dir='ltr'>inimicum</span> <span class='ocrx_word' id='word_1_44' title='bbox 665 406 677 426; x_wconf 89' lang='lat'>.-</span> <span class='ocrx_word' id='word_1_45' title='bbox 690 403 748 426; x_wconf 86' lang='lat' dir='ltr'>nec</span> <span class='ocrx_word' id='word_1_46' title='bbox 758 390 902 435; x_wconf 80' lang='lat' dir='ltr'>reprimit</span> <span class='ocrx_word' id='word_1_47' title='bbox 913 388 1042 431; x_wconf 78' lang='lat' dir='ltr'>injuria-</span> 
     </span>
     <span class='ocr_line' id='line_1_8' title="bbox 109 438 1044 484; baseline -0.014 0"><span class='ocrx_word' id='word_1_48' title='bbox 109 461 183 484; x_wconf 80' lang='lat' dir='ltr'>rum</span> <span class='ocrx_word' id='word_1_49' title='bbox 197 447 435 482; x_wconf 84' lang='lat' dir='ltr'>vehementiam</span> <span class='ocrx_word' id='word_1_50' title='bbox 445 444 589 479; x_wconf 81' lang='lat' dir='ltr'>Paternae</span> <span class='ocrx_word' id='word_1_51' title='bbox 600 442 807 478; x_wconf 67' lang='lat' dir='ltr'>correctionis</span> <span class='ocrx_word' id='word_1_52' title='bbox 828 438 1011 473; x_wconf 81' lang='lat' dir='ltr'>moderatio</span> <span class='ocrx_word' id='word_1_53' title='bbox 1036 464 1044 471; x_wconf 92' lang='lat'><strong>.</strong></span> 
     </span>
     <span class='ocr_line' id='line_1_9' title="bbox 111 489 1047 543; baseline -0.012 -10"><span class='ocrx_word' id='word_1_54' title='bbox 111 499 261 534; x_wconf 86' lang='lat' dir='ltr'>Vestram</span> <span class='ocrx_word' id='word_1_55' title='bbox 272 498 374 543; x_wconf 87' lang='lat' dir='ltr'>igitur</span> <span class='ocrx_word' id='word_1_56' title='bbox 386 495 571 538; x_wconf 86' lang='lat' dir='ltr'>suppliciter</span> <span class='ocrx_word' id='word_1_57' title='bbox 581 492 715 530; x_wconf 86' lang='lat' dir='ltr'>obsecro</span> <span class='ocrx_word' id='word_1_58' title='bbox 725 492 759 525; x_wconf 86' lang='lat'>&amp;</span> <span class='ocrx_word' id='word_1_59' title='bbox 778 489 891 532; x_wconf 86' lang='lat' dir='ltr'>adjuro</span> <span class='ocrx_word' id='word_1_60' title='bbox 903 513 914 530; x_wconf 91' lang='lat'>‚</span> <span class='ocrx_word' id='word_1_61' title='bbox 939 500 975 523; x_wconf 82' lang='lat' dir='ltr'>ut</span> <span class='ocrx_word' id='word_1_62' title='bbox 999 489 1047 532; x_wconf 88' lang='lat' dir='ltr'>ju·</span> 
     </span>
     <span class='ocr_line' id='line_1_10' title="bbox 111 538 1046 588; baseline -0.014 -4"><span class='ocrx_word' id='word_1_63' title='bbox 111 551 197 584; x_wconf 81' lang='lat' dir='ltr'>stum</span> <span class='ocrx_word' id='word_1_64' title='bbox 207 548 251 582; x_wconf 85' lang='lat' dir='ltr'>est</span> <span class='ocrx_word' id='word_1_65' title='bbox 263 573 274 588; x_wconf 91' lang='lat'>,</span> <span class='ocrx_word' id='word_1_66' title='bbox 299 545 522 581; x_wconf 73' lang='lat' dir='ltr'>celsitudinem</span> <span class='ocrx_word' id='word_1_67' title='bbox 533 568 544 584; x_wconf 92' lang='lat'>,</span> <span class='ocrx_word' id='word_1_68' title='bbox 570 552 606 576; x_wconf 91' lang='lat' dir='ltr'>ut</span> <span class='ocrx_word' id='word_1_69' title='bbox 618 553 715 585; x_wconf 90' lang='lat' dir='ltr'>quem</span> <span class='ocrx_word' id='word_1_70' title='bbox 728 540 795 575; x_wconf 88' lang='lat' dir='ltr'>filio</span> <span class='ocrx_word' id='word_1_71' title='bbox 807 538 947 578; x_wconf 87' lang='lat' dir='ltr'>debetis,</span> <span class='ocrx_word' id='word_1_72' title='bbox 974 550 1046 583; x_wconf 88' lang='lat' dir='ltr'>ope—</span> 
     </span>
     <span class='ocr_line' id='line_1_11' title="bbox 110 589 1047 633; baseline -0.011 0"><span class='ocrx_word' id='word_1_73' title='bbox 110 600 155 633; x_wconf 87' lang='lat' dir='ltr'>ris</span> <span class='ocrx_word' id='word_1_74' title='bbox 176 597 381 633; x_wconf 84' lang='lat' dir='ltr'>exhibitione</span> <span class='ocrx_word' id='word_1_75' title='bbox 396 593 581 628; x_wconf 84' lang='lat' dir='ltr'>monstretis</span> <span class='ocrx_word' id='word_1_76' title='bbox 592 593 758 631; x_wconf 70' lang='lat' dir='ltr'>affectum,</span> <span class='ocrx_word' id='word_1_77' title='bbox 786 590 819 624; x_wconf 73' lang='grc' dir='ltr'>ὅ(</span> <span class='ocrx_word' id='word_1_78' title='bbox 842 589 966 622; x_wconf 64' lang='lat' dir='ltr'>illafam</span> <span class='ocrx_word' id='word_1_79' title='bbox 991 590 1047 623; x_wconf 88' lang='lat' dir='ltr'>mi-</span> 
     </span>
     <span class='ocr_line' id='line_1_12' title="bbox 111 638 1048 691; baseline -0.01 -9"><span class='ocrx_word' id='word_1_80' title='bbox 111 648 147 682; x_wconf 86' lang='lat' dir='ltr'>hi</span> <span class='ocrx_word' id='word_1_81' title='bbox 160 673 171 690; x_wconf 88' lang='lat'><em>,</em></span> <span class='ocrx_word' id='word_1_82' title='bbox 197 649 230 682; x_wconf 75' lang='grc' dir='ltr'>δι</span> <span class='ocrx_word' id='word_1_83' title='bbox 242 645 379 691; x_wconf 85' lang='lat' dir='ltr'>personis</span> <span class='ocrx_word' id='word_1_84' title='bbox 388 645 470 678; x_wconf 89' lang='lat' dir='ltr'>meis</span> <span class='ocrx_word' id='word_1_85' title='bbox 485 667 495 684; x_wconf 89' lang='lat'><strong>,</strong></span> <span class='ocrx_word' id='word_1_86' title='bbox 509 644 544 677; x_wconf 87' lang='lat'>&amp;</span> <span class='ocrx_word' id='word_1_87' title='bbox 557 654 643 676; x_wconf 81' lang='lat' dir='ltr'>terrae</span> <span class='ocrx_word' id='word_1_88' title='bbox 655 652 733 675; x_wconf 73' lang='lat' dir='ltr'>mea:</span> <span class='ocrx_word' id='word_1_89' title='bbox 743 638 863 682; x_wconf 82' lang='lat' dir='ltr'>absque</span> <span class='ocrx_word' id='word_1_90' title='bbox 875 639 989 673; x_wconf 86' lang='lat' dir='ltr'>ordine</span> <span class='ocrx_word' id='word_1_91' title='bbox 1002 639 1048 682; x_wconf 78' lang='lat' dir='ltr'>ju-</span> 
     </span>
     <span class='ocr_line' id='line_1_13' title="bbox 112 690 1046 738; baseline -0.013 -5"><span class='ocrx_word' id='word_1_92' title='bbox 112 699 251 733; x_wconf 81' lang='lat' dir='ltr'>diciario</span> <span class='ocrx_word' id='word_1_93' title='bbox 261 695 433 730; x_wconf 85' lang='lat' dir='ltr'>emendare</span> <span class='ocrx_word' id='word_1_94' title='bbox 443 693 627 738; x_wconf 88' lang='lat' dir='ltr'>dignemini</span> <span class='ocrx_word' id='word_1_95' title='bbox 641 691 759 734; x_wconf 84' lang='lat' dir='ltr'>absque</span> <span class='ocrx_word' id='word_1_96' title='bbox 770 690 953 723; x_wconf 79' lang='lat' dir='ltr'>tardatione</span> <span class='ocrx_word' id='word_1_97' title='bbox 964 690 1046 732; x_wconf 87' lang='lat' dir='ltr'>inju-</span> 
     </span>
     <span class='ocr_line' id='line_1_14' title="bbox 110 739 1050 784; baseline -0.012 0"><span class='ocrx_word' id='word_1_98' title='bbox 110 749 196 784; x_wconf 80' lang='lat' dir='ltr'>riam</span> <span class='ocrx_word' id='word_1_99' title='bbox 218 772 225 779; x_wconf 93' lang='lat'><em>.</em></span> <span class='ocrx_word' id='word_1_100' title='bbox 261 746 348 781; x_wconf 89' lang='lat' dir='ltr'>Cum</span> <span class='ocrx_word' id='word_1_101' title='bbox 367 742 559 778; x_wconf 87' lang='lat' dir='ltr'>omnimoda</span> <span class='ocrx_word' id='word_1_102' title='bbox 581 743 679 776; x_wconf 88' lang='lat' dir='ltr'>etiam</span> <span class='ocrx_word' id='word_1_103' title='bbox 699 740 874 773; x_wconf 90' lang='lat' dir='ltr'>devotione</span> <span class='ocrx_word' id='word_1_104' title='bbox 894 739 1050 774; x_wconf 74' lang='lat' dir='ltr'>attentius</span> 
     </span>
     <span class='ocr_line' id='line_1_15' title="bbox 112 789 1051 841; baseline -0.01 -9"><span class='ocrx_word' id='word_1_105' title='bbox 112 798 261 841; x_wconf 85' lang='lat' dir='ltr'>supplico</span> <span class='ocrx_word' id='word_1_106' title='bbox 284 818 294 834; x_wconf 88' lang='lat'>‚</span> <span class='ocrx_word' id='word_1_107' title='bbox 319 805 476 839; x_wconf 88' lang='lat' dir='ltr'>quatenus</span> <span class='ocrx_word' id='word_1_108' title='bbox 493 789 653 837; x_wconf 86' lang='lat' dir='ltr'>quidquid</span> <span class='ocrx_word' id='word_1_109' title='bbox 677 791 929 834; x_wconf 82' lang='lat' dir='ltr'>praenominatus</span> <span class='ocrx_word' id='word_1_110' title='bbox 957 789 1051 823; x_wconf 88' lang='lat' dir='ltr'>Tho·</span> 
     </span>
     <span class='ocr_line' id='line_1_16' title="bbox 112 840 1050 883; baseline -0.01 -2"><span class='ocrx_word' id='word_1_111' title='bbox 112 858 184 881; x_wconf 86' lang='lat' dir='ltr'>mas</span> <span class='ocrx_word' id='word_1_112' title='bbox 196 845 404 879; x_wconf 85' lang='lat' dir='ltr'>Adversarius</span> <span class='ocrx_word' id='word_1_113' title='bbox 415 852 503 877; x_wconf 87' lang='lat' dir='ltr'>meus</span> <span class='ocrx_word' id='word_1_114' title='bbox 515 865 526 881; x_wconf 89' lang='lat'>‚</span> <span class='ocrx_word' id='word_1_115' title='bbox 554 850 669 875; x_wconf 89' lang='lat' dir='ltr'>contra</span> <span class='ocrx_word' id='word_1_116' title='bbox 691 841 770 882; x_wconf 86' lang='lat' dir='ltr'>juris</span> <span class='ocrx_word' id='word_1_117' title='bbox 780 840 929 874; x_wconf 86' lang='lat' dir='ltr'>ordinem</span> <span class='ocrx_word' id='word_1_118' title='bbox 942 863 953 879; x_wconf 90' lang='lat'>,</span> <span class='ocrx_word' id='word_1_119' title='bbox 981 842 1050 883; x_wconf 89' lang='lat' dir='ltr'>post</span> 
     </span>
     <span class='ocr_line' id='line_1_17' title="bbox 112 889 1053 937; baseline -0.007 -8"><span class='ocrx_word' id='word_1_120' title='bbox 112 897 230 932; x_wconf 58' lang='lat' dir='ltr'>fabiam</span> <span class='ocrx_word' id='word_1_121' title='bbox 256 894 505 937; x_wconf 84' lang='lat' dir='ltr'>appellationem</span> <span class='ocrx_word' id='word_1_122' title='bbox 528 889 568 925; x_wconf 92' lang='lat' dir='ltr'>ad</span> <span class='ocrx_word' id='word_1_123' title='bbox 590 901 649 924; x_wconf 88' lang='lat' dir='ltr'>vos</span> <span class='ocrx_word' id='word_1_124' title='bbox 670 914 682 930; x_wconf 92' lang='lat'>‚</span> <span class='ocrx_word' id='word_1_125' title='bbox 708 890 743 923; x_wconf 91' lang='lat' dir='ltr'>in</span> <span class='ocrx_word' id='word_1_126' title='bbox 773 890 920 933; x_wconf 84' lang='lat' dir='ltr'>personas</span> <span class='ocrx_word' id='word_1_127' title='bbox 943 889 1053 934; x_wconf 89' lang='lat' dir='ltr'>Regni</span> 
     </span>
     <span class='ocr_line' id='line_1_18' title="bbox 95 940 1052 985; baseline -0.008 -5"><span class='ocrx_word' id='word_1_128' title='bbox 95 945 177 980; x_wconf 84' lang='lat' dir='ltr'>·mei</span> <span class='ocrx_word' id='word_1_129' title='bbox 190 969 200 985; x_wconf 93' lang='lat'>‚</span> <span class='ocrx_word' id='word_1_130' title='bbox 226 942 544 978; x_wconf 82' lang='lat' dir='ltr'>Clerieos&amp;Laicos</span> <span class='ocrx_word' id='word_1_131' title='bbox 558 940 691 980; x_wconf 88' lang='lat' dir='ltr'>statuit,</span> <span class='ocrx_word' id='word_1_132' title='bbox 718 940 845 974; x_wconf 87' lang='lat' dir='ltr'>irritum</span> <span class='ocrx_word' id='word_1_133' title='bbox 861 941 895 974; x_wconf 76' lang='grc' dir='ltr'>δε</span> <span class='ocrx_word' id='word_1_134' title='bbox 916 950 1052 973; x_wconf 90' lang='lat' dir='ltr'>vacuum</span> 
     </span>
     <span class='ocr_line' id='line_1_19' title="bbox 111 989 1052 1035; baseline -0.005 -6"><span class='ocrx_word' id='word_1_135' title='bbox 111 994 260 1030; x_wconf 80' lang='lat' dir='ltr'>habeatis</span> <span class='ocrx_word' id='word_1_136' title='bbox 272 1018 283 1033; x_wconf 91' lang='lat'><strong>,</strong></span> <span class='ocrx_word' id='word_1_137' title='bbox 307 991 408 1027; x_wconf 86' lang='lat' dir='ltr'>Teste</span> <span class='ocrx_word' id='word_1_138' title='bbox 428 991 479 1024; x_wconf 91' lang='lat' dir='ltr'>G.</span> <span class='ocrx_word' id='word_1_139' title='bbox 499 1016 526 1025; x_wconf 91' lang='lat'>..</span> <span class='ocrx_word' id='word_1_140' title='bbox 538 1016 545 1023; x_wconf 96' lang='lat'>.</span> <span class='ocrx_word' id='word_1_141' title='bbox 574 989 656 1024; x_wconf 88' lang='lat' dir='ltr'>Val.</span> <span class='ocrx_word' id='word_1_142' title='bbox 743 989 909 1035; x_wconf 81' lang='lat' dir='ltr'>Episcopo</span> <span class='ocrx_word' id='word_1_143' title='bbox 920 989 1006 1034; x_wconf 89' lang='lat' dir='ltr'>apud</span> <span class='ocrx_word' id='word_1_144' title='bbox 1021 990 1052 1024; x_wconf 88' lang='lat' dir='ltr'>S.</span> 
     </span>
     <span class='ocr_line' id='line_1_20' title="bbox 116 1040 608 1083; baseline -0.012 -3"><span class='ocrx_word' id='word_1_145' title='bbox 116 1042 325 1083; x_wconf 84' lang='lat' dir='ltr'>Machariutn</span> <span class='ocrx_word' id='word_1_146' title='bbox 336 1043 371 1076; x_wconf 91' lang='lat' dir='ltr'>in</span> <span class='ocrx_word' id='word_1_147' title='bbox 398 1040 608 1077; x_wconf 85' lang='lat' dir='ltr'>Guasconia.</span> 
     </span>
     <span class='ocr_line' id='line_1_21' title="bbox 263 1138 920 1178; baseline -0.008 -1"><span class='ocrx_word' id='word_1_148' title='bbox 263 1138 667 1178; x_wconf 78' lang='lat' dir='ltr'>EPISTOLA</span> <span class='ocrx_word' id='word_1_149' title='bbox 770 1139 920 1174; x_wconf 85' lang='lat' dir='ltr'>XLlX.</span> 
     </span>
    </p>
   </div>
   <div class='ocr_carea' id='block_1_4' title="bbox 178 1236 991 1330">
    <p class='ocr_par' dir='ltr' id='par_1_4' title="bbox 178 1236 991 1330">
     <span class='ocr_line' id='line_1_22' title="bbox 178 1236 991 1283; baseline -0.011 -5"><span class='ocrx_word' id='word_1_150' title='bbox 178 1243 348 1280; x_wconf 77' lang='lat' dir='ltr'>Alexandro</span> <span class='ocrx_word' id='word_1_151' title='bbox 371 1242 468 1283; x_wconf 81' lang='lat' dir='ltr'>Papae</span> <span class='ocrx_word' id='word_1_152' title='bbox 496 1240 639 1272; x_wconf 80' lang='lat' dir='ltr'>Rotroa&#39;us</span> <span class='ocrx_word' id='word_1_153' title='bbox 664 1236 900 1281; x_wconf 81' lang='lat' dir='ltr'>Rotbomagensis</span> <span class='ocrx_word' id='word_1_154' title='bbox 934 1241 991 1269; x_wconf 76' lang='lat' dir='ltr'>Ar-</span> 
     </span>
     <span class='ocr_line' id='line_1_23' title="bbox 462 1286 720 1330; baseline -0.012 -8"><span class='ocrx_word' id='word_1_155' title='bbox 462 1286 720 1330; x_wconf 72' lang='lat' dir='ltr'>chi-Episcopus.</span> 
     </span>
    </p>
   </div>
   <div class='ocr_carea' id='block_1_5' title="bbox 115 1383 1065 2078">
    <p class='ocr_par' dir='ltr' id='par_1_5' title="bbox 191 1383 1057 1426">
     <span class='ocr_line' id='line_1_24' title="bbox 191 1383 1057 1426; baseline -0.009 0"><span class='ocrx_word' id='word_1_156' title='bbox 191 1386 503 1426; x_wconf 83' lang='lat' dir='ltr'>ERSEVERANS</span> <span class='ocrx_word' id='word_1_157' title='bbox 530 1387 564 1420; x_wconf 87' lang='lat' dir='ltr'>in</span> <span class='ocrx_word' id='word_1_158' title='bbox 575 1385 674 1420; x_wconf 89' lang='lat' dir='ltr'>corde</span> <span class='ocrx_word' id='word_1_159' title='bbox 686 1385 799 1420; x_wconf 87' lang='lat' dir='ltr'>nostro</span> <span class='ocrx_word' id='word_1_160' title='bbox 811 1384 1001 1420; x_wconf 88' lang='lat' dir='ltr'>desiderium</span> <span class='ocrx_word' id='word_1_161' title='bbox 1012 1383 1057 1418; x_wconf 94' lang='lat' dir='ltr'>vi·</span> 
     </span>
    </p>

    <p class='ocr_par' dir='ltr' id='par_1_6' title="bbox 115 1435 1065 2078">
     <span class='ocr_line' id='line_1_25' title="bbox 211 1435 1055 1482; baseline -0.009 -7"><span class='ocrx_word' id='word_1_162' title='bbox 211 1439 308 1476; x_wconf 90' lang='lat' dir='ltr'>dendi</span> <span class='ocrx_word' id='word_1_163' title='bbox 320 1446 465 1482; x_wconf 87' lang='lat' dir='ltr'>optatam</span> <span class='ocrx_word' id='word_1_164' title='bbox 477 1437 665 1471; x_wconf 82' lang='lat' dir='ltr'>Serenitatis</span> <span class='ocrx_word' id='word_1_165' title='bbox 686 1435 794 1469; x_wconf 77' lang='lat' dir='ltr'>vestrae</span> <span class='ocrx_word' id='word_1_166' title='bbox 815 1435 1016 1480; x_wconf 81' lang='lat' dir='ltr'>praesentiam</span> <span class='ocrx_word' id='word_1_167' title='bbox 1044 1459 1055 1475; x_wconf 92' lang='lat'><em>‚</em></span> 
     </span>
     <span class='ocr_line' id='line_1_26' title="bbox 115 1483 1058 1536; baseline -0.012 -9"><span class='ocrx_word' id='word_1_168' title='bbox 115 1492 187 1536; x_wconf 78' lang='lat' dir='ltr'>ipsa</span> <span class='ocrx_word' id='word_1_169' title='bbox 210 1489 370 1525; x_wconf 90' lang='lat' dir='ltr'>dilatione</span> <span class='ocrx_word' id='word_1_170' title='bbox 392 1486 540 1531; x_wconf 76' lang='lat' dir='ltr'>quotidie</span> <span class='ocrx_word' id='word_1_171' title='bbox 561 1495 812 1531; x_wconf 86' lang='lat' dir='ltr'>augmentatur.</span> <span class='ocrx_word' id='word_1_172' title='bbox 848 1486 947 1528; x_wconf 88' lang='lat' dir='ltr'>Super</span> <span class='ocrx_word' id='word_1_173' title='bbox 969 1483 1021 1517; x_wconf 87' lang='lat' dir='ltr'>his</span> <span class='ocrx_word' id='word_1_174' title='bbox 1047 1506 1058 1522; x_wconf 92' lang='lat'>,</span> 
     </span>
     <span class='ocr_line' id='line_1_27' title="bbox 116 1532 1058 1585; baseline -0.013 -8"><span class='ocrx_word' id='word_1_175' title='bbox 116 1553 190 1585; x_wconf 79' lang='lat' dir='ltr'>quae</span> <span class='ocrx_word' id='word_1_176' title='bbox 213 1542 249 1575; x_wconf 88' lang='lat' dir='ltr'>in</span> <span class='ocrx_word' id='word_1_177' title='bbox 273 1537 403 1573; x_wconf 87' lang='lat' dir='ltr'>instanti</span> <span class='ocrx_word' id='word_1_178' title='bbox 417 1537 559 1571; x_wconf 84' lang='lat' dir='ltr'>attinent</span> <span class='ocrx_word' id='word_1_179' title='bbox 581 1535 622 1569; x_wconf 92' lang='lat' dir='ltr'>ad</span> <span class='ocrx_word' id='word_1_180' title='bbox 639 1535 898 1570; x_wconf 86' lang='lat' dir='ltr'>venerabilem&amp;</span> <span class='ocrx_word' id='word_1_181' title='bbox 921 1532 1058 1568; x_wconf 77' lang='lat' dir='ltr'>charisii-</span> 
     </span>
     <span class='ocr_line' id='line_1_28' title="bbox 115 1585 1059 1626; baseline -0.012 0"><span class='ocrx_word' id='word_1_182' title='bbox 115 1601 212 1626; x_wconf 84' lang='lat' dir='ltr'>mum</span> <span class='ocrx_word' id='word_1_183' title='bbox 235 1589 364 1624; x_wconf 85' lang='lat' dir='ltr'>fratrem</span> <span class='ocrx_word' id='word_1_184' title='bbox 385 1587 531 1621; x_wconf 83' lang='lat' dir='ltr'>nostrum</span> <span class='ocrx_word' id='word_1_185' title='bbox 557 1585 760 1620; x_wconf 88' lang='lat' dir='ltr'>Gilebertum</span> <span class='ocrx_word' id='word_1_186' title='bbox 791 1585 1059 1619; x_wconf 87' lang='lat' dir='ltr'>Londoniensetn</span> 
     </span>
     <span class='ocr_line' id='line_1_29' title="bbox 116 1636 1060 1684; baseline -0.011 -8"><span class='ocrx_word' id='word_1_187' title='bbox 116 1641 319 1684; x_wconf 82' lang='lat' dir='ltr'>Episcopum</span> <span class='ocrx_word' id='word_1_188' title='bbox 332 1663 343 1679; x_wconf 87' lang='lat'>‚</span> <span class='ocrx_word' id='word_1_189' title='bbox 353 1637 443 1680; x_wconf 82' lang='lat' dir='ltr'>cujus</span> <span class='ocrx_word' id='word_1_190' title='bbox 455 1638 521 1670; x_wconf 90' lang='lat' dir='ltr'>vita</span> <span class='ocrx_word' id='word_1_191' title='bbox 532 1660 543 1676; x_wconf 90' lang='lat'>,</span> <span class='ocrx_word' id='word_1_192' title='bbox 568 1637 601 1670; x_wconf 75' lang='grc' dir='ltr'>δε</span> <span class='ocrx_word' id='word_1_193' title='bbox 612 1636 765 1676; x_wconf 89' lang='lat' dir='ltr'>scientia,</span> <span class='ocrx_word' id='word_1_194' title='bbox 785 1636 820 1669; x_wconf 75' lang='grc' dir='ltr'>ὅ(</span> <span class='ocrx_word' id='word_1_195' title='bbox 831 1646 959 1669; x_wconf 90' lang='lat' dir='ltr'>morum</span> <span class='ocrx_word' id='word_1_196' title='bbox 971 1644 1060 1668; x_wconf 88' lang='lat' dir='ltr'>man-</span> 
     </span>
     <span class='ocr_line' id='line_1_30' title="bbox 116 1684 1062 1731; baseline -0.008 -6"><span class='ocrx_word' id='word_1_197' title='bbox 116 1690 261 1726; x_wconf 76' lang='lat' dir='ltr'>suetudo</span> <span class='ocrx_word' id='word_1_198' title='bbox 285 1688 407 1731; x_wconf 90' lang='lat' dir='ltr'>ubique</span> <span class='ocrx_word' id='word_1_199' title='bbox 427 1687 564 1726; x_wconf 78' lang='lat' dir='ltr'>suaviter</span> <span class='ocrx_word' id='word_1_200' title='bbox 590 1685 734 1725; x_wconf 85' lang='lat' dir='ltr'>redolet,</span> <span class='ocrx_word' id='word_1_201' title='bbox 762 1685 931 1719; x_wconf 66' lang='lat' dir='ltr'>Sanititati</span> <span class='ocrx_word' id='word_1_202' title='bbox 954 1684 1062 1718; x_wconf 62' lang='lat' dir='ltr'>vestrae</span> 
     </span>
     <span class='ocr_line' id='line_1_31' title="bbox 116 1733 1062 1781; baseline -0.008 -7"><span class='ocrx_word' id='word_1_203' title='bbox 116 1740 329 1775; x_wconf 80' lang='lat' dir='ltr'>notificamus</span> <span class='ocrx_word' id='word_1_204' title='bbox 337 1734 468 1781; x_wconf 53' lang='lat' dir='ltr'>„quod</span> <span class='ocrx_word' id='word_1_205' title='bbox 478 1736 552 1770; x_wconf 74' lang='lat' dir='ltr'>cum</span> <span class='ocrx_word' id='word_1_206' title='bbox 563 1735 598 1769; x_wconf 88' lang='lat' dir='ltr'>in</span> <span class='ocrx_word' id='word_1_207' title='bbox 610 1734 815 1768; x_wconf 83' lang='lat' dir='ltr'>secretiffitno</span> <span class='ocrx_word' id='word_1_208' title='bbox 842 1735 979 1768; x_wconf 77' lang='lat' dir='ltr'>essemus</span> <span class='ocrx_word' id='word_1_209' title='bbox 989 1733 1062 1771; x_wconf 73' lang='lat' dir='ltr'>col-,</span> 
     </span>
     <span class='ocr_line' id='line_1_32' title="bbox 118 1783 1062 1833; baseline -0.011 -10"><span class='ocrx_word' id='word_1_210' title='bbox 118 1790 258 1833; x_wconf 84' lang='lat' dir='ltr'>loquio,</span> <span class='ocrx_word' id='word_1_211' title='bbox 286 1788 398 1827; x_wconf 88' lang='lat' dir='ltr'>inquo</span> <span class='ocrx_word' id='word_1_212' title='bbox 422 1785 550 1818; x_wconf 77' lang='lat' dir='ltr'>tantum</span> <span class='ocrx_word' id='word_1_213' title='bbox 573 1784 682 1817; x_wconf 85' lang='lat' dir='ltr'>aderat</span> <span class='ocrx_word' id='word_1_214' title='bbox 702 1783 778 1817; x_wconf 86' lang='lat' dir='ltr'>Rex</span> <span class='ocrx_word' id='word_1_215' title='bbox 800 1783 978 1826; x_wconf 75' lang='lat' dir='ltr'>Angliae&amp;</span> <span class='ocrx_word' id='word_1_216' title='bbox 1002 1785 1062 1813; x_wconf 86' lang='lat' dir='ltr'>nos</span> 
     </span>
     <span class='ocr_line' id='line_1_33' title="bbox 118 1829 1062 1878; baseline -0.011 -5"><span class='ocrx_word' id='word_1_217' title='bbox 118 1840 187 1874; x_wconf 80' lang='lat' dir='ltr'>duo</span> <span class='ocrx_word' id='word_1_218' title='bbox 200 1861 212 1878; x_wconf 91' lang='lat'>‚</span> <span class='ocrx_word' id='word_1_219' title='bbox 236 1835 292 1870; x_wconf 91' lang='lat' dir='ltr'>ubi</span> <span class='ocrx_word' id='word_1_220' title='bbox 303 1833 344 1868; x_wconf 90' lang='lat' dir='ltr'>de</span> <span class='ocrx_word' id='word_1_221' title='bbox 355 1833 458 1867; x_wconf 92' lang='lat' dir='ltr'>salute</span> <span class='ocrx_word' id='word_1_222' title='bbox 470 1834 585 1867; x_wconf 74' lang='lat' dir='ltr'>anima</span> <span class='ocrx_word' id='word_1_223' title='bbox 595 1831 698 1875; x_wconf 88' lang='lat' dir='ltr'>Regis</span> <span class='ocrx_word' id='word_1_224' title='bbox 708 1830 862 1876; x_wconf 86' lang='lat' dir='ltr'>agebatur</span> <span class='ocrx_word' id='word_1_225' title='bbox 874 1853 886 1869; x_wconf 91' lang='lat'>,</span> <span class='ocrx_word' id='word_1_226' title='bbox 911 1831 978 1874; x_wconf 88' lang='lat' dir='ltr'>ipse</span> <span class='ocrx_word' id='word_1_227' title='bbox 990 1829 1062 1863; x_wconf 88' lang='lat' dir='ltr'>viri-</span> 
     </span>
     <span class='ocr_line' id='line_1_34' title="bbox 117 1879 1061 1924; baseline -0.013 0"><span class='ocrx_word' id='word_1_228' title='bbox 117 1882 386 1924; x_wconf 75' lang='lat' dir='ltr'>liter&amp;discrete</span> <span class='ocrx_word' id='word_1_229' title='bbox 412 1882 592 1917; x_wconf 86' lang='lat' dir='ltr'>cumomni</span> <span class='ocrx_word' id='word_1_230' title='bbox 617 1881 771 1915; x_wconf 89' lang='lat' dir='ltr'>instantia</span> <span class='ocrx_word' id='word_1_231' title='bbox 796 1879 998 1923; x_wconf 76' lang='lat' dir='ltr'>summopere</span> <span class='ocrx_word' id='word_1_232' title='bbox 1018 1880 1061 1913; x_wconf 91' lang='lat' dir='ltr'>la-</span> 
     </span>
     <span class='ocr_line' id='line_1_35' title="bbox 118 1930 1063 1977; baseline -0.011 -4"><span class='ocrx_word' id='word_1_233' title='bbox 118 1936 257 1974; x_wconf 85' lang='lat' dir='ltr'>borabat</span> <span class='ocrx_word' id='word_1_234' title='bbox 269 1959 280 1976; x_wconf 90' lang='lat'><strong>,</strong></span> <span class='ocrx_word' id='word_1_235' title='bbox 305 1944 342 1968; x_wconf 89' lang='lat' dir='ltr'>ut</span> <span class='ocrx_word' id='word_1_236' title='bbox 353 1944 464 1977; x_wconf 83' lang='lat' dir='ltr'>pacem</span> <span class='ocrx_word' id='word_1_237' title='bbox 476 1932 672 1976; x_wconf 81' lang='lat' dir='ltr'>perquireret</span> <span class='ocrx_word' id='word_1_238' title='bbox 685 1931 836 1964; x_wconf 88' lang='lat' dir='ltr'>Domino</span> <span class='ocrx_word' id='word_1_239' title='bbox 849 1930 1063 1965; x_wconf 86' lang='lat' dir='ltr'>Cantuarien-</span> 
     </span>
     <span class='ocr_line' id='line_1_36' title="bbox 120 1979 1064 2028; baseline -0.012 -6"><span class='ocrx_word' id='word_1_240' title='bbox 120 1989 146 2022; x_wconf 73' lang='lat' dir='ltr'>{i</span> <span class='ocrx_word' id='word_1_241' title='bbox 159 2012 169 2028; x_wconf 91' lang='lat'><em>‚</em></span> <span class='ocrx_word' id='word_1_242' title='bbox 195 1987 229 2021; x_wconf 74' lang='grc' dir='ltr'>δε</span> <span class='ocrx_word' id='word_1_243' title='bbox 239 1984 396 2019; x_wconf 86' lang='lat' dir='ltr'>omnibus</span> <span class='ocrx_word' id='word_1_244' title='bbox 407 1983 490 2017; x_wconf 90' lang='lat' dir='ltr'>locis</span> <span class='ocrx_word' id='word_1_245' title='bbox 501 2007 512 2023; x_wconf 92' lang='lat'><em>‚</em></span> <span class='ocrx_word' id='word_1_246' title='bbox 525 1981 639 2015; x_wconf 87' lang='lat' dir='ltr'>tamin</span> <span class='ocrx_word' id='word_1_247' title='bbox 652 1981 785 2024; x_wconf 85' lang='lat' dir='ltr'>privatis</span> <span class='ocrx_word' id='word_1_248' title='bbox 795 1979 894 2023; x_wconf 73' lang='lat' dir='ltr'>quam</span> <span class='ocrx_word' id='word_1_249' title='bbox 909 1981 943 2013; x_wconf 91' lang='lat' dir='ltr'>in</span> <span class='ocrx_word' id='word_1_250' title='bbox 952 1979 1064 2023; x_wconf 89' lang='lat' dir='ltr'>publi-</span> 
     </span>
     <span class='ocr_line' id='line_1_37' title="bbox 121 2028 1065 2078; baseline -0.013 -5"><span class='ocrx_word' id='word_1_251' title='bbox 121 2038 171 2073; x_wconf 75' lang='lat' dir='ltr'>cis</span> <span class='ocrx_word' id='word_1_252' title='bbox 194 2035 395 2078; x_wconf 81' lang='lat' dir='ltr'>colloquiis,</span> <span class='ocrx_word' id='word_1_253' title='bbox 426 2032 468 2066; x_wconf 90' lang='lat' dir='ltr'>ad</span> <span class='ocrx_word' id='word_1_254' title='bbox 489 2031 738 2074; x_wconf 78' lang='lat' dir='ltr'>perquirendam</span> <span class='ocrx_word' id='word_1_255' title='bbox 759 2041 895 2064; x_wconf 92' lang='lat' dir='ltr'>omnem</span> <span class='ocrx_word' id='word_1_256' title='bbox 912 2028 1065 2062; x_wconf 85' lang='lat' dir='ltr'>adhibuit</span> 
     </span>
    </p>
   </div>
   <div class='ocr_carea' id='block_1_6' title="bbox 108 2079 1131 2132">
    <p class='ocr_par' dir='ltr' id='par_1_7' title="bbox 108 2079 1131 2132">
     <span class='ocr_line' id='line_1_38' title="bbox 108 2079 1131 2132; baseline -0.014 -10"><span class='ocrx_word' id='word_1_257' title='bbox 108 2085 375 2132; x_wconf 68' lang='lat' dir='ltr'>diligentiam&amp;</span> <span class='ocrx_word' id='word_1_258' title='bbox 394 2081 616 2116; x_wconf 87' lang='lat' dir='ltr'>sedulitatem.</span> <span class='ocrx_word' id='word_1_259' title='bbox 645 2079 751 2115; x_wconf 76' lang='lat' dir='ltr'>Unde</span> <span class='ocrx_word' id='word_1_260' title='bbox 772 2079 947 2123; x_wconf 74' lang='lat' dir='ltr'>plurimum</span> <span class='ocrx_word' id='word_1_261' title='bbox 972 2080 1066 2112; x_wconf 83' lang='lat' dir='ltr'>mira·</span> <span class='ocrx_word' id='word_1_262' title='bbox 1128 2104 1131 2107; x_wconf 87' lang='lat'>.</span> 
     </span>
    </p>
   </div>
   <div class='ocr_carea' id='block_1_7' title="bbox 111 2128 1072 2669">
    <p class='ocr_par' dir='ltr' id='par_1_8' title="bbox 111 2128 1072 2669">
     <span class='ocr_line' id='line_1_39' title="bbox 121 2128 1067 2179; baseline -0.012 -7"><span class='ocrx_word' id='word_1_263' title='bbox 121 2140 218 2178; x_wconf 74' lang='lat' dir='ltr'>mur,</span> <span class='ocrx_word' id='word_1_264' title='bbox 243 2133 331 2179; x_wconf 89' lang='lat' dir='ltr'>quod</span> <span class='ocrx_word' id='word_1_265' title='bbox 343 2143 459 2168; x_wconf 85' lang='lat' dir='ltr'>contra</span> <span class='ocrx_word' id='word_1_266' title='bbox 480 2143 556 2166; x_wconf 90' lang='lat' dir='ltr'>eum</span> <span class='ocrx_word' id='word_1_267' title='bbox 568 2129 693 2174; x_wconf 91' lang='lat' dir='ltr'>aliquid</span> <span class='ocrx_word' id='word_1_268' title='bbox 704 2130 771 2174; x_wconf 89' lang='lat' dir='ltr'>egit</span> <span class='ocrx_word' id='word_1_269' title='bbox 793 2129 960 2163; x_wconf 83' lang='lat' dir='ltr'>Dominus</span> <span class='ocrx_word' id='word_1_270' title='bbox 984 2128 1067 2162; x_wconf 88' lang='lat' dir='ltr'>Can·</span> 
     </span>
     <span class='ocr_line' id='line_1_40' title="bbox 127 2178 1068 2224; baseline -0.012 -2"><span class='ocrx_word' id='word_1_271' title='bbox 127 2186 300 2222; x_wconf 82' lang='lat' dir='ltr'>tuariensis</span> <span class='ocrx_word' id='word_1_272' title='bbox 312 2209 320 2217; x_wconf 93' lang='lat'><strong>.</strong></span> <span class='ocrx_word' id='word_1_273' title='bbox 343 2183 378 2218; x_wconf 91' lang='lat' dir='ltr'>Si</span> <span class='ocrx_word' id='word_1_274' title='bbox 398 2185 486 2216; x_wconf 89' lang='lat' dir='ltr'>enim</span> <span class='ocrx_word' id='word_1_275' title='bbox 498 2182 539 2215; x_wconf 90' lang='lat' dir='ltr'>de</span> <span class='ocrx_word' id='word_1_276' title='bbox 551 2181 678 2224; x_wconf 88' lang='lat' dir='ltr'>propria</span> <span class='ocrx_word' id='word_1_277' title='bbox 694 2179 864 2214; x_wconf 87' lang='lat' dir='ltr'>voluntate</span> <span class='ocrx_word' id='word_1_278' title='bbox 883 2179 1003 2220; x_wconf 89' lang='lat' dir='ltr'>absque</span> <span class='ocrx_word' id='word_1_279' title='bbox 1024 2178 1068 2211; x_wconf 88' lang='lat' dir='ltr'>al-</span> 
     </span>
     <span class='ocr_line' id='line_1_41' title="bbox 122 2230 1068 2279; baseline -0.01 -8"><span class='ocrx_word' id='word_1_280' title='bbox 122 2237 223 2271; x_wconf 66' lang='lat' dir='ltr'>terius</span> <span class='ocrx_word' id='word_1_281' title='bbox 233 2232 441 2279; x_wconf 83' lang='lat' dir='ltr'>suggestione</span> <span class='ocrx_word' id='word_1_282' title='bbox 450 2231 514 2265; x_wconf 89' lang='lat' dir='ltr'>hoc</span> <span class='ocrx_word' id='word_1_283' title='bbox 525 2232 603 2264; x_wconf 89' lang='lat' dir='ltr'>fecit</span> <span class='ocrx_word' id='word_1_284' title='bbox 615 2255 624 2270; x_wconf 93' lang='lat'>‚</span> <span class='ocrx_word' id='word_1_285' title='bbox 652 2230 686 2263; x_wconf 92' lang='lat' dir='ltr'>in</span> <span class='ocrx_word' id='word_1_286' title='bbox 699 2231 830 2265; x_wconf 87' lang='lat' dir='ltr'>fratrem</span> <span class='ocrx_word' id='word_1_287' title='bbox 855 2230 1068 2263; x_wconf 83' lang='lat' dir='ltr'>innocentem</span> 
     </span>
     <span class='ocr_line' id='line_1_42' title="bbox 123 2279 1068 2329; baseline -0.011 -9"><span class='ocrx_word' id='word_1_288' title='bbox 123 2286 264 2329; x_wconf 88' lang='lat' dir='ltr'>deliquit</span> <span class='ocrx_word' id='word_1_289' title='bbox 277 2296 287 2326; x_wconf 68' lang='grc' dir='ltr'><strong>ς</strong></span> <span class='ocrx_word' id='word_1_290' title='bbox 312 2285 334 2316; x_wconf 91' lang='lat' dir='ltr'>si</span> <span class='ocrx_word' id='word_1_291' title='bbox 345 2280 421 2316; x_wconf 77' lang='lat' dir='ltr'>vero</span> <span class='ocrx_word' id='word_1_292' title='bbox 432 2281 614 2324; x_wconf 89' lang='lat' dir='ltr'>aliquorum</span> <span class='ocrx_word' id='word_1_293' title='bbox 626 2279 833 2324; x_wconf 86' lang='lat' dir='ltr'>suggestione</span> <span class='ocrx_word' id='word_1_294' title='bbox 844 2304 855 2319; x_wconf 90' lang='lat'>‚</span> <span class='ocrx_word' id='word_1_295' title='bbox 881 2280 999 2313; x_wconf 84' lang='lat' dir='ltr'>scimus</span> <span class='ocrx_word' id='word_1_296' title='bbox 1011 2279 1068 2312; x_wconf 87' lang='lat' dir='ltr'>fal-</span> 
     </span>
     <span class='ocr_line' id='line_1_43' title="bbox 126 2329 1068 2378; baseline -0.011 -8"><span class='ocrx_word' id='word_1_297' title='bbox 126 2336 166 2370; x_wconf 82' lang='lat' dir='ltr'>so</span> <span class='ocrx_word' id='word_1_298' title='bbox 180 2336 274 2368; x_wconf 65' lang='lat' dir='ltr'>fuisse</span> <span class='ocrx_word' id='word_1_299' title='bbox 285 2331 469 2378; x_wconf 87' lang='lat' dir='ltr'>suggestum</span> <span class='ocrx_word' id='word_1_300' title='bbox 483 2355 491 2362; x_wconf 90' lang='lat'>.</span> <span class='ocrx_word' id='word_1_301' title='bbox 518 2329 599 2363; x_wconf 77' lang='lat' dir='ltr'>Inde</span> <span class='ocrx_word' id='word_1_302' title='bbox 609 2329 653 2363; x_wconf 90' lang='lat' dir='ltr'>est</span> <span class='ocrx_word' id='word_1_303' title='bbox 667 2329 756 2372; x_wconf 89' lang='lat' dir='ltr'>quod</span> <span class='ocrx_word' id='word_1_304' title='bbox 769 2330 848 2364; x_wconf 89' lang='lat' dir='ltr'>totis</span> <span class='ocrx_word' id='word_1_305' title='bbox 869 2329 991 2363; x_wconf 83' lang='lat' dir='ltr'>viribus</span> <span class='ocrx_word' id='word_1_306' title='bbox 1012 2338 1068 2361; x_wconf 88' lang='lat' dir='ltr'>no·</span> 
     </span>
     <span class='ocr_line' id='line_1_44' title="bbox 129 2378 1069 2422; baseline -0.009 -3"><span class='ocrx_word' id='word_1_307' title='bbox 129 2385 203 2418; x_wconf 74' lang='lat' dir='ltr'>stris</span> <span class='ocrx_word' id='word_1_308' title='bbox 214 2385 247 2418; x_wconf 73' lang='lat' dir='ltr'>dc</span> <span class='ocrx_word' id='word_1_309' title='bbox 258 2393 328 2417; x_wconf 76' lang='lat' dir='ltr'>tote</span> <span class='ocrx_word' id='word_1_310' title='bbox 349 2381 453 2416; x_wconf 86' lang='lat' dir='ltr'>animi</span> <span class='ocrx_word' id='word_1_311' title='bbox 470 2381 653 2416; x_wconf 87' lang='lat' dir='ltr'>devotione</span> <span class='ocrx_word' id='word_1_312' title='bbox 666 2378 798 2412; x_wconf 88' lang='lat' dir='ltr'>vestram</span> <span class='ocrx_word' id='word_1_313' title='bbox 810 2378 1069 2422; x_wconf 77' lang='lat' dir='ltr'>benignissimam</span> 
     </span>
     <span class='ocr_line' id='line_1_45' title="bbox 123 2427 1071 2472; baseline -0.009 -3"><span class='ocrx_word' id='word_1_314' title='bbox 123 2443 298 2469; x_wconf 79' lang='lat' dir='ltr'>exoramus</span> <span class='ocrx_word' id='word_1_315' title='bbox 316 2430 539 2466; x_wconf 87' lang='lat' dir='ltr'>Clementiam</span> <span class='ocrx_word' id='word_1_316' title='bbox 553 2453 565 2470; x_wconf 94' lang='lat'><strong>,</strong></span> <span class='ocrx_word' id='word_1_317' title='bbox 601 2428 762 2472; x_wconf 77' lang='lat' dir='ltr'>quatenus</span> <span class='ocrx_word' id='word_1_318' title='bbox 785 2427 958 2462; x_wconf 89' lang='lat' dir='ltr'>innocenti</span> <span class='ocrx_word' id='word_1_319' title='bbox 980 2429 1071 2462; x_wconf 87' lang='lat' dir='ltr'>fratri</span> 
     </span>
     <span class='ocr_line' id='line_1_46' title="bbox 111 2478 1071 2527; baseline -0.008 -9"><span class='ocrx_word' id='word_1_320' title='bbox 111 2487 220 2527; x_wconf 62' lang='lat' dir='ltr'>super</span> <span class='ocrx_word' id='word_1_321' title='bbox 236 2480 423 2527; x_wconf 81' lang='lat' dir='ltr'>gravamine</span> <span class='ocrx_word' id='word_1_322' title='bbox 440 2480 460 2513; x_wconf 68' lang='lat' dir='ltr'>a</span> <span class='ocrx_word' id='word_1_323' title='bbox 476 2479 627 2514; x_wconf 89' lang='lat' dir='ltr'>Domino</span> <span class='ocrx_word' id='word_1_324' title='bbox 649 2478 875 2512; x_wconf 86' lang='lat' dir='ltr'>Cantuariensi</span> <span class='ocrx_word' id='word_1_325' title='bbox 900 2479 995 2511; x_wconf 86' lang='lat' dir='ltr'>illato</span> <span class='ocrx_word' id='word_1_326' title='bbox 1008 2479 1071 2520; x_wconf 90' lang='lat' dir='ltr'>pie-</span> 
     </span>
     <span class='ocr_line' id='line_1_47' title="bbox 126 2527 1072 2572; baseline -0.008 -4"><span class='ocrx_word' id='word_1_327' title='bbox 126 2534 208 2568; x_wconf 80' lang='lat' dir='ltr'>tatis</span> <span class='ocrx_word' id='word_1_328' title='bbox 231 2532 339 2565; x_wconf 81' lang='lat' dir='ltr'>vestrae</span> <span class='ocrx_word' id='word_1_329' title='bbox 358 2530 477 2563; x_wconf 81' lang='lat' dir='ltr'>viscera</span> <span class='ocrx_word' id='word_1_330' title='bbox 495 2530 665 2572; x_wconf 85' lang='lat' dir='ltr'>aperiatis.</span> <span class='ocrx_word' id='word_1_331' title='bbox 693 2528 872 2562; x_wconf 88' lang='lat' dir='ltr'>Conservet</span> <span class='ocrx_word' id='word_1_332' title='bbox 895 2528 988 2561; x_wconf 89' lang='lat' dir='ltr'>Deus</span> <span class='ocrx_word' id='word_1_333' title='bbox 1013 2527 1072 2560; x_wconf 83' lang='lat' dir='ltr'>Ec-</span> 
     </span>
     <span class='ocr_line' id='line_1_48' title="bbox 127 2578 1072 2624; baseline -0.005 -8"><span class='ocrx_word' id='word_1_334' title='bbox 127 2583 229 2620; x_wconf 79' lang='lat' dir='ltr'>clesiae</span> <span class='ocrx_word' id='word_1_335' title='bbox 250 2583 311 2615; x_wconf 85' lang='lat' dir='ltr'>suae</span> <span class='ocrx_word' id='word_1_336' title='bbox 335 2579 504 2624; x_wconf 81' lang='lat' dir='ltr'>personam</span> <span class='ocrx_word' id='word_1_337' title='bbox 526 2579 660 2613; x_wconf 88' lang='lat' dir='ltr'>vestram</span> <span class='ocrx_word' id='word_1_338' title='bbox 681 2590 735 2622; x_wconf 88' lang='lat' dir='ltr'>per</span> <span class='ocrx_word' id='word_1_339' title='bbox 754 2588 898 2622; x_wconf 85' lang='lat' dir='ltr'>tempora</span> <span class='ocrx_word' id='word_1_340' title='bbox 909 2578 1072 2623; x_wconf 82' lang='lat' dir='ltr'>longain-</span> 
     </span>
     <span class='ocr_line' id='line_1_49' title="bbox 126 2633 317 2669; baseline -0.026 -1"><span class='ocrx_word' id='word_1_341' title='bbox 126 2633 295 2669; x_wconf 79' lang='lat' dir='ltr'>columem</span> <span class='ocrx_word' id='word_1_342' title='bbox 309 2654 317 2663; x_wconf 85' lang='lat'><strong>.</strong></span> 
     </span>
    </p>
   </div>
   <div class='ocr_carea' id='block_1_8' title="bbox 133 2726 1046 2873">
    <p class='ocr_par' dir='ltr' id='par_1_9' title="bbox 133 2726 1046 2873">
     <span class='ocr_line' id='line_1_50' title="bbox 328 2726 879 2764; baseline -0.005 -1"><span class='ocrx_word' id='word_1_343' title='bbox 328 2726 412 2763; x_wconf 81' lang='grc' dir='ltr'>ΕΡ</span> <span class='ocrx_word' id='word_1_344' title='bbox 436 2727 452 2760; x_wconf 83' lang='lat'><em>1</em></span> <span class='ocrx_word' id='word_1_345' title='bbox 478 2729 500 2764; x_wconf 88' lang='lat' dir='ltr'>S</span> <span class='ocrx_word' id='word_1_346' title='bbox 525 2728 560 2762; x_wconf 90' lang='lat' dir='ltr'><strong>T</strong></span> <span class='ocrx_word' id='word_1_347' title='bbox 586 2730 619 2764; x_wconf 94' lang='lat' dir='ltr'>O</span> <span class='ocrx_word' id='word_1_348' title='bbox 645 2726 675 2760; x_wconf 95' lang='lat' dir='ltr'>L</span> <span class='ocrx_word' id='word_1_349' title='bbox 702 2726 735 2762; x_wconf 81' lang='lat' dir='ltr'>A</span> <span class='ocrx_word' id='word_1_350' title='bbox 838 2726 879 2760; x_wconf 92' lang='lat' dir='ltr'>L.</span> 
     </span>
     <span class='ocr_line' id='line_1_51' title="bbox 133 2825 1046 2873; baseline -0.008 -6"><span class='ocrx_word' id='word_1_351' title='bbox 133 2832 302 2867; x_wconf 72' lang='lat' dir='ltr'>Alexandro</span> <span class='ocrx_word' id='word_1_352' title='bbox 323 2833 421 2873; x_wconf 77' lang='lat' dir='ltr'>Papae</span> <span class='ocrx_word' id='word_1_353' title='bbox 444 2833 626 2863; x_wconf 75' lang='lat' dir='ltr'>Laurentius</span> <span class='ocrx_word' id='word_1_354' title='bbox 649 2828 749 2862; x_wconf 64' lang='lat' dir='ltr'>abbas</span> <span class='ocrx_word' id='word_1_355' title='bbox 773 2825 1025 2869; x_wconf 77' lang='lat' dir='ltr'>Westmonasteru</span> <span class='ocrx_word' id='word_1_356' title='bbox 1037 2851 1046 2860; x_wconf 83' lang='lat'><strong>.</strong></span> 
     </span>
    </p>
   </div>
   <div class='ocr_carea' id='block_1_9' title="bbox 135 2926 1074 3519">
    <p class='ocr_par' dir='ltr' id='par_1_10' title="bbox 135 2926 1074 3519">
     <span class='ocr_line' id='line_1_52' title="bbox 240 2926 1073 2967; baseline -0.006 -3"><span class='ocrx_word' id='word_1_357' title='bbox 240 2930 467 2965; x_wconf 81' lang='lat' dir='ltr'>ERlTATlS</span> <span class='ocrx_word' id='word_1_358' title='bbox 492 2930 618 2964; x_wconf 76' lang='lat' dir='ltr'>assertio</span> <span class='ocrx_word' id='word_1_359' title='bbox 630 2938 711 2962; x_wconf 91' lang='lat' dir='ltr'>tunc</span> <span class='ocrx_word' id='word_1_360' title='bbox 721 2926 853 2962; x_wconf 69' lang='lat' dir='ltr'>demum</span> <span class='ocrx_word' id='word_1_361' title='bbox 866 2926 966 2962; x_wconf 89' lang='lat' dir='ltr'>libera</span> <span class='ocrx_word' id='word_1_362' title='bbox 979 2926 1073 2967; x_wconf 90' lang='lat' dir='ltr'>solet,</span> 
     </span>
     <span class='ocr_line' id='line_1_53' title="bbox 264 2977 1074 3023; baseline -0.005 -9"><span class='ocrx_word' id='word_1_363' title='bbox 264 2982 298 3014; x_wconf 68' lang='grc' dir='ltr'>ὅ(</span> <span class='ocrx_word' id='word_1_364' title='bbox 320 2980 386 3014; x_wconf 74' lang='lat' dir='ltr'>sine</span> <span class='ocrx_word' id='word_1_365' title='bbox 406 2979 586 3014; x_wconf 86' lang='lat' dir='ltr'>offensione</span> <span class='ocrx_word' id='word_1_366' title='bbox 596 2977 787 3023; x_wconf 86' lang='lat' dir='ltr'>procedere,</span> <span class='ocrx_word' id='word_1_367' title='bbox 813 2978 931 3011; x_wconf 86' lang='lat' dir='ltr'>cum&amp;</span> <span class='ocrx_word' id='word_1_368' title='bbox 954 2977 1074 3011; x_wconf 83' lang='lat' dir='ltr'>caeteris</span> 
     </span>
     <span class='ocr_line' id='line_1_54' title="bbox 135 3027 1066 3074; baseline -0.004 -10"><span class='ocrx_word' id='word_1_369' title='bbox 135 3040 240 3064; x_wconf 86' lang='lat' dir='ltr'>rerum</span> <span class='ocrx_word' id='word_1_370' title='bbox 254 3029 369 3063; x_wconf 90' lang='lat' dir='ltr'>nititur</span> <span class='ocrx_word' id='word_1_371' title='bbox 379 3030 595 3074; x_wconf 77' lang='lat' dir='ltr'>argumentiS,</span> <span class='ocrx_word' id='word_1_372' title='bbox 621 3029 654 3063; x_wconf 92' lang='lat'>&amp;</span> <span class='ocrx_word' id='word_1_373' title='bbox 677 3027 888 3062; x_wconf 74' lang='lat' dir='ltr'>celeberrimae</span> <span class='ocrx_word' id='word_1_374' title='bbox 900 3027 1066 3070; x_wconf 87' lang='lat' dir='ltr'>opinionis</span> 
     </span>
     <span class='ocr_line' id='line_1_55' title="bbox 135 3077 1070 3122; baseline -0.004 -7"><span class='ocrx_word' id='word_1_375' title='bbox 135 3080 344 3115; x_wconf 72' lang='lat' dir='ltr'>attestatione</span> <span class='ocrx_word' id='word_1_376' title='bbox 367 3079 502 3113; x_wconf 87' lang='lat' dir='ltr'>vallatur</span> <span class='ocrx_word' id='word_1_377' title='bbox 524 3103 531 3112; x_wconf 89' lang='lat'><em>.</em></span> <span class='ocrx_word' id='word_1_378' title='bbox 557 3079 650 3112; x_wconf 90' lang='lat' dir='ltr'>Hinc</span> <span class='ocrx_word' id='word_1_379' title='bbox 673 3078 719 3112; x_wconf 85' lang='lat' dir='ltr'>est</span> <span class='ocrx_word' id='word_1_380' title='bbox 739 3078 830 3122; x_wconf 91' lang='lat' dir='ltr'>quod</span> <span class='ocrx_word' id='word_1_381' title='bbox 854 3077 1070 3112; x_wconf 87' lang='lat' dir='ltr'>venerabilem</span> 
     </span>
     <span class='ocr_line' id='line_1_56' title="bbox 137 3127 1071 3171; baseline -0.002 -7"><span class='ocrx_word' id='word_1_382' title='bbox 137 3128 270 3166; x_wconf 85' lang='lat' dir='ltr'>Patrem</span> <span class='ocrx_word' id='word_1_383' title='bbox 284 3128 428 3162; x_wconf 85' lang='lat' dir='ltr'>nostrum</span> <span class='ocrx_word' id='word_1_384' title='bbox 439 3128 640 3163; x_wconf 87' lang='lat' dir='ltr'>Gilebertum</span> <span class='ocrx_word' id='word_1_385' title='bbox 664 3128 929 3163; x_wconf 68' lang='lat' dir='ltr'>Londonienfiem</span> <span class='ocrx_word' id='word_1_386' title='bbox 941 3127 1071 3171; x_wconf 89' lang='lat' dir='ltr'>Episco-</span> 
     </span>
     <span class='ocr_line' id='line_1_57' title="bbox 137 3177 1069 3223; baseline -0.001 -11"><span class='ocrx_word' id='word_1_387' title='bbox 137 3190 217 3223; x_wconf 87' lang='lat' dir='ltr'>pum</span> <span class='ocrx_word' id='word_1_388' title='bbox 236 3179 277 3212; x_wconf 86' lang='lat' dir='ltr'>eo</span> <span class='ocrx_word' id='word_1_389' title='bbox 297 3177 580 3213; x_wconf 59' lang='lat' dir='ltr'>Sanctitativestrie</span> <span class='ocrx_word' id='word_1_390' title='bbox 603 3179 757 3212; x_wconf 79' lang='lat' dir='ltr'>attentius</span> <span class='ocrx_word' id='word_1_391' title='bbox 778 3177 1043 3213; x_wconf 89' lang='lat' dir='ltr'>commendamus</span> <span class='ocrx_word' id='word_1_392' title='bbox 1058 3201 1069 3217; x_wconf 90' lang='lat'>‚</span> 
     </span>
     <span class='ocr_line' id='line_1_58' title="bbox 138 3227 1071 3271; baseline 0 -11"><span class='ocrx_word' id='word_1_393' title='bbox 138 3227 206 3271; x_wconf 77' lang='lat' dir='ltr'>quo</span> <span class='ocrx_word' id='word_1_394' title='bbox 228 3229 350 3262; x_wconf 88' lang='lat' dir='ltr'>eumin</span> <span class='ocrx_word' id='word_1_395' title='bbox 367 3227 510 3271; x_wconf 87' lang='lat' dir='ltr'>partibus</span> <span class='ocrx_word' id='word_1_396' title='bbox 531 3227 646 3261; x_wconf 84' lang='lat' dir='ltr'>nostris</span> <span class='ocrx_word' id='word_1_397' title='bbox 666 3228 698 3262; x_wconf 72' lang='grc' dir='ltr'>ἀ</span> <span class='ocrx_word' id='word_1_398' title='bbox 720 3231 871 3262; x_wconf 84' lang='lat' dir='ltr'>meritum</span> <span class='ocrx_word' id='word_1_399' title='bbox 894 3228 926 3261; x_wconf 91' lang='lat' dir='ltr'>in</span> <span class='ocrx_word' id='word_1_400' title='bbox 941 3229 971 3262; x_wconf 93' lang='lat' dir='ltr'>se</span> <span class='ocrx_word' id='word_1_401' title='bbox 991 3228 1071 3262; x_wconf 90' lang='lat' dir='ltr'>cele·</span> 
     </span>
     <span class='ocr_line' id='line_1_59' title="bbox 139 3275 1070 3317; baseline 0 -6"><span class='ocrx_word' id='word_1_402' title='bbox 139 3279 230 3312; x_wconf 88' lang='lat' dir='ltr'>brem</span> <span class='ocrx_word' id='word_1_403' title='bbox 243 3302 254 3317; x_wconf 92' lang='lat'>,</span> <span class='ocrx_word' id='word_1_404' title='bbox 279 3278 311 3311; x_wconf 67' lang='grc' dir='ltr'>ὃς</span> <span class='ocrx_word' id='word_1_405' title='bbox 333 3278 518 3312; x_wconf 89' lang='lat' dir='ltr'>communis</span> <span class='ocrx_word' id='word_1_406' title='bbox 537 3275 809 3313; x_wconf 85' lang='lat' dir='ltr'>habetaestimatio</span> <span class='ocrx_word' id='word_1_407' title='bbox 822 3278 1070 3313; x_wconf 86' lang='lat' dir='ltr'>commendabi-</span> 
     </span>
     <span class='ocr_line' id='line_1_60' title="bbox 139 3325 1070 3372; baseline -0.001 -11"><span class='ocrx_word' id='word_1_408' title='bbox 139 3328 206 3362; x_wconf 92' lang='lat' dir='ltr'>lem</span> <span class='ocrx_word' id='word_1_409' title='bbox 220 3353 227 3360; x_wconf 92' lang='lat'>.</span> <span class='ocrx_word' id='word_1_410' title='bbox 253 3325 375 3360; x_wconf 76' lang='lat' dir='ltr'>Vestrae</span> <span class='ocrx_word' id='word_1_411' title='bbox 386 3329 495 3370; x_wconf 84' lang='lat' dir='ltr'>itaque</span> <span class='ocrx_word' id='word_1_412' title='bbox 506 3326 695 3360; x_wconf 88' lang='lat' dir='ltr'>sublimitati</span> <span class='ocrx_word' id='word_1_413' title='bbox 707 3352 718 3367; x_wconf 91' lang='lat'>,</span> <span class='ocrx_word' id='word_1_414' title='bbox 730 3328 818 3372; x_wconf 84' lang='lat' dir='ltr'>cujus</span> <span class='ocrx_word' id='word_1_415' title='bbox 829 3328 1070 3368; x_wconf 89' lang='lat' dir='ltr'>Reverentiam‚</span> 
     </span>
     <span class='ocr_line' id='line_1_61' title="bbox 141 3375 1071 3417; baseline -0.003 -5"><span class='ocrx_word' id='word_1_416' title='bbox 141 3378 220 3412; x_wconf 83' lang='lat' dir='ltr'>ficut</span> <span class='ocrx_word' id='word_1_417' title='bbox 234 3388 301 3411; x_wconf 90' lang='lat' dir='ltr'>non</span> <span class='ocrx_word' id='word_1_418' title='bbox 314 3375 487 3417; x_wconf 85' lang='lat' dir='ltr'>debemus,</span> <span class='ocrx_word' id='word_1_419' title='bbox 515 3377 559 3409; x_wconf 90' lang='lat' dir='ltr'>ita</span> <span class='ocrx_word' id='word_1_420' title='bbox 584 3377 683 3410; x_wconf 89' lang='lat' dir='ltr'>nullis</span> <span class='ocrx_word' id='word_1_421' title='bbox 702 3378 853 3412; x_wconf 90' lang='lat' dir='ltr'>volumus</span> <span class='ocrx_word' id='word_1_422' title='bbox 863 3379 1006 3413; x_wconf 82' lang='lat' dir='ltr'>falsitatis</span> <span class='ocrx_word' id='word_1_423' title='bbox 1026 3378 1071 3410; x_wconf 90' lang='lat' dir='ltr'>in-</span> 
     </span>
     <span class='ocr_line' id='line_1_62' title="bbox 138 3425 1071 3476; baseline -0.003 -14"><span class='ocrx_word' id='word_1_424' title='bbox 138 3428 271 3466; x_wconf 82' lang='lat' dir='ltr'>coestare</span> <span class='ocrx_word' id='word_1_425' title='bbox 285 3426 470 3470; x_wconf 86' lang='lat' dir='ltr'>figmentis,</span> <span class='ocrx_word' id='word_1_426' title='bbox 495 3425 618 3459; x_wconf 87' lang='lat' dir='ltr'>sublata</span> <span class='ocrx_word' id='word_1_427' title='bbox 631 3428 723 3460; x_wconf 88' lang='lat' dir='ltr'>omni</span> <span class='ocrx_word' id='word_1_428' title='bbox 735 3429 952 3476; x_wconf 80' lang='lat' dir='ltr'>ambiguitate</span> <span class='ocrx_word' id='word_1_429' title='bbox 963 3429 1071 3474; x_wconf 88' lang='lat' dir='ltr'>sugge-</span> 
     </span>
     <span class='ocr_line' id='line_1_63' title="bbox 243 3475 723 3519; baseline -0.002 -7"><span class='ocrx_word' id='word_1_430' title='bbox 243 3475 347 3518; x_wconf 67' lang='lat' dir='ltr'>christ.</span> <span class='ocrx_word' id='word_1_431' title='bbox 365 3480 446 3519; x_wconf 82' lang='lat' dir='ltr'>Lupi</span> <span class='ocrx_word' id='word_1_432' title='bbox 466 3479 564 3519; x_wconf 81' lang='lat' dir='ltr'>Opera</span> <span class='ocrx_word' id='word_1_433' title='bbox 584 3479 663 3510; x_wconf 79' lang='lat' dir='ltr'>Tom.</span> <span class='ocrx_word' id='word_1_434' title='bbox 682 3479 723 3514; x_wconf 83' lang='grc' dir='ltr'>Χ,</span> 
     </span>
    </p>
   </div>
   <div class='ocr_carea' id='block_1_10' title="bbox 1053 198 1090 2053">
    <p class='ocr_par' dir='ltr' id='par_1_11' title="bbox 1053 198 1090 2053">
     <span class='ocr_line' id='line_1_64' title="bbox 1053 198 1076 961; baseline 6.261 -120"><span class='ocrx_word' id='word_1_435' title='bbox 1053 198 1076 961; x_wconf 95' lang='lat' dir='ltr'>  </span> 
     </span>
     <span class='ocr_line' id='line_1_65' title="bbox 1061 961 1090 2053; baseline 5.345 -423"><span class='ocrx_word' id='word_1_436' title='bbox 1061 961 1090 2053; x_wconf 95' lang='lat' dir='ltr'>   </span> 
     </span>
    </p>
   </div>
   <div class='ocr_carea' id='block_1_11' title="bbox 1067 2158 1106 3479">
    <p class='ocr_par' dir='ltr' id='par_1_12' title="bbox 1067 2158 1106 3479">
     <span class='ocr_line' id='line_1_66' title="bbox 1067 2158 1106 3479; baseline 0 0"><span class='ocrx_word' id='word_1_437' title='bbox 1067 2158 1106 3479; x_wconf 95' lang='lat' dir='ltr'> </span> 
     </span>
    </p>
   </div>
   <div class='ocr_carea' id='block_1_12' title="bbox 1102 127 2048 734">
    <p class='ocr_par' dir='ltr' id='par_1_13' title="bbox 1871 127 1970 175">
     <span class='ocr_line' id='line_1_67' title="bbox 1871 127 1970 175; baseline 0 -16"><span class='ocrx_word' id='word_1_438' title='bbox 1871 127 1970 175; x_wconf 76' lang='lat'>267</span> 
     </span>
    </p>

    <p class='ocr_par' dir='ltr' id='par_1_14' title="bbox 1102 184 2048 734">
     <span class='ocr_line' id='line_1_68' title="bbox 1103 184 2036 241; baseline 0.013 -19"><span class='ocrx_word' id='word_1_439' title='bbox 1103 188 1203 222; x_wconf 87' lang='lat' dir='ltr'>rimus</span> <span class='ocrx_word' id='word_1_440' title='bbox 1224 209 1235 225; x_wconf 90' lang='lat'>‚</span> <span class='ocrx_word' id='word_1_441' title='bbox 1271 184 1361 229; x_wconf 87' lang='lat' dir='ltr'>quod</span> <span class='ocrx_word' id='word_1_442' title='bbox 1381 187 1552 220; x_wconf 84' lang='lat' dir='ltr'>memorati</span> <span class='ocrx_word' id='word_1_443' title='bbox 1575 190 1636 222; x_wconf 86' lang='lat' dir='ltr'>viri</span> <span class='ocrx_word' id='word_1_444' title='bbox 1659 191 1725 227; x_wconf 83' lang='lat' dir='ltr'>vita</span> <span class='ocrx_word' id='word_1_445' title='bbox 1744 194 1778 230; x_wconf 78' lang='lat' dir='ltr'>dc</span> <span class='ocrx_word' id='word_1_446' title='bbox 1797 197 2000 233; x_wconf 82' lang='lat' dir='ltr'>conversatio</span> <span class='ocrx_word' id='word_1_447' title='bbox 2023 214 2036 241; x_wconf 54' lang='lat'>⁴,</span> 
     </span>
     <span class='ocr_line' id='line_1_69' title="bbox 1102 235 2035 290; baseline 0.015 -20"><span class='ocrx_word' id='word_1_448' title='bbox 1102 235 1260 281; x_wconf 72' lang='lat' dir='ltr'>quantum</span> <span class='ocrx_word' id='word_1_449' title='bbox 1270 247 1326 270; x_wconf 89' lang='lat' dir='ltr'>aut</span> <span class='ocrx_word' id='word_1_450' title='bbox 1335 245 1376 269; x_wconf 84' lang='lat' dir='ltr'>ex</span> <span class='ocrx_word' id='word_1_451' title='bbox 1388 235 1595 271; x_wconf 88' lang='lat' dir='ltr'>evidentibus</span> <span class='ocrx_word' id='word_1_452' title='bbox 1616 250 1723 274; x_wconf 87' lang='lat' dir='ltr'>rerum</span> <span class='ocrx_word' id='word_1_453' title='bbox 1744 245 1892 290; x_wconf 84' lang='lat' dir='ltr'>indiciis,</span> <span class='ocrx_word' id='word_1_454' title='bbox 1918 259 1973 283; x_wconf 85' lang='lat' dir='ltr'>aut</span> <span class='ocrx_word' id='word_1_455' title='bbox 1993 260 2035 283; x_wconf 80' lang='lat' dir='ltr'>ex</span> 
     </span>
     <span class='ocr_line' id='line_1_70' title="bbox 1104 285 2036 341; baseline 0.004 -19"><span class='ocrx_word' id='word_1_456' title='bbox 1104 285 1221 322; x_wconf 88' lang='lat' dir='ltr'>celebri</span> <span class='ocrx_word' id='word_1_457' title='bbox 1232 286 1393 329; x_wconf 87' lang='lat' dir='ltr'>opinione</span> <span class='ocrx_word' id='word_1_458' title='bbox 1403 287 1444 321; x_wconf 89' lang='lat' dir='ltr'>ad</span> <span class='ocrx_word' id='word_1_459' title='bbox 1456 287 1591 321; x_wconf 88' lang='lat' dir='ltr'>vestram</span> <span class='ocrx_word' id='word_1_460' title='bbox 1603 289 1708 331; x_wconf 88' lang='lat' dir='ltr'>potuit</span> <span class='ocrx_word' id='word_1_461' title='bbox 1722 295 1871 330; x_wconf 88' lang='lat' dir='ltr'>notitiam</span> <span class='ocrx_word' id='word_1_462' title='bbox 1893 293 2036 341; x_wconf 63' lang='lat' dir='ltr'>perveni*-</span> 
     </span>
     <span class='ocr_line' id='line_1_71' title="bbox 1105 333 2037 383; baseline 0.004 -12"><span class='ocrx_word' id='word_1_463' title='bbox 1105 349 1138 372; x_wconf 87' lang='lat' dir='ltr'>re</span> <span class='ocrx_word' id='word_1_464' title='bbox 1147 361 1158 378; x_wconf 90' lang='lat'><strong>,</strong></span> <span class='ocrx_word' id='word_1_465' title='bbox 1182 333 1332 370; x_wconf 69' lang='lat' dir='ltr'>hactenus</span> <span class='ocrx_word' id='word_1_466' title='bbox 1342 337 1458 371; x_wconf 89' lang='lat' dir='ltr'>claruit</span> <span class='ocrx_word' id='word_1_467' title='bbox 1469 336 1620 371; x_wconf 85' lang='lat' dir='ltr'>decorata</span> <span class='ocrx_word' id='word_1_468' title='bbox 1633 339 1807 374; x_wconf 86' lang='lat' dir='ltr'>virtutibus</span> <span class='ocrx_word' id='word_1_469' title='bbox 1820 367 1830 381; x_wconf 90' lang='lat'>,</span> <span class='ocrx_word' id='word_1_470' title='bbox 1845 348 1886 380; x_wconf 79' lang='lat'>.&amp;</span> <span class='ocrx_word' id='word_1_471' title='bbox 1897 349 2037 383; x_wconf 61' lang='lat' dir='ltr'>formnn</span> 
     </span>
     <span class='ocr_line' id='line_1_72' title="bbox 1107 385 2038 433; baseline 0.013 -12"><span class='ocrx_word' id='word_1_472' title='bbox 1107 386 1294 431; x_wconf 84' lang='lat' dir='ltr'>Religionis</span> <span class='ocrx_word' id='word_1_473' title='bbox 1317 388 1350 421; x_wconf 76' lang='grc' dir='ltr'>δε</span> <span class='ocrx_word' id='word_1_474' title='bbox 1372 385 1551 421; x_wconf 87' lang='lat' dir='ltr'>honestatis</span> <span class='ocrx_word' id='word_1_475' title='bbox 1571 388 1771 423; x_wconf 88' lang='lat' dir='ltr'>intuentium</span> <span class='ocrx_word' id='word_1_476' title='bbox 1793 394 1896 427; x_wconf 85' lang='lat' dir='ltr'>oeulis</span> <span class='ocrx_word' id='word_1_477' title='bbox 1906 399 1970 431; x_wconf 86' lang='lat' dir='ltr'>visa</span> <span class='ocrx_word' id='word_1_478' title='bbox 1991 397 2038 433; x_wconf 81' lang='lat' dir='ltr'>est</span> 
     </span>
     <span class='ocr_line' id='line_1_73' title="bbox 1106 435 2038 487; baseline 0.006 -17"><span class='ocrx_word' id='word_1_479' title='bbox 1106 435 1300 482; x_wconf 79' lang='lat' dir='ltr'>praetendiffe</span> <span class='ocrx_word' id='word_1_480' title='bbox 1310 462 1317 468; x_wconf 96' lang='lat'>.</span> <span class='ocrx_word' id='word_1_481' title='bbox 1345 437 1431 484; x_wconf 81' lang='lat' dir='ltr'>Qis</span> <span class='ocrx_word' id='word_1_482' title='bbox 1440 438 1529 471; x_wconf 86' lang='lat' dir='ltr'>enim</span> <span class='ocrx_word' id='word_1_483' title='bbox 1542 449 1583 471; x_wconf 85' lang='lat' dir='ltr'>ex</span> <span class='ocrx_word' id='word_1_484' title='bbox 1598 438 1793 473; x_wconf 85' lang='lat' dir='ltr'>nostratibus</span> <span class='ocrx_word' id='word_1_485' title='bbox 1802 440 1951 485; x_wconf 88' lang='lat' dir='ltr'>ignorare</span> <span class='ocrx_word' id='word_1_486' title='bbox 1966 457 2038 487; x_wconf 74' lang='lat' dir='ltr'>per-</span> 
     </span>
     <span class='ocr_line' id='line_1_74' title="bbox 1108 487 2044 527; baseline 0.005 -5"><span class='ocrx_word' id='word_1_487' title='bbox 1108 487 1248 522; x_wconf 88' lang='lat' dir='ltr'>mittitur</span> <span class='ocrx_word' id='word_1_488' title='bbox 1262 488 1446 522; x_wconf 88' lang='lat' dir='ltr'>Dominum</span> <span class='ocrx_word' id='word_1_489' title='bbox 1459 487 1728 522; x_wconf 85' lang='lat' dir='ltr'>Londoniensem</span> <span class='ocrx_word' id='word_1_490' title='bbox 1738 500 1805 524; x_wconf 87' lang='lat' dir='ltr'>tam</span> <span class='ocrx_word' id='word_1_491' title='bbox 1828 491 1960 525; x_wconf 78' lang='lat' dir='ltr'>Divinae</span> <span class='ocrx_word' id='word_1_492' title='bbox 1984 494 2044 527; x_wconf 88' lang='lat' dir='ltr'>Le-</span> 
     </span>
     <span class='ocr_line' id='line_1_75' title="bbox 1107 537 2046 583; baseline 0.006 -13"><span class='ocrx_word' id='word_1_493' title='bbox 1107 537 1180 583; x_wconf 85' lang='lat' dir='ltr'>gis,</span> <span class='ocrx_word' id='word_1_494' title='bbox 1206 537 1304 581; x_wconf 76' lang='lat' dir='ltr'>quam</span> <span class='ocrx_word' id='word_1_495' title='bbox 1316 538 1471 573; x_wconf 84' lang='lat' dir='ltr'>saeeularis</span> <span class='ocrx_word' id='word_1_496' title='bbox 1482 537 1620 571; x_wconf 84' lang='lat' dir='ltr'>scientiae</span> <span class='ocrx_word' id='word_1_497' title='bbox 1629 539 1876 581; x_wconf 79' lang='lat' dir='ltr'>peritissimum,</span> <span class='ocrx_word' id='word_1_498' title='bbox 1898 539 2046 576; x_wconf 78' lang='lat' dir='ltr'>honesta-</span> 
     </span>
     <span class='ocr_line' id='line_1_76' title="bbox 1109 587 2044 635; baseline 0.004 -14"><span class='ocrx_word' id='word_1_499' title='bbox 1109 598 1140 621; x_wconf 90' lang='lat' dir='ltr'>te</span> <span class='ocrx_word' id='word_1_500' title='bbox 1147 588 1342 631; x_wconf 80' lang='lat' dir='ltr'>praecipuum</span> <span class='ocrx_word' id='word_1_501' title='bbox 1352 612 1364 628; x_wconf 90' lang='lat'>,</span> <span class='ocrx_word' id='word_1_502' title='bbox 1389 589 1423 622; x_wconf 91' lang='lat' dir='ltr'>in</span> <span class='ocrx_word' id='word_1_503' title='bbox 1434 587 1526 621; x_wconf 89' lang='lat' dir='ltr'>cultu</span> <span class='ocrx_word' id='word_1_504' title='bbox 1538 587 1572 621; x_wconf 74' lang='grc' dir='ltr'>ὅ(</span> <span class='ocrx_word' id='word_1_505' title='bbox 1582 587 1783 624; x_wconf 88' lang='lat' dir='ltr'>observantia</span> <span class='ocrx_word' id='word_1_506' title='bbox 1807 590 1998 635; x_wconf 85' lang='lat' dir='ltr'>Religionis</span> <span class='ocrx_word' id='word_1_507' title='bbox 2011 592 2044 625; x_wconf 75' lang='grc' dir='ltr'>δι</span> 
     </span>
     <span class='ocr_line' id='line_1_77' title="bbox 1109 637 2048 684; baseline 0.005 -14"><span class='ocrx_word' id='word_1_508' title='bbox 1109 637 1235 671; x_wconf 84' lang='lat' dir='ltr'>Divina</span> <span class='ocrx_word' id='word_1_509' title='bbox 1261 638 1296 671; x_wconf 77' lang='grc' dir='ltr'>δε</span> <span class='ocrx_word' id='word_1_510' title='bbox 1319 638 1432 672; x_wconf 71' lang='lat' dir='ltr'>sancta</span> <span class='ocrx_word' id='word_1_511' title='bbox 1455 637 1549 672; x_wconf 82' lang='lat' dir='ltr'>fuisse</span> <span class='ocrx_word' id='word_1_512' title='bbox 1570 640 1818 674; x_wconf 88' lang='lat' dir='ltr'>conversatione</span> <span class='ocrx_word' id='word_1_513' title='bbox 1837 641 2009 684; x_wconf 80' lang='lat' dir='ltr'>probatum</span> <span class='ocrx_word' id='word_1_514' title='bbox 2034 642 2048 675; x_wconf 63' lang='grc' dir='ltr'><strong><em>ἓ</em></strong></span> 
     </span>
     <span class='ocr_line' id='line_1_78' title="bbox 1110 686 2047 734; baseline 0.005 -14"><span class='ocrx_word' id='word_1_515' title='bbox 1110 687 1195 734; x_wconf 86' lang='lat' dir='ltr'>Qis</span> <span class='ocrx_word' id='word_1_516' title='bbox 1207 697 1321 721; x_wconf 87' lang='lat' dir='ltr'>eorum</span> <span class='ocrx_word' id='word_1_517' title='bbox 1345 689 1389 721; x_wconf 89' lang='lat' dir='ltr'>ita</span> <span class='ocrx_word' id='word_1_518' title='bbox 1409 688 1539 731; x_wconf 78' lang='lat' dir='ltr'>desipiat</span> <span class='ocrx_word' id='word_1_519' title='bbox 1552 712 1562 727; x_wconf 90' lang='lat'>‚</span> <span class='ocrx_word' id='word_1_520' title='bbox 1588 698 1624 722; x_wconf 90' lang='lat' dir='ltr'>ut</span> <span class='ocrx_word' id='word_1_521' title='bbox 1637 686 1703 723; x_wconf 89' lang='lat' dir='ltr'>hoc</span> <span class='ocrx_word' id='word_1_522' title='bbox 1714 702 1782 724; x_wconf 91' lang='lat' dir='ltr'>non</span> <span class='ocrx_word' id='word_1_523' title='bbox 1804 692 1902 734; x_wconf 88' lang='lat' dir='ltr'>sapiat</span> <span class='ocrx_word' id='word_1_524' title='bbox 1924 690 1940 721; x_wconf 71' lang='grc' dir='ltr'>,ἓ</span> <span class='ocrx_word' id='word_1_525' title='bbox 1967 691 2047 725; x_wconf 89' lang='lat' dir='ltr'>Hoc</span> 
     </span>
    </p>
   </div>
   <div class='ocr_carea' id='block_1_13' title="bbox 1082 738 2052 831">
    <p class='ocr_par' dir='ltr' id='par_1_15' title="bbox 1082 738 2052 831">
     <span class='ocr_line' id='line_1_79' title="bbox 1082 738 2049 783; baseline 0.003 -12"><span class='ocrx_word' id='word_1_526' title='bbox 1082 776 1084 778; x_wconf 17' lang='lat' dir='ltr'>v</span> <span class='ocrx_word' id='word_1_527' title='bbox 1110 738 1208 772; x_wconf 89' lang='lat' dir='ltr'>etiam</span> <span class='ocrx_word' id='word_1_528' title='bbox 1228 748 1288 771; x_wconf 89' lang='lat' dir='ltr'>nos</span> <span class='ocrx_word' id='word_1_529' title='bbox 1306 748 1346 771; x_wconf 81' lang='lat' dir='ltr'>ex</span> <span class='ocrx_word' id='word_1_530' title='bbox 1369 738 1511 772; x_wconf 77' lang='lat' dir='ltr'>Domini</span> <span class='ocrx_word' id='word_1_531' title='bbox 1534 738 1637 783; x_wconf 86' lang='lat' dir='ltr'>Regis</span> <span class='ocrx_word' id='word_1_532' title='bbox 1666 739 1824 774; x_wconf 86' lang='lat' dir='ltr'>noveritis</span> <span class='ocrx_word' id='word_1_533' title='bbox 1857 740 2049 774; x_wconf 84' lang='lat' dir='ltr'>testimonio</span> 
     </span>
     <span class='ocr_line' id='line_1_80' title="bbox 1082 788 2052 831; baseline 0.003 -10"><span class='ocrx_word' id='word_1_534' title='bbox 1082 796 1084 799; x_wconf 59' lang='lat'><strong>⁴</strong></span> <span class='ocrx_word' id='word_1_535' title='bbox 1112 788 1316 831; x_wconf 80' lang='lat' dir='ltr'>concepisse,</span> <span class='ocrx_word' id='word_1_536' title='bbox 1341 788 1431 831; x_wconf 90' lang='lat' dir='ltr'>quod</span> <span class='ocrx_word' id='word_1_537' title='bbox 1441 788 1529 822; x_wconf 91' lang='lat' dir='ltr'>idem</span> <span class='ocrx_word' id='word_1_538' title='bbox 1541 790 1956 825; x_wconf 87' lang='lat' dir='ltr'>DominusLondonienfis</span> <span class='ocrx_word' id='word_1_539' title='bbox 1978 791 2052 826; x_wconf 91' lang='lat' dir='ltr'>Do-</span> 
     </span>
    </p>
   </div>
   <div class='ocr_carea' id='block_1_14' title="bbox 1115 837 2081 1730">
    <p class='ocr_par' dir='ltr' id='par_1_16' title="bbox 1115 837 2081 1730">
     <span class='ocr_line' id='line_1_81' title="bbox 1115 837 2053 884; baseline 0.003 -12"><span class='ocrx_word' id='word_1_540' title='bbox 1115 839 1207 872; x_wconf 90' lang='lat' dir='ltr'>mino</span> <span class='ocrx_word' id='word_1_541' title='bbox 1227 837 1448 871; x_wconf 88' lang='lat' dir='ltr'>Cantuariensi</span> <span class='ocrx_word' id='word_1_542' title='bbox 1461 838 1546 882; x_wconf 87' lang='lat' dir='ltr'>apud</span> <span class='ocrx_word' id='word_1_543' title='bbox 1565 839 1706 884; x_wconf 84' lang='lat' dir='ltr'>Regiam</span> <span class='ocrx_word' id='word_1_544' title='bbox 1729 839 2053 882; x_wconf 69' lang='lat' dir='ltr'>Maiestatem-num·</span> 
     </span>
     <span class='ocr_line' id='line_1_82' title="bbox 1115 886 2052 934; baseline 0.005 -14"><span class='ocrx_word' id='word_1_545' title='bbox 1115 886 1212 932; x_wconf 68' lang='lat' dir='ltr'>quam</span> <span class='ocrx_word' id='word_1_546' title='bbox 1224 887 1312 922; x_wconf 70' lang='lat' dir='ltr'>dieto</span> <span class='ocrx_word' id='word_1_547' title='bbox 1322 887 1446 922; x_wconf 70' lang='lat' dir='ltr'>sastove</span> <span class='ocrx_word' id='word_1_548' title='bbox 1457 900 1584 923; x_wconf 88' lang='lat' dir='ltr'>nocuus</span> <span class='ocrx_word' id='word_1_549' title='bbox 1596 889 1754 924; x_wconf 79' lang='lat' dir='ltr'>exstiterit</span> <span class='ocrx_word' id='word_1_550' title='bbox 1764 915 1775 931; x_wconf 91' lang='lat'><strong>,</strong></span> <span class='ocrx_word' id='word_1_551' title='bbox 1803 891 1893 934; x_wconf 89' lang='lat' dir='ltr'>quod</span> <span class='ocrx_word' id='word_1_552' title='bbox 1916 891 2052 933; x_wconf 88' lang='lat' dir='ltr'>quidem</span> 
     </span>
     <span class='ocr_line' id='line_1_83' title="bbox 1116 937 2054 981; baseline 0.001 -9"><span class='ocrx_word' id='word_1_553' title='bbox 1116 939 1157 972; x_wconf 88' lang='lat' dir='ltr'>ab</span> <span class='ocrx_word' id='word_1_554' title='bbox 1179 937 1335 972; x_wconf 86' lang='lat' dir='ltr'>omnibus</span> <span class='ocrx_word' id='word_1_555' title='bbox 1358 937 1431 972; x_wconf 82' lang='lat' dir='ltr'>vitae</span> <span class='ocrx_word' id='word_1_556' title='bbox 1454 937 1550 981; x_wconf 79' lang='lat' dir='ltr'>ipsius</span> <span class='ocrx_word' id='word_1_557' title='bbox 1575 939 1609 973; x_wconf 90' lang='lat'>&amp;</span> <span class='ocrx_word' id='word_1_558' title='bbox 1639 940 1892 975; x_wconf 85' lang='lat' dir='ltr'>conversationis</span> <span class='ocrx_word' id='word_1_559' title='bbox 1913 940 2054 975; x_wconf 65' lang='lat' dir='ltr'>honestat</span> 
     </span>
     <span class='ocr_line' id='line_1_84' title="bbox 1117 987 2055 1033; baseline 0.001 -11"><span class='ocrx_word' id='word_1_560' title='bbox 1117 987 1274 1027; x_wconf 90' lang='lat' dir='ltr'>consciis,</span> <span class='ocrx_word' id='word_1_561' title='bbox 1300 987 1358 1023; x_wconf 90' lang='lat' dir='ltr'>sub</span> <span class='ocrx_word' id='word_1_562' title='bbox 1375 989 1515 1032; x_wconf 76' lang='lat' dir='ltr'>quadam</span> <span class='ocrx_word' id='word_1_563' title='bbox 1529 989 1631 1033; x_wconf 84' lang='lat' dir='ltr'>potest</span> <span class='ocrx_word' id='word_1_564' title='bbox 1642 990 1838 1025; x_wconf 84' lang='lat' dir='ltr'>certitudine</span> <span class='ocrx_word' id='word_1_565' title='bbox 1851 991 1884 1026; x_wconf 78' lang='grc' dir='ltr'>δε</span> <span class='ocrx_word' id='word_1_566' title='bbox 1907 989 2055 1026; x_wconf 76' lang='lat' dir='ltr'>securita-</span> 
     </span>
     <span class='ocr_line' id='line_1_85' title="bbox 1119 1038 2057 1085; baseline 0.002 -14"><span class='ocrx_word' id='word_1_567' title='bbox 1119 1049 1150 1071; x_wconf 88' lang='lat' dir='ltr'>te</span> <span class='ocrx_word' id='word_1_568' title='bbox 1162 1039 1304 1082; x_wconf 81' lang='lat' dir='ltr'>praesumi</span> <span class='ocrx_word' id='word_1_569' title='bbox 1316 1063 1327 1078; x_wconf 93' lang='lat'>‚</span> <span class='ocrx_word' id='word_1_570' title='bbox 1354 1049 1430 1072; x_wconf 89' lang='lat' dir='ltr'>cum</span> <span class='ocrx_word' id='word_1_571' title='bbox 1442 1038 1556 1073; x_wconf 90' lang='lat' dir='ltr'>auditu</span> <span class='ocrx_word' id='word_1_572' title='bbox 1567 1040 1668 1075; x_wconf 89' lang='lat' dir='ltr'>etiam</span> <span class='ocrx_word' id='word_1_573' title='bbox 1678 1053 1776 1085; x_wconf 88' lang='lat' dir='ltr'>grave</span> <span class='ocrx_word' id='word_1_574' title='bbox 1786 1042 1822 1075; x_wconf 87' lang='lat' dir='ltr'>fit</span> <span class='ocrx_word' id='word_1_575' title='bbox 1833 1042 1866 1076; x_wconf 78' lang='grc' dir='ltr'>δε</span> <span class='ocrx_word' id='word_1_576' title='bbox 1887 1041 1952 1076; x_wconf 85' lang='lat' dir='ltr'>fide</span> <span class='ocrx_word' id='word_1_577' title='bbox 1972 1040 2057 1074; x_wconf 87' lang='lat' dir='ltr'>indi-</span> 
     </span>
     <span class='ocr_line' id='line_1_86' title="bbox 1119 1088 2058 1136; baseline 0.002 -15"><span class='ocrx_word' id='word_1_578' title='bbox 1119 1100 1222 1132; x_wconf 87' lang='lat' dir='ltr'>gnum</span> <span class='ocrx_word' id='word_1_579' title='bbox 1241 1113 1251 1128; x_wconf 96' lang='lat'><strong>,</strong></span> <span class='ocrx_word' id='word_1_580' title='bbox 1277 1099 1344 1122; x_wconf 87' lang='lat' dir='ltr'>tam</span> <span class='ocrx_word' id='word_1_581' title='bbox 1359 1088 1543 1132; x_wconf 77' lang='lat' dir='ltr'>praeclarum</span> <span class='ocrx_word' id='word_1_582' title='bbox 1566 1090 1600 1123; x_wconf 89' lang='lat' dir='ltr'>in</span> <span class='ocrx_word' id='word_1_583' title='bbox 1623 1091 1766 1125; x_wconf 80' lang='lat' dir='ltr'>Ecclesia</span> <span class='ocrx_word' id='word_1_584' title='bbox 1779 1092 1844 1126; x_wconf 93' lang='lat' dir='ltr'>Dei</span> <span class='ocrx_word' id='word_1_585' title='bbox 1867 1090 2058 1136; x_wconf 87' lang='lat' dir='ltr'>Religionis</span> 
     </span>
     <span class='ocr_line' id='line_1_87' title="bbox 1118 1139 2081 1186; baseline 0.001 -15"><span class='ocrx_word' id='word_1_586' title='bbox 1118 1140 1150 1172; x_wconf 78' lang='grc' dir='ltr'>δι</span> <span class='ocrx_word' id='word_1_587' title='bbox 1162 1139 1343 1173; x_wconf 71' lang='lat' dir='ltr'>sanctitatis</span> <span class='ocrx_word' id='word_1_588' title='bbox 1352 1139 1517 1182; x_wconf 88' lang='lat' dir='ltr'>speculum</span> <span class='ocrx_word' id='word_1_589' title='bbox 1531 1140 1668 1184; x_wconf 87' lang='lat' dir='ltr'>alicujus</span> <span class='ocrx_word' id='word_1_590' title='bbox 1687 1141 1902 1186; x_wconf 84' lang='lat' dir='ltr'>malignitatis</span> <span class='ocrx_word' id='word_1_591' title='bbox 1923 1141 2058 1175; x_wconf 72' lang='lat' dir='ltr'>semina·</span> <span class='ocrx_word' id='word_1_592' title='bbox 2076 1168 2081 1172; x_wconf 22' lang='lat' dir='ltr'>t</span> 
     </span>
     <span class='ocr_line' id='line_1_88' title="bbox 1121 1188 2059 1237; baseline 0.006 -17"><span class='ocrx_word' id='word_1_593' title='bbox 1121 1188 1205 1221; x_wconf 86' lang='lat' dir='ltr'>rium</span> <span class='ocrx_word' id='word_1_594' title='bbox 1219 1199 1274 1223; x_wconf 88' lang='lat' dir='ltr'>aut</span> <span class='ocrx_word' id='word_1_595' title='bbox 1284 1189 1432 1223; x_wconf 89' lang='lat' dir='ltr'>fomitem</span> <span class='ocrx_word' id='word_1_596' title='bbox 1459 1189 1627 1224; x_wconf 72' lang='lat' dir='ltr'>exstitisse.</span> <span class='ocrx_word' id='word_1_597' title='bbox 1654 1192 1799 1226; x_wconf 88' lang='lat' dir='ltr'>Oramus</span> <span class='ocrx_word' id='word_1_598' title='bbox 1820 1192 1922 1237; x_wconf 88' lang='lat' dir='ltr'>igitur</span> <span class='ocrx_word' id='word_1_599' title='bbox 1938 1216 1949 1232; x_wconf 87' lang='lat'><strong>,</strong></span> <span class='ocrx_word' id='word_1_600' title='bbox 1973 1188 2059 1226; x_wconf 79' lang='lat' dir='ltr'>San·-</span> 
     </span>
     <span class='ocr_line' id='line_1_89' title="bbox 1120 1238 2062 1280; baseline 0.004 -10"><span class='ocrx_word' id='word_1_601' title='bbox 1120 1238 1253 1271; x_wconf 71' lang='lat' dir='ltr'>stiffime</span> <span class='ocrx_word' id='word_1_602' title='bbox 1265 1239 1361 1271; x_wconf 86' lang='lat' dir='ltr'>Pater</span> <span class='ocrx_word' id='word_1_603' title='bbox 1375 1240 1408 1272; x_wconf 74' lang='grc' dir='ltr'>ὅ(</span> <span class='ocrx_word' id='word_1_604' title='bbox 1421 1239 1568 1273; x_wconf 90' lang='lat' dir='ltr'>Domine</span> <span class='ocrx_word' id='word_1_605' title='bbox 1580 1265 1590 1280; x_wconf 90' lang='lat'><strong>,</strong></span> <span class='ocrx_word' id='word_1_606' title='bbox 1617 1250 1655 1274; x_wconf 77' lang='lat' dir='ltr'>ut</span> <span class='ocrx_word' id='word_1_607' title='bbox 1665 1239 1827 1276; x_wconf 87' lang='lat' dir='ltr'>devoto&amp;</span> <span class='ocrx_word' id='word_1_608' title='bbox 1838 1238 2013 1275; x_wconf 88' lang='lat' dir='ltr'>venerabili</span> <span class='ocrx_word' id='word_1_609' title='bbox 2026 1239 2062 1274; x_wconf 84' lang='lat' dir='ltr'>fi·</span> 
     </span>
     <span class='ocr_line' id='line_1_90' title="bbox 1121 1286 2062 1331; baseline 0.004 -13"><span class='ocrx_word' id='word_1_610' title='bbox 1121 1287 1167 1319; x_wconf 91' lang='lat' dir='ltr'>lio</span> <span class='ocrx_word' id='word_1_611' title='bbox 1176 1310 1188 1327; x_wconf 87' lang='lat'>‚</span> <span class='ocrx_word' id='word_1_612' title='bbox 1211 1287 1250 1320; x_wconf 87' lang='lat' dir='ltr'>ad</span> <span class='ocrx_word' id='word_1_613' title='bbox 1259 1286 1420 1330; x_wconf 81' lang='lat' dir='ltr'>gremium</span> <span class='ocrx_word' id='word_1_614' title='bbox 1431 1289 1463 1319; x_wconf 90' lang='lat' dir='ltr'>se</span> <span class='ocrx_word' id='word_1_615' title='bbox 1472 1289 1580 1321; x_wconf 77' lang='lat' dir='ltr'>vessrae</span> <span class='ocrx_word' id='word_1_616' title='bbox 1590 1291 1851 1331; x_wconf 83' lang='lat' dir='ltr'>mansuetudinis</span> <span class='ocrx_word' id='word_1_617' title='bbox 1872 1291 2062 1328; x_wconf 69' lang='lat' dir='ltr'>transferen-</span> 
     </span>
     <span class='ocr_line' id='line_1_91' title="bbox 1120 1335 2061 1382; baseline 0.004 -14"><span class='ocrx_word' id='word_1_618' title='bbox 1120 1335 1146 1368; x_wconf 91' lang='lat' dir='ltr'>ti</span> <span class='ocrx_word' id='word_1_619' title='bbox 1158 1359 1169 1375; x_wconf 87' lang='lat'>,</span> <span class='ocrx_word' id='word_1_620' title='bbox 1194 1335 1298 1369; x_wconf 90' lang='lat' dir='ltr'>sinum</span> <span class='ocrx_word' id='word_1_621' title='bbox 1310 1335 1524 1380; x_wconf 88' lang='lat' dir='ltr'>benignitatis</span> <span class='ocrx_word' id='word_1_622' title='bbox 1536 1336 1570 1369; x_wconf 74' lang='grc' dir='ltr'>δε</span> <span class='ocrx_word' id='word_1_623' title='bbox 1581 1338 1691 1381; x_wconf 66' lang='lat' dir='ltr'>gratim</span> <span class='ocrx_word' id='word_1_624' title='bbox 1702 1338 1880 1373; x_wconf 85' lang='lat' dir='ltr'>clementer</span> <span class='ocrx_word' id='word_1_625' title='bbox 1897 1338 2061 1382; x_wconf 75' lang='lat' dir='ltr'>aperiatis,</span> 
     </span>
     <span class='ocr_line' id='line_1_92' title="bbox 1121 1385 2064 1430; baseline 0.005 -12"><span class='ocrx_word' id='word_1_626' title='bbox 1121 1396 1260 1430; x_wconf 86' lang='lat' dir='ltr'>eumque</span> <span class='ocrx_word' id='word_1_627' title='bbox 1271 1386 1304 1418; x_wconf 91' lang='lat' dir='ltr'>in</span> <span class='ocrx_word' id='word_1_628' title='bbox 1317 1388 1427 1430; x_wconf 84' lang='lat' dir='ltr'>gratiae</span> <span class='ocrx_word' id='word_1_629' title='bbox 1439 1385 1546 1420; x_wconf 79' lang='lat' dir='ltr'>vestrae</span> <span class='ocrx_word' id='word_1_630' title='bbox 1558 1387 1798 1429; x_wconf 81' lang='lat' dir='ltr'>plenitudinem</span> <span class='ocrx_word' id='word_1_631' title='bbox 1807 1389 1990 1423; x_wconf 81' lang='lat' dir='ltr'>restitutum</span> <span class='ocrx_word' id='word_1_632' title='bbox 2004 1389 2064 1423; x_wconf 79' lang='lat' dir='ltr'>Ec-</span> 
     </span>
     <span class='ocr_line' id='line_1_93' title="bbox 1121 1435 2062 1482; baseline 0.001 -13"><span class='ocrx_word' id='word_1_633' title='bbox 1121 1437 1219 1469; x_wconf 78' lang='lat' dir='ltr'>clesiae</span> <span class='ocrx_word' id='word_1_634' title='bbox 1237 1437 1297 1468; x_wconf 85' lang='lat' dir='ltr'>suae</span> <span class='ocrx_word' id='word_1_635' title='bbox 1323 1435 1509 1476; x_wconf 86' lang='lat' dir='ltr'>restituere,</span> <span class='ocrx_word' id='word_1_636' title='bbox 1535 1437 1768 1471; x_wconf 82' lang='lat' dir='ltr'>communibus</span> <span class='ocrx_word' id='word_1_637' title='bbox 1780 1463 1790 1478; x_wconf 92' lang='lat'>‚</span> <span class='ocrx_word' id='word_1_638' title='bbox 1819 1439 1839 1471; x_wconf 88' lang='lat' dir='ltr'>si</span> <span class='ocrx_word' id='word_1_639' title='bbox 1862 1438 1968 1482; x_wconf 83' lang='lat' dir='ltr'>placet</span> <span class='ocrx_word' id='word_1_640' title='bbox 1988 1461 1999 1477; x_wconf 96' lang='lat'>,</span> <span class='ocrx_word' id='word_1_641' title='bbox 2026 1437 2062 1470; x_wconf 87' lang='lat' dir='ltr'>in</span> 
     </span>
     <span class='ocr_line' id='line_1_94' title="bbox 1123 1485 2065 1531; baseline 0.001 -12"><span class='ocrx_word' id='word_1_642' title='bbox 1123 1486 1187 1519; x_wconf 89' lang='lat' dir='ltr'>hoc</span> <span class='ocrx_word' id='word_1_643' title='bbox 1209 1485 1374 1518; x_wconf 86' lang='lat' dir='ltr'>bonorum</span> <span class='ocrx_word' id='word_1_644' title='bbox 1396 1485 1481 1518; x_wconf 84' lang='lat' dir='ltr'>votis</span> <span class='ocrx_word' id='word_1_645' title='bbox 1504 1486 1734 1520; x_wconf 87' lang='lat' dir='ltr'>satisfaciendo</span> <span class='ocrx_word' id='word_1_646' title='bbox 1755 1487 1953 1531; x_wconf 87' lang='lat' dir='ltr'>dignemini.</span> <span class='ocrx_word' id='word_1_647' title='bbox 1985 1485 2065 1520; x_wconf 63' lang='lat' dir='ltr'>Hot</span> 
     </span>
     <span class='ocr_line' id='line_1_95' title="bbox 1121 1534 2066 1574; baseline 0.001 -6"><span class='ocrx_word' id='word_1_648' title='bbox 1121 1536 1211 1568; x_wconf 89' lang='lat' dir='ltr'>enim</span> <span class='ocrx_word' id='word_1_649' title='bbox 1223 1535 1352 1573; x_wconf 82' lang='lat' dir='ltr'>vestrae,</span> <span class='ocrx_word' id='word_1_650' title='bbox 1379 1544 1415 1567; x_wconf 93' lang='lat' dir='ltr'>ut</span> <span class='ocrx_word' id='word_1_651' title='bbox 1443 1534 1625 1574; x_wconf 86' lang='lat' dir='ltr'>credimus,</span> <span class='ocrx_word' id='word_1_652' title='bbox 1654 1536 1870 1571; x_wconf 81' lang='lat' dir='ltr'>sublimitatis·</span> <span class='ocrx_word' id='word_1_653' title='bbox 1887 1535 2008 1574; x_wconf 79' lang='lat' dir='ltr'>honori</span> <span class='ocrx_word' id='word_1_654' title='bbox 2028 1536 2066 1569; x_wconf 72' lang='grc' dir='ltr'>ἀ</span> 
     </span>
     <span class='ocr_line' id='line_1_96' title="bbox 1125 1583 2068 1623; baseline 0.001 -5"><span class='ocrx_word' id='word_1_655' title='bbox 1125 1583 1354 1619; x_wconf 87' lang='lat' dir='ltr'>Ecclefiasticis</span> <span class='ocrx_word' id='word_1_656' title='bbox 1367 1583 1528 1618; x_wconf 89' lang='lat' dir='ltr'>videbitur</span> <span class='ocrx_word' id='word_1_657' title='bbox 1539 1585 1736 1623; x_wconf 82' lang='lat' dir='ltr'>utilitatibus</span> <span class='ocrx_word' id='word_1_658' title='bbox 1749 1587 1904 1621; x_wconf 83' lang='lat' dir='ltr'>deservire</span> <span class='ocrx_word' id='word_1_659' title='bbox 1915 1612 1922 1620; x_wconf 93' lang='lat'>.</span> <span class='ocrx_word' id='word_1_660' title='bbox 1946 1586 2068 1620; x_wconf 89' lang='lat' dir='ltr'>Omni·</span> 
     </span>
     <span class='ocr_line' id='line_1_97' title="bbox 1124 1634 2069 1680; baseline 0 -12"><span class='ocrx_word' id='word_1_661' title='bbox 1124 1646 1240 1678; x_wconf 89' lang='lat' dir='ltr'>potens</span> <span class='ocrx_word' id='word_1_662' title='bbox 1253 1635 1344 1668; x_wconf 86' lang='lat' dir='ltr'>Deus</span> <span class='ocrx_word' id='word_1_663' title='bbox 1358 1634 1621 1668; x_wconf 84' lang='lat' dir='ltr'>incolumitatem</span> <span class='ocrx_word' id='word_1_664' title='bbox 1636 1636 1772 1671; x_wconf 83' lang='lat' dir='ltr'>vestram</span> <span class='ocrx_word' id='word_1_665' title='bbox 1786 1636 1819 1670; x_wconf 92' lang='lat' dir='ltr'>in</span> <span class='ocrx_word' id='word_1_666' title='bbox 1831 1646 1978 1680; x_wconf 89' lang='lat' dir='ltr'>tempora</span> <span class='ocrx_word' id='word_1_667' title='bbox 1989 1635 2069 1669; x_wconf 78' lang='lat' dir='ltr'>lon·-</span> 
     </span>
     <span class='ocr_line' id='line_1_98' title="bbox 1123 1682 2054 1730; baseline 0.001 -11"><span class='ocrx_word' id='word_1_668' title='bbox 1123 1696 1165 1730; x_wconf 88' lang='lat' dir='ltr'>ga</span> <span class='ocrx_word' id='word_1_669' title='bbox 1177 1685 1210 1719; x_wconf 90' lang='lat'>&amp;</span> <span class='ocrx_word' id='word_1_670' title='bbox 1221 1685 1290 1718; x_wconf 85' lang='lat' dir='ltr'>laeta</span> <span class='ocrx_word' id='word_1_671' title='bbox 1303 1683 1455 1728; x_wconf 81' lang='lat' dir='ltr'>perducat</span> <span class='ocrx_word' id='word_1_672' title='bbox 1466 1707 1476 1723; x_wconf 90' lang='lat'><em>‚</em></span> <span class='ocrx_word' id='word_1_673' title='bbox 1503 1682 1697 1722; x_wconf 75' lang='lat' dir='ltr'>Charisiiine</span> <span class='ocrx_word' id='word_1_674' title='bbox 1710 1685 1806 1719; x_wconf 85' lang='lat' dir='ltr'>Pater</span> <span class='ocrx_word' id='word_1_675' title='bbox 1815 1687 1848 1720; x_wconf 77' lang='grc' dir='ltr'>δι</span> <span class='ocrx_word' id='word_1_676' title='bbox 1860 1687 2019 1721; x_wconf 84' lang='lat' dir='ltr'>Domine.</span> <span class='ocrx_word' id='word_1_677' title='bbox 2049 1699 2054 1714; x_wconf 73' lang='lat'>2</span> 
     </span>
    </p>
   </div>
   <div class='ocr_carea' id='block_1_15' title="bbox 1320 1779 1902 1819">
    <p class='ocr_par' dir='ltr' id='par_1_17' title="bbox 1320 1779 1902 1819">
     <span class='ocr_line' id='line_1_99' title="bbox 1320 1779 1902 1819; baseline 0.009 -6"><span class='ocrx_word' id='word_1_678' title='bbox 1320 1779 1734 1818; x_wconf 82' lang='lat' dir='ltr'>EPISTOLA</span> <span class='ocrx_word' id='word_1_679' title='bbox 1838 1784 1902 1819; x_wconf 88' lang='lat' dir='ltr'>Ll.</span> 
     </span>
    </p>
   </div>
   <div class='ocr_carea' id='block_1_16' title="bbox 1275 1881 2057 1926">
    <p class='ocr_par' dir='ltr' id='par_1_18' title="bbox 1275 1881 2057 1926">
     <span class='ocr_line' id='line_1_100' title="bbox 1275 1881 2057 1926; baseline 0.006 -13"><span class='ocrx_word' id='word_1_680' title='bbox 1275 1881 1448 1914; x_wconf 79' lang='lat' dir='ltr'>Alexandro</span> <span class='ocrx_word' id='word_1_681' title='bbox 1475 1884 1570 1924; x_wconf 82' lang='lat' dir='ltr'>Paepae</span> <span class='ocrx_word' id='word_1_682' title='bbox 1597 1881 1699 1916; x_wconf 66' lang='lat' dir='ltr'>abbas</span> <span class='ocrx_word' id='word_1_683' title='bbox 1727 1883 1913 1926; x_wconf 75' lang='lat' dir='ltr'>Ramefienst‘s</span> <span class='ocrx_word' id='word_1_684' title='bbox 1931 1911 1938 1917; x_wconf 88' lang='lat'><em>.</em></span> <span class='ocrx_word' id='word_1_685' title='bbox 1994 1908 1997 1910; x_wconf 89' lang='lat'>-</span> <span class='ocrx_word' id='word_1_686' title='bbox 2055 1896 2057 1912; x_wconf 79' lang='lat'>1</span> 
     </span>
    </p>
   </div>
   <div class='ocr_carea' id='block_1_17' title="bbox 1130 1980 2077 3421">
    <p class='ocr_par' dir='ltr' id='par_1_19' title="bbox 1224 1980 2075 2125">
     <span class='ocr_line' id='line_1_101' title="bbox 1224 1980 2071 2029; baseline 0.011 -16"><span class='ocrx_word' id='word_1_687' title='bbox 1224 1980 1407 2017; x_wconf 85' lang='lat' dir='ltr'><strong>UOTIES</strong></span> <span class='ocrx_word' id='word_1_688' title='bbox 1434 1982 1568 2023; x_wconf 85' lang='lat' dir='ltr'>optimis</span> <span class='ocrx_word' id='word_1_689' title='bbox 1579 1982 1655 2017; x_wconf 90' lang='lat' dir='ltr'>viris</span> <span class='ocrx_word' id='word_1_690' title='bbox 1667 1982 1853 2021; x_wconf 85' lang='lat' dir='ltr'>testimonia</span> <span class='ocrx_word' id='word_1_691' title='bbox 1869 1987 2071 2029; x_wconf 85' lang='lat' dir='ltr'>deferuntur,</span> 
     </span>
     <span class='ocr_line' id='line_1_102' title="bbox 1248 2030 2072 2074; baseline 0.012 -11"><span class='ocrx_word' id='word_1_692' title='bbox 1248 2030 1366 2074; x_wconf 89' lang='lat' dir='ltr'>absque</span> <span class='ocrx_word' id='word_1_693' title='bbox 1376 2032 1566 2066; x_wconf 74' lang='lat' dir='ltr'>retrafflone</span> <span class='ocrx_word' id='word_1_694' title='bbox 1576 2032 1609 2065; x_wconf 76' lang='grc' dir='ltr'>δε</span> <span class='ocrx_word' id='word_1_695' title='bbox 1620 2035 1822 2070; x_wconf 78' lang='lat' dir='ltr'>offendiculo</span> <span class='ocrx_word' id='word_1_696' title='bbox 1844 2037 1983 2071; x_wconf 86' lang='lat' dir='ltr'>decurrit</span> <span class='ocrx_word' id='word_1_697' title='bbox 2004 2046 2072 2072; x_wconf 80' lang='lat' dir='ltr'>ora·</span> 
     </span>
     <span class='ocr_line' id='line_1_103' title="bbox 1252 2081 2075 2125; baseline 0.01 -11"><span class='ocrx_word' id='word_1_698' title='bbox 1252 2082 1322 2121; x_wconf 89' lang='lat' dir='ltr'>tio,</span> <span class='ocrx_word' id='word_1_699' title='bbox 1349 2081 1425 2115; x_wconf 77' lang='lat' dir='ltr'>cum</span> <span class='ocrx_word' id='word_1_700' title='bbox 1439 2083 1561 2125; x_wconf 88' lang='lat' dir='ltr'>semper</span> <span class='ocrx_word' id='word_1_701' title='bbox 1572 2095 1685 2118; x_wconf 87' lang='lat' dir='ltr'>eorum</span> <span class='ocrx_word' id='word_1_702' title='bbox 1696 2085 1732 2118; x_wconf 78' lang='lat' dir='ltr'>sit</span> <span class='ocrx_word' id='word_1_703' title='bbox 1743 2081 2075 2121; x_wconf 84' lang='lat' dir='ltr'>commendatioirre-</span> 
     </span>
    </p>

    <p class='ocr_par' dir='ltr' id='par_1_20' title="bbox 1130 2131 2074 2175">
     <span class='ocr_line' id='line_1_104' title="bbox 1130 2131 2074 2175; baseline 0.01 -12"><span class='ocrx_word' id='word_1_704' title='bbox 1130 2131 1317 2175; x_wconf 81' lang='lat' dir='ltr'>fragabilis,</span> <span class='ocrx_word' id='word_1_705' title='bbox 1331 2140 1434 2175; x_wconf 59' lang='lat' dir='ltr'>squos</span> <span class='ocrx_word' id='word_1_706' title='bbox 1456 2135 1644 2167; x_wconf 89' lang='lat' dir='ltr'>eommunis</span> <span class='ocrx_word' id='word_1_707' title='bbox 1665 2135 1761 2168; x_wconf 86' lang='lat' dir='ltr'>habet</span> <span class='ocrx_word' id='word_1_708' title='bbox 1788 2138 1958 2171; x_wconf 86' lang='lat' dir='ltr'>aestimatio</span> <span class='ocrx_word' id='word_1_709' title='bbox 1980 2144 2074 2171; x_wconf 85' lang='lat' dir='ltr'>com-</span> 
     </span>
    </p>

    <p class='ocr_par' dir='ltr' id='par_1_21' title="bbox 1130 2181 2077 2629">
     <span class='ocr_line' id='line_1_105' title="bbox 1131 2181 2077 2222; baseline 0.008 -9"><span class='ocrx_word' id='word_1_710' title='bbox 1131 2181 1302 2214; x_wconf 87' lang='lat' dir='ltr'>mendatos</span> <span class='ocrx_word' id='word_1_711' title='bbox 1315 2205 1322 2212; x_wconf 87' lang='lat'><strong>.</strong></span> <span class='ocrx_word' id='word_1_712' title='bbox 1347 2181 1553 2217; x_wconf 83' lang='lat' dir='ltr'>Venerabilis</span> <span class='ocrx_word' id='word_1_713' title='bbox 1563 2183 1659 2219; x_wconf 87' lang='lat' dir='ltr'>Pater</span> <span class='ocrx_word' id='word_1_714' title='bbox 1666 2186 1775 2221; x_wconf 79' lang='lat' dir='ltr'>noster</span> <span class='ocrx_word' id='word_1_715' title='bbox 1786 2186 1974 2222; x_wconf 83' lang='lat' dir='ltr'>Gilebertus</span> <span class='ocrx_word' id='word_1_716' title='bbox 1987 2183 2077 2221; x_wconf 83' lang='lat' dir='ltr'>Lon-</span> 
     </span>
     <span class='ocr_line' id='line_1_106' title="bbox 1130 2229 2077 2281; baseline 0.007 -18"><span class='ocrx_word' id='word_1_717' title='bbox 1130 2229 1295 2263; x_wconf 86' lang='lat' dir='ltr'>doniensis</span> <span class='ocrx_word' id='word_1_718' title='bbox 1307 2229 1510 2273; x_wconf 81' lang='lat' dir='ltr'>Episcopus,</span> <span class='ocrx_word' id='word_1_719' title='bbox 1538 2233 1586 2266; x_wconf 87' lang='lat' dir='ltr'>vir</span> <span class='ocrx_word' id='word_1_720' title='bbox 1596 2235 1767 2271; x_wconf 87' lang='lat' dir='ltr'>meritis&amp;</span> <span class='ocrx_word' id='word_1_721' title='bbox 1789 2238 1926 2272; x_wconf 88' lang='lat' dir='ltr'>nomine</span> <span class='ocrx_word' id='word_1_722' title='bbox 1948 2238 2077 2281; x_wconf 85' lang='lat' dir='ltr'>conspi-</span> 
     </span>
     <span class='ocr_line' id='line_1_107' title="bbox 1132 2279 2076 2332; baseline 0.01 -19"><span class='ocrx_word' id='word_1_723' title='bbox 1132 2290 1233 2318; x_wconf 90' lang='lat' dir='ltr'>cuus,</span> <span class='ocrx_word' id='word_1_724' title='bbox 1271 2279 1355 2312; x_wconf 86' lang='lat' dir='ltr'>inter</span> <span class='ocrx_word' id='word_1_725' title='bbox 1375 2280 1492 2313; x_wconf 65' lang='lat' dir='ltr'>elestas</span> <span class='ocrx_word' id='word_1_726' title='bbox 1514 2291 1602 2315; x_wconf 82' lang='lat' dir='ltr'>terrae</span> <span class='ocrx_word' id='word_1_727' title='bbox 1622 2286 1737 2320; x_wconf 82' lang='lat' dir='ltr'>nostrae</span> <span class='ocrx_word' id='word_1_728' title='bbox 1760 2289 1912 2328; x_wconf 82' lang='lat' dir='ltr'>personas</span> <span class='ocrx_word' id='word_1_729' title='bbox 1931 2288 2076 2332; x_wconf 89' lang='lat' dir='ltr'>quadam</span> 
     </span>
     <span class='ocr_line' id='line_1_108' title="bbox 1133 2327 2074 2386; baseline 0.01 -25"><span class='ocrx_word' id='word_1_730' title='bbox 1133 2327 1343 2374; x_wconf 77' lang='lat' dir='ltr'>praerogativa</span> <span class='ocrx_word' id='word_1_731' title='bbox 1366 2328 1522 2364; x_wconf 84' lang='lat' dir='ltr'>virtutum</span> <span class='ocrx_word' id='word_1_732' title='bbox 1547 2332 1719 2377; x_wconf 86' lang='lat' dir='ltr'>insigniter</span> <span class='ocrx_word' id='word_1_733' title='bbox 1739 2335 1892 2371; x_wconf 88' lang='lat' dir='ltr'>elucescit</span> <span class='ocrx_word' id='word_1_734' title='bbox 1905 2347 1919 2369; x_wconf 69' lang='grc'>.’</span> <span class='ocrx_word' id='word_1_735' title='bbox 1939 2338 2074 2386; x_wconf 74' lang='lat' dir='ltr'>Qippe</span> 
     </span>
     <span class='ocr_line' id='line_1_109' title="bbox 1134 2378 2074 2431; baseline 0.01 -18"><span class='ocrx_word' id='word_1_736' title='bbox 1134 2380 1191 2423; x_wconf 92' lang='lat' dir='ltr'>qui</span> <span class='ocrx_word' id='word_1_737' title='bbox 1205 2378 1343 2414; x_wconf 75' lang='lat' dir='ltr'>saeculari</span> <span class='ocrx_word' id='word_1_738' title='bbox 1371 2379 1697 2428; x_wconf 87' lang='lat' dir='ltr'>litteratura&amp;Lege</span> <span class='ocrx_word' id='word_1_739' title='bbox 1714 2385 1838 2419; x_wconf 82' lang='lat' dir='ltr'>Divina</span> <span class='ocrx_word' id='word_1_740' title='bbox 1862 2388 1903 2420; x_wconf 88' lang='lat' dir='ltr'>ad</span> <span class='ocrx_word' id='word_1_741' title='bbox 1927 2398 2074 2431; x_wconf 88' lang='lat' dir='ltr'>unguem</span> 
     </span>
     <span class='ocr_line' id='line_1_110' title="bbox 1135 2429 2077 2477; baseline 0.01 -16"><span class='ocrx_word' id='word_1_742' title='bbox 1135 2429 1324 2469; x_wconf 86' lang='lat' dir='ltr'>institutus,</span> <span class='ocrx_word' id='word_1_743' title='bbox 1350 2430 1491 2473; x_wconf 87' lang='lat' dir='ltr'>singulos</span> <span class='ocrx_word' id='word_1_744' title='bbox 1504 2431 1568 2464; x_wconf 76' lang='lat' dir='ltr'>fere</span> <span class='ocrx_word' id='word_1_745' title='bbox 1589 2443 1655 2465; x_wconf 88' lang='lat' dir='ltr'>tam</span> <span class='ocrx_word' id='word_1_746' title='bbox 1683 2434 1871 2477; x_wconf 86' lang='lat' dir='ltr'>Religionis</span> <span class='ocrx_word' id='word_1_747' title='bbox 1895 2436 1991 2477; x_wconf 71' lang='lat' dir='ltr'>quam</span> <span class='ocrx_word' id='word_1_748' title='bbox 2015 2437 2077 2471; x_wconf 87' lang='lat' dir='ltr'>Ec·</span> 
     </span>
     <span class='ocr_line' id='line_1_111' title="bbox 1133 2479 2074 2529; baseline 0.006 -16"><span class='ocrx_word' id='word_1_749' title='bbox 1133 2479 1299 2513; x_wconf 85' lang='lat' dir='ltr'>clesiastici</span> <span class='ocrx_word' id='word_1_750' title='bbox 1325 2479 1451 2513; x_wconf 88' lang='lat' dir='ltr'>ordinis</span> <span class='ocrx_word' id='word_1_751' title='bbox 1478 2481 1510 2513; x_wconf 87' lang='lat'>&amp;</span> <span class='ocrx_word' id='word_1_752' title='bbox 1537 2479 1709 2523; x_wconf 89' lang='lat' dir='ltr'>dignitatis</span> <span class='ocrx_word' id='word_1_753' title='bbox 1724 2484 1844 2526; x_wconf 85' lang='lat' dir='ltr'>gradus</span> <span class='ocrx_word' id='word_1_754' title='bbox 1871 2485 2014 2529; x_wconf 76' lang='lat' dir='ltr'>attigisse</span> <span class='ocrx_word' id='word_1_755' title='bbox 2038 2486 2074 2520; x_wconf 74' lang='grc' dir='ltr'>δε</span> 
     </span>
     <span class='ocr_line' id='line_1_112' title="bbox 1134 2530 2074 2580; baseline 0.006 -17"><span class='ocrx_word' id='word_1_756' title='bbox 1134 2530 1356 2564; x_wconf 71' lang='lat' dir='ltr'>conscendisse</span> <span class='ocrx_word' id='word_1_757' title='bbox 1367 2530 1589 2573; x_wconf 84' lang='lat' dir='ltr'>dignoscitur,</span> <span class='ocrx_word' id='word_1_758' title='bbox 1618 2531 1845 2576; x_wconf 85' lang='lat' dir='ltr'>pastoralisque</span> <span class='ocrx_word' id='word_1_759' title='bbox 1858 2545 1968 2570; x_wconf 86' lang='lat' dir='ltr'>curam</span> <span class='ocrx_word' id='word_1_760' title='bbox 1993 2534 2074 2580; x_wconf 82' lang='lat' dir='ltr'>regi-</span> 
     </span>
     <span class='ocr_line' id='line_1_113' title="bbox 1135 2577 2074 2629; baseline 0.006 -16"><span class='ocrx_word' id='word_1_761' title='bbox 1135 2581 1234 2613; x_wconf 83' lang='lat' dir='ltr'>minis</span> <span class='ocrx_word' id='word_1_762' title='bbox 1244 2580 1384 2613; x_wconf 88' lang='lat' dir='ltr'>fideliter</span> <span class='ocrx_word' id='word_1_763' title='bbox 1395 2577 1630 2621; x_wconf 88' lang='lat' dir='ltr'>prudenterque</span> <span class='ocrx_word' id='word_1_764' title='bbox 1639 2580 1823 2624; x_wconf 86' lang='lat' dir='ltr'>dispensans</span> <span class='ocrx_word' id='word_1_765' title='bbox 1835 2608 1847 2624; x_wconf 91' lang='lat'><em>‚</em></span> <span class='ocrx_word' id='word_1_766' title='bbox 1874 2585 1976 2629; x_wconf 90' lang='lat' dir='ltr'>digna</span> <span class='ocrx_word' id='word_1_767' title='bbox 1998 2585 2074 2620; x_wconf 80' lang='lat' dir='ltr'>satis</span> 
     </span>
    </p>

    <p class='ocr_par' dir='ltr' id='par_1_22' title="bbox 1137 2628 2074 2674">
     <span class='ocr_line' id='line_1_114' title="bbox 1137 2628 2074 2674; baseline 0.007 -12"><span class='ocrx_word' id='word_1_768' title='bbox 1137 2631 1342 2673; x_wconf 85' lang='lat' dir='ltr'>promotione</span> <span class='ocrx_word' id='word_1_769' title='bbox 1353 2629 1394 2662; x_wconf 88' lang='lat' dir='ltr'>de</span> <span class='ocrx_word' id='word_1_770' title='bbox 1406 2628 1613 2663; x_wconf 87' lang='lat' dir='ltr'>Monasterio</span> <span class='ocrx_word' id='word_1_771' title='bbox 1624 2632 1770 2665; x_wconf 81' lang='lat' dir='ltr'>transivit</span> <span class='ocrx_word' id='word_1_772' title='bbox 1783 2634 1823 2667; x_wconf 88' lang='lat' dir='ltr'>ad</span> <span class='ocrx_word' id='word_1_773' title='bbox 1835 2632 2035 2669; x_wconf 82' lang='lat' dir='ltr'>Cath&#39;edram</span> <span class='ocrx_word' id='word_1_774' title='bbox 2063 2658 2074 2674; x_wconf 92' lang='lat'><strong>,</strong></span> 
     </span>
    </p>

    <p class='ocr_par' dir='ltr' id='par_1_23' title="bbox 1136 2676 2074 2723">
     <span class='ocr_line' id='line_1_115' title="bbox 1136 2676 2074 2723; baseline 0.006 -10"><span class='ocrx_word' id='word_1_775' title='bbox 1136 2680 1241 2723; x_wconf 87' lang='lat' dir='ltr'>primo</span> <span class='ocrx_word' id='word_1_776' title='bbox 1263 2676 1554 2718; x_wconf 85' lang='lat' dir='ltr'>Herefordensem‚</span> <span class='ocrx_word' id='word_1_777' title='bbox 1582 2679 1788 2722; x_wconf 76' lang='lat' dir='ltr'>postmodum</span> <span class='ocrx_word' id='word_1_778' title='bbox 1812 2684 1914 2718; x_wconf 83' lang='lat' dir='ltr'>vestra</span> <span class='ocrx_word' id='word_1_779' title='bbox 1937 2683 2074 2719; x_wconf 85' lang='lat' dir='ltr'>interve-</span> 
     </span>
    </p>

    <p class='ocr_par' dir='ltr' id='par_1_24' title="bbox 1135 2727 2074 2873">
     <span class='ocr_line' id='line_1_116' title="bbox 1137 2727 2073 2778; baseline 0.006 -15"><span class='ocrx_word' id='word_1_780' title='bbox 1137 2730 1245 2763; x_wconf 87' lang='lat' dir='ltr'>niente</span> <span class='ocrx_word' id='word_1_781' title='bbox 1269 2727 1467 2761; x_wconf 85' lang='lat' dir='ltr'>authoritate</span> <span class='ocrx_word' id='word_1_782' title='bbox 1489 2729 1757 2765; x_wconf 85' lang='lat' dir='ltr'>Londoniensem</span> <span class='ocrx_word' id='word_1_783' title='bbox 1772 2756 1783 2772; x_wconf 88' lang='lat'>‚</span> <span class='ocrx_word' id='word_1_784' title='bbox 1811 2743 1982 2778; x_wconf 89' lang='lat' dir='ltr'>utramque</span> <span class='ocrx_word' id='word_1_785' title='bbox 2004 2736 2073 2769; x_wconf 87' lang='lat' dir='ltr'>vita</span> 
     </span>
     <span class='ocr_line' id='line_1_117' title="bbox 1135 2777 2074 2829; baseline 0.004 -16"><span class='ocrx_word' id='word_1_786' title='bbox 1135 2781 1251 2822; x_wconf 88' lang='lat' dir='ltr'>pariter</span> <span class='ocrx_word' id='word_1_787' title='bbox 1273 2779 1305 2811; x_wconf 76' lang='grc' dir='ltr'>δι</span> <span class='ocrx_word' id='word_1_788' title='bbox 1328 2777 1472 2812; x_wconf 71' lang='grc' dir='ltr'>ἀοέὶι-ὶηι</span> <span class='ocrx_word' id='word_1_789' title='bbox 1495 2779 1657 2814; x_wconf 86' lang='lat' dir='ltr'>illustrans</span> <span class='ocrx_word' id='word_1_790' title='bbox 1673 2783 1708 2819; x_wconf 77' lang='lat' dir='ltr'>&lt;Sc</span> <span class='ocrx_word' id='word_1_791' title='bbox 1733 2781 1898 2818; x_wconf 83' lang='lat' dir='ltr'>honorans</span> <span class='ocrx_word' id='word_1_792' title='bbox 1921 2810 1927 2816; x_wconf 93' lang='lat'><strong>.</strong></span> <span class='ocrx_word' id='word_1_793' title='bbox 1956 2784 2074 2829; x_wconf 75' lang='lat' dir='ltr'>Longe</span> 
     </span>
     <span class='ocr_line' id='line_1_118' title="bbox 1135 2827 2073 2873; baseline 0.009 -12"><span class='ocrx_word' id='word_1_794' title='bbox 1135 2829 1171 2862; x_wconf 87' lang='lat' dir='ltr'>sit</span> <span class='ocrx_word' id='word_1_795' title='bbox 1185 2827 1319 2871; x_wconf 74' lang='lat' dir='ltr'>itaquea</span> <span class='ocrx_word' id='word_1_796' title='bbox 1337 2838 1402 2860; x_wconf 85' lang='lat' dir='ltr'>tam</span> <span class='ocrx_word' id='word_1_797' title='bbox 1417 2829 1599 2871; x_wconf 86' lang='lat' dir='ltr'>conspicuae</span> <span class='ocrx_word' id='word_1_798' title='bbox 1621 2831 1814 2873; x_wconf 89' lang='lat' dir='ltr'>probitatis,</span> <span class='ocrx_word' id='word_1_799' title='bbox 1841 2844 1909 2868; x_wconf 87' lang='lat' dir='ltr'>tam</span> <span class='ocrx_word' id='word_1_800' title='bbox 1934 2834 2073 2869; x_wconf 75' lang='lat' dir='ltr'>elimata:</span> 
     </span>
    </p>

    <p class='ocr_par' dir='ltr' id='par_1_25' title="bbox 1136 2878 2074 2928">
     <span class='ocr_line' id='line_1_119' title="bbox 1136 2878 2074 2928; baseline 0.007 -16"><span class='ocrx_word' id='word_1_801' title='bbox 1136 2879 1323 2922; x_wconf 87' lang='lat' dir='ltr'>Religionis</span> <span class='ocrx_word' id='word_1_802' title='bbox 1333 2878 1405 2911; x_wconf 91' lang='lat' dir='ltr'>viro</span> <span class='ocrx_word' id='word_1_803' title='bbox 1417 2879 1537 2921; x_wconf 87' lang='lat' dir='ltr'>quaevis</span> <span class='ocrx_word' id='word_1_804' title='bbox 1552 2879 1671 2914; x_wconf 83' lang='lat' dir='ltr'>sinistra</span> <span class='ocrx_word' id='word_1_805' title='bbox 1685 2883 1822 2925; x_wconf 89' lang='lat' dir='ltr'>suspicio</span> <span class='ocrx_word' id='word_1_806' title='bbox 1838 2897 1845 2916; x_wconf 80' lang='lat' dir='ltr'>z</span> <span class='ocrx_word' id='word_1_807' title='bbox 1869 2886 1991 2928; x_wconf 84' lang='lat' dir='ltr'>fiatque</span> <span class='ocrx_word' id='word_1_808' title='bbox 2004 2896 2074 2928; x_wconf 87' lang='lat' dir='ltr'>pro·</span> 
     </span>
    </p>

    <p class='ocr_par' dir='ltr' id='par_1_26' title="bbox 1135 2927 2072 2977">
     <span class='ocr_line' id='line_1_120' title="bbox 1135 2927 2072 2977; baseline 0.004 -15"><span class='ocrx_word' id='word_1_809' title='bbox 1135 2929 1212 2962; x_wconf 71' lang='lat' dir='ltr'>cula</span> <span class='ocrx_word' id='word_1_810' title='bbox 1226 2927 1340 2961; x_wconf 71' lang='lat' dir='ltr'>sanffis</span> <span class='ocrx_word' id='word_1_811' title='bbox 1363 2927 1495 2962; x_wconf 90' lang='lat' dir='ltr'>auribus</span> <span class='ocrx_word' id='word_1_812' title='bbox 1508 2930 1619 2964; x_wconf 81' lang='lat' dir='ltr'>vestris</span> <span class='ocrx_word' id='word_1_813' title='bbox 1641 2930 1681 2964; x_wconf 89' lang='lat' dir='ltr'>de</span> <span class='ocrx_word' id='word_1_814' title='bbox 1698 2944 1736 2966; x_wconf 91' lang='lat' dir='ltr'>eo</span> <span class='ocrx_word' id='word_1_815' title='bbox 1757 2943 1811 2966; x_wconf 86' lang='lat' dir='ltr'>aut</span> <span class='ocrx_word' id='word_1_816' title='bbox 1833 2935 1985 2977; x_wconf 88' lang='lat' dir='ltr'>operibus</span> <span class='ocrx_word' id='word_1_817' title='bbox 2004 2934 2072 2975; x_wconf 81' lang='lat' dir='ltr'>&#39;ejus</span> 
     </span>
    </p>

    <p class='ocr_par' dir='ltr' id='par_1_27' title="bbox 1134 2978 2070 3030">
     <span class='ocr_line' id='line_1_121' title="bbox 1134 2978 2070 3030; baseline 0.006 -19"><span class='ocrx_word' id='word_1_818' title='bbox 1134 2978 1353 3022; x_wconf 86' lang='lat' dir='ltr'>quorumlibet</span> <span class='ocrx_word' id='word_1_819' title='bbox 1385 2979 1536 3013; x_wconf 85' lang='lat' dir='ltr'>malefida</span> <span class='ocrx_word' id='word_1_820' title='bbox 1564 2980 1785 3024; x_wconf 78' lang='lat' dir='ltr'>interpretatio</span> <span class='ocrx_word' id='word_1_821' title='bbox 1814 3009 1822 3015; x_wconf 90' lang='lat'><strong><em>.</em></strong></span> <span class='ocrx_word' id='word_1_822' title='bbox 1864 2984 1947 3030; x_wconf 83' lang='lat' dir='ltr'>Qis</span> <span class='ocrx_word' id='word_1_823' title='bbox 1980 2985 2070 3017; x_wconf 89' lang='lat' dir='ltr'>enim</span> 
     </span>
    </p>

    <p class='ocr_par' dir='ltr' id='par_1_28' title="bbox 1133 3028 2068 3077">
     <span class='ocr_line' id='line_1_122' title="bbox 1133 3028 2068 3077; baseline 0.006 -16"><span class='ocrx_word' id='word_1_824' title='bbox 1133 3029 1240 3062; x_wconf 91' lang='lat' dir='ltr'>credat</span> <span class='ocrx_word' id='word_1_825' title='bbox 1263 3028 1367 3061; x_wconf 88' lang='lat' dir='ltr'>virum</span> <span class='ocrx_word' id='word_1_826' title='bbox 1396 3028 1520 3062; x_wconf 87' lang='lat' dir='ltr'>bonum</span> <span class='ocrx_word' id='word_1_827' title='bbox 1543 3054 1552 3069; x_wconf 87' lang='lat'><strong><em>‚</em></strong></span> <span class='ocrx_word' id='word_1_828' title='bbox 1581 3029 1753 3065; x_wconf 83' lang='lat' dir='ltr'>honestum</span> <span class='ocrx_word' id='word_1_829' title='bbox 1791 3056 1800 3071; x_wconf 91' lang='lat'>‚</span> <span class='ocrx_word' id='word_1_830' title='bbox 1828 3034 2032 3077; x_wconf 87' lang='lat' dir='ltr'>Religiosum</span> <span class='ocrx_word' id='word_1_831' title='bbox 2057 3056 2068 3072; x_wconf 92' lang='lat'><strong><em>,</em></strong></span> 
     </span>
    </p>

    <p class='ocr_par' dir='ltr' id='par_1_29' title="bbox 1135 3076 2067 3126">
     <span class='ocr_line' id='line_1_123' title="bbox 1135 3076 2067 3126; baseline 0.005 -16"><span class='ocrx_word' id='word_1_832' title='bbox 1135 3078 1245 3118; x_wconf 92' lang='lat' dir='ltr'>bono,</span> <span class='ocrx_word' id='word_1_833' title='bbox 1273 3076 1412 3111; x_wconf 83' lang='lat' dir='ltr'>honesto</span> <span class='ocrx_word' id='word_1_834' title='bbox 1434 3103 1444 3119; x_wconf 90' lang='lat'>‚</span> <span class='ocrx_word' id='word_1_835' title='bbox 1471 3080 1668 3122; x_wconf 85' lang='lat' dir='ltr'>Religioso,</span> <span class='ocrx_word' id='word_1_836' title='bbox 1696 3083 1747 3115; x_wconf 91' lang='lat' dir='ltr'>vel</span> <span class='ocrx_word' id='word_1_837' title='bbox 1772 3083 1804 3115; x_wconf 90' lang='lat' dir='ltr'>in</span> <span class='ocrx_word' id='word_1_838' title='bbox 1827 3083 1957 3117; x_wconf 87' lang='lat' dir='ltr'>modico</span> <span class='ocrx_word' id='word_1_839' title='bbox 1976 3084 2067 3126; x_wconf 85' lang='lat' dir='ltr'>juxta</span> 
     </span>
    </p>

    <p class='ocr_par' dir='ltr' id='par_1_30' title="bbox 1133 3127 2067 3176">
     <span class='ocr_line' id='line_1_124' title="bbox 1133 3127 2067 3176; baseline 0.001 -14"><span class='ocrx_word' id='word_1_840' title='bbox 1133 3127 1370 3163; x_wconf 87' lang='lat' dir='ltr'>conscientiam</span> <span class='ocrx_word' id='word_1_841' title='bbox 1388 3130 1477 3163; x_wconf 89' lang='lat' dir='ltr'>suam</span> <span class='ocrx_word' id='word_1_842' title='bbox 1506 3130 1649 3162; x_wconf 73' lang='lat' dir='ltr'>nocuisse</span> <span class='ocrx_word' id='word_1_843' title='bbox 1673 3132 1685 3162; x_wconf 67' lang='grc' dir='ltr'><em>ἓ</em></span> <span class='ocrx_word' id='word_1_844' title='bbox 1724 3132 1923 3176; x_wconf 85' lang='lat' dir='ltr'>Episcopum</span> <span class='ocrx_word' id='word_1_845' title='bbox 1948 3131 2067 3165; x_wconf 86' lang='lat' dir='ltr'>Archi-</span> 
     </span>
    </p>

    <p class='ocr_par' dir='ltr' id='par_1_31' title="bbox 1134 3178 2067 3225">
     <span class='ocr_line' id='line_1_125' title="bbox 1134 3178 2067 3225; baseline 0 -12"><span class='ocrx_word' id='word_1_846' title='bbox 1134 3179 1322 3222; x_wconf 87' lang='lat' dir='ltr'>Episcopo,</span> <span class='ocrx_word' id='word_1_847' title='bbox 1345 3178 1451 3212; x_wconf 86' lang='lat' dir='ltr'>filium</span> <span class='ocrx_word' id='word_1_848' title='bbox 1487 3178 1599 3212; x_wconf 86' lang='lat' dir='ltr'>Patri?</span> <span class='ocrx_word' id='word_1_849' title='bbox 1624 3179 1795 3225; x_wconf 74' lang='lat' dir='ltr'>Qantum</span> <span class='ocrx_word' id='word_1_850' title='bbox 1833 3184 1982 3216; x_wconf 79' lang='lat' dir='ltr'>aestimare</span> <span class='ocrx_word' id='word_1_851' title='bbox 2009 3192 2067 3223; x_wconf 87' lang='lat' dir='ltr'>pro</span> 
     </span>
    </p>

    <p class='ocr_par' dir='ltr' id='par_1_32' title="bbox 1131 3227 2064 3271">
     <span class='ocr_line' id='line_1_126' title="bbox 1131 3227 2064 3271; baseline 0 -9"><span class='ocrx_word' id='word_1_852' title='bbox 1131 3239 1219 3262; x_wconf 90' lang='lat' dir='ltr'>certo</span> <span class='ocrx_word' id='word_1_853' title='bbox 1232 3229 1397 3271; x_wconf 77' lang='lat' dir='ltr'>possumus</span> <span class='ocrx_word' id='word_1_854' title='bbox 1408 3240 1448 3262; x_wconf 90' lang='lat' dir='ltr'>ex</span> <span class='ocrx_word' id='word_1_855' title='bbox 1462 3227 1532 3266; x_wconf 79' lang='lat' dir='ltr'>h&#39;is,</span> <span class='ocrx_word' id='word_1_856' title='bbox 1560 3239 1629 3270; x_wconf 86' lang='lat' dir='ltr'>quae</span> <span class='ocrx_word' id='word_1_857' title='bbox 1640 3230 1868 3265; x_wconf 88' lang='lat' dir='ltr'>audivimus&amp;</span> <span class='ocrx_word' id='word_1_858' title='bbox 1890 3231 2027 3264; x_wconf 84' lang='lat' dir='ltr'>vidimus</span> <span class='ocrx_word' id='word_1_859' title='bbox 2054 3253 2064 3268; x_wconf 91' lang='lat'>,</span> 
     </span>
    </p>

    <p class='ocr_par' dir='ltr' id='par_1_33' title="bbox 1131 3278 2063 3323">
     <span class='ocr_line' id='line_1_127' title="bbox 1131 3278 2063 3323; baseline 0.001 -11"><span class='ocrx_word' id='word_1_860' title='bbox 1131 3289 1171 3312; x_wconf 86' lang='lat' dir='ltr'>ex</span> <span class='ocrx_word' id='word_1_861' title='bbox 1194 3278 1380 3312; x_wconf 89' lang='lat' dir='ltr'>indubitato</span> <span class='ocrx_word' id='word_1_862' title='bbox 1402 3278 1499 3310; x_wconf 88' lang='lat' dir='ltr'>etiam</span> <span class='ocrx_word' id='word_1_863' title='bbox 1520 3278 1662 3312; x_wconf 88' lang='lat' dir='ltr'>Domini</span> <span class='ocrx_word' id='word_1_864' title='bbox 1679 3282 1774 3314; x_wconf 78' lang='lat' dir='ltr'>nostri</span> <span class='ocrx_word' id='word_1_865' title='bbox 1798 3281 1898 3323; x_wconf 83' lang='lat' dir='ltr'>Regis</span> <span class='ocrx_word' id='word_1_866' title='bbox 1919 3280 2063 3313; x_wconf 83' lang='lat' dir='ltr'>testimo-</span> 
     </span>
    </p>

    <p class='ocr_par' dir='ltr' id='par_1_34' title="bbox 1132 3326 2069 3421">
     <span class='ocr_line' id='line_1_128' title="bbox 1132 3326 2069 3372; baseline 0 -10"><span class='ocrx_word' id='word_1_867' title='bbox 1132 3329 1191 3362; x_wconf 88' lang='lat' dir='ltr'>nio</span> <span class='ocrx_word' id='word_1_868' title='bbox 1202 3352 1212 3368; x_wconf 94' lang='lat'>,</span> <span class='ocrx_word' id='word_1_869' title='bbox 1239 3338 1350 3370; x_wconf 86' lang='lat' dir='ltr'>pacem</span> <span class='ocrx_word' id='word_1_870' title='bbox 1366 3326 1556 3361; x_wconf 87' lang='lat' dir='ltr'>venerabilis</span> <span class='ocrx_word' id='word_1_871' title='bbox 1572 3328 1675 3362; x_wconf 77' lang='lat' dir='ltr'>Archi</span> <span class='ocrx_word' id='word_1_872' title='bbox 1689 3349 1700 3354; x_wconf 90' lang='lat'>-</span> <span class='ocrx_word' id='word_1_873' title='bbox 1714 3329 1908 3372; x_wconf 88' lang='lat' dir='ltr'>Episcopi&amp;</span> <span class='ocrx_word' id='word_1_874' title='bbox 1923 3330 2069 3364; x_wconf 55' lang='lat' dir='ltr'>recent-i»</span> 
     </span>
     <span class='ocr_line' id='line_1_129' title="bbox 1132 3377 2067 3421; baseline 0.002 -11"><span class='ocrx_word' id='word_1_875' title='bbox 1132 3378 1300 3412; x_wconf 87' lang='lat' dir='ltr'>liationem</span> <span class='ocrx_word' id='word_1_876' title='bbox 1311 3387 1385 3419; x_wconf 89' lang='lat' dir='ltr'>erga</span> <span class='ocrx_word' id='word_1_877' title='bbox 1402 3377 1529 3421; x_wconf 87' lang='lat' dir='ltr'>Regem</span> <span class='ocrx_word' id='word_1_878' title='bbox 1544 3378 1645 3421; x_wconf 88' lang='lat' dir='ltr'>ipsum</span> <span class='ocrx_word' id='word_1_879' title='bbox 1658 3378 1797 3411; x_wconf 74' lang='lat' dir='ltr'>studiose</span> <span class='ocrx_word' id='word_1_880' title='bbox 1810 3379 1949 3420; x_wconf 79' lang='lat' dir='ltr'>quaesivit</span> <span class='ocrx_word' id='word_1_881' title='bbox 1960 3403 1971 3419; x_wconf 93' lang='lat'><strong>,</strong></span> <span class='ocrx_word' id='word_1_882' title='bbox 1983 3379 2067 3412; x_wconf 87' lang='lat' dir='ltr'>&amp;ad</span> 
     </span>
    </p>
   </div>
   <div class='ocr_carea' id='block_1_18' title="bbox 1113 3427 2068 3471">
    <p class='ocr_par' dir='ltr' id='par_1_35' title="bbox 1113 3427 2068 3471">
     <span class='ocr_line' id='line_1_130' title="bbox 1113 3427 2068 3471; baseline -0.002 -8"><span class='ocrx_word' id='word_1_883' title='bbox 1113 3465 1120 3471; x_wconf 22' lang='lat'>⁴⁴</span> <span class='ocrx_word' id='word_1_884' title='bbox 1131 3439 1203 3463; x_wconf 86' lang='lat' dir='ltr'>eam</span> <span class='ocrx_word' id='word_1_885' title='bbox 1215 3427 1390 3471; x_wconf 87' lang='lat' dir='ltr'>diligenter</span> <span class='ocrx_word' id='word_1_886' title='bbox 1402 3427 1565 3462; x_wconf 82' lang='lat' dir='ltr'>intendit.</span> <span class='ocrx_word' id='word_1_887' title='bbox 1591 3427 1716 3467; x_wconf 90' lang='lat' dir='ltr'>Siquid</span> <span class='ocrx_word' id='word_1_888' title='bbox 1744 3428 1950 3471; x_wconf 73' lang='lat' dir='ltr'>postmodum</span> <span class='ocrx_word' id='word_1_889' title='bbox 1975 3440 2068 3463; x_wconf 88' lang='lat' dir='ltr'>enor-</span> 
     </span>
    </p>
   </div>
   <div class='ocr_carea' id='block_1_19' title="bbox 1622 3476 2019 3514">
    <p class='ocr_par' dir='ltr' id='par_1_36' title="bbox 1622 3476 2019 3514">
     <span class='ocr_line' id='line_1_131' title="bbox 1622 3476 2019 3514; baseline 0.015 -5"><span class='ocrx_word' id='word_1_890' title='bbox 1622 3476 1651 3509; x_wconf 94' lang='lat' dir='ltr'>Z</span> <span class='ocrx_word' id='word_1_891' title='bbox 1702 3488 1723 3512; x_wconf 86' lang='lat'>2</span> <span class='ocrx_word' id='word_1_892' title='bbox 1924 3478 2019 3514; x_wconf 76' lang='lat' dir='ltr'>mitet</span> 
     </span>
    </p>
   </div>
  </div>
 </body>
</html>
