2358 3776
239 156 282 201 s.
353 140 751 200 THOMAE*
806 145 1742 200 CANTUARIENSIS.

74 239 115 275 to
137 236 263 275 uberior
284 237 417 272 debetur
435 239 559 284 gratia,
586 237 712 283 quanto
734 236 948 276 cumulatius,
973 236 1007 270 &

73 287 269 335 frequentius
280 289 320 323 ad
335 301 393 323 nec
410 290 562 323 meritum
575 300 634 323 nec
645 298 824 323 merentem
844 287 863 320 a
884 286 950 321 sola
961 286 1008 320 di-

74 340 144 374 vite.
151 349 230 372 vena
245 339 360 373 innatae
372 337 743 374 liberalitatis-Beneficia
766 338 986 381 processerunt
999 361 1006 369 .

74 388 135 423 Sed
155 388 242 423 unde
263 388 345 423 mihi
359 388 378 429 ,³
395 389 509 424 dileete
531 389 566 424 δε
586 388 679 423 omni
688 387 800 431 jure&
813 384 1008 421 meritodili-

74 436 202 484 grinde,
228 448 264 472 ut
285 438 485 474 humanitati
507 437 674 482 condigna
695 436 900 472 liberalitatis
920 447 1008 470 com·

74 489 266 532 pensatione
275 490 508 533 respondeam?
534 487 667 528 Exulo,
697 488 894 531 proscriptus
915 487 1008 527 sum,

72 540 235 580 expositus
270 540 447 583 paupertati
475 563 487 580 ,
522 537 769 572 coexulantium
795 536 880 571 mihi
906 537 1012 581 magis

73 589 172 632 quarn
190 588 556 632 propriisincommodis
565 599 703 633 urgeor,
729 588 763 622 δε
782 597 914 628 eorum,
944 598 1013 631 quae

74 637 112 672 in
128 639 279 682 pressuris
299 637 436 672 Ecclesia
448 637 513 671 Dei
525 638 662 681 patitur,
680 638 699 671 ὲ
723 649 777 672 me
794 636 878 671 nihil
898 646 1014 680 reputo

77 686 222 723 alienum
231 714 242 731 ‚
256 688 308 723 se‘d
321 688 355 722 in
365 687 521 723 omnibus
531 689 639 722 Deum
651 686 732 722 mihi
746 689 926 732 propitium
941 688 1014 721 sen-

77 738 152 779 tio,
174 739 267 782 cujus
278 739 421 773 muneris
430 738 496 779 est,
524 749 560 772 ut
580 739 719 772 exilium
741 748 800 780 pro
810 738 930 781 justitia
945 736 1015 771 sub·

76 800 149 822 eam
161 814 171 829 ‚
197 789 303 823 libens
315 789 461 832 rapinam
479 786 644 822 bonorum
666 797 814 822 meorum
837 798 895 831 pro
912 788 978 822 fide
1005 810 1016 827 ‚

77 838 101 872 (i
122 838 331 872 trecenarium
350 837 396 873 est
409 860 421 878 ,
446 836 594 882 gaudens
618 838 781 881 excipiam
794 862 805 879 ,
832 849 894 872 nec
915 848 1017 881 angu-

72 886 156 921 stias
172 887 306 921 timeam
319 908 331 928 ,
362 895 419 921 aut
440 885 624 921 erubescam
645 887 868 932 ignominiam
890 898 1018 931 pauper-

76 937 174 976 tatis,
198 936 419 980 discipulus&
432 937 588 981 professor
607 938 756 981 pauperis
780 937 927 979 Christi,
954 949 1019 971 cer-

77 985 180 1021 msab
191 986 286 1030 ipsius
296 986 442 1021 veritatis
462 987 622 1027 oraculo,
648 987 737 1032 quod
757 989 885 1022 tristitia
911 988 1020 1022 nostra

72 1036 265 1071 verteturin
277 1035 435 1081 gaudium
452 1062 459 1068 .
485 1037 610 1071 Fidelis
629 1038 720 1072 enim
746 1038 792 1072 est
804 1062 816 1079 ‚
841 1049 902 1072 nec
924 1038 1021 1081 parie-

78 1096 132 1120 tur
145 1086 288 1130 pupillos
298 1087 372 1120 su'os
383 1086 417 1120 &
427 1087 555 1130 pusillos
566 1088 685 1122 tentari
701 1090 791 1131 supra
805 1088 839 1123 id
851 1087 941 1130 quod
952 1089 1022 1132 pos-

78 1136 155 1170 sunt
167 1160 178 1176 ,
203 1135 257 1170 sed
269 1136 309 1170 ad
322 1136 462 1181 gloriam
474 1137 562 1171 suam
573 1137 671 1172 faciet
683 1163 695 1178 ,
719 1149 755 1172 ut
768 1138 943 1173 humilium
956 1148 1023 1172 ten·

82 1187 166 1220 tatio
175 1185 371 1220 cistranseat
391 1186 426 1220 in
447 1188 626 1230 profectum
640 1212 648 1219 .
673 1187 834 1222 CaeterUm
857 1189 945 1222 unde
966 1188 1023 1220 rni-

81 1233 119 1269 bi
141 1235 296 1275 interim,
321 1236 504 1270 amicorum
523 1236 727 1278 dukiffime,
754 1248 791 1270 ut
814 1249 875 1270 tuae
898 1237 1025 1278 respon-

80 1284 182 1320 deam
192 1283 400 1320 liberalitati?
415 1284 497 1319 Eam
510 1295 651 1328 namque
660 1280 860 1320 diffimulare
875 1297 943 1319 non
957 1286 1025 1327 pos·

78 1334 174 1374 ‘sium
191 1344 298 1376 vquam
310 1334 408 1367 toties
417 1345 565 1378 expertus
588 1334 728 1378 loquor,
755 1334 844 1377 cujus
866 1334 1026 1370 beneficia

82 1384 182 1431 toties
193 1383 431 1418 meisenserunt
444 1407 456 1423 ,
482 1383 610 1428 quoties
619 1384 847 1429 opportunitas
868 1385 945 1420 data
954 1384 999 1418 est
1017 1408 1027 1424 ,

79 1439 121 1468 ‘ut
141 1439 202 1468 tuas
222 1431 390 1468 charitatis
411 1433 532 1468 solatio
553 1435 737 1469 fruerentur
754 1461 761 1468 .
789 1435 892 1482 Qod
916 1435 1028 1477 itaque

78 1482 210 1528 possum
221 1482 262 1517 ad
274 1484 406 1526 praesens
416 1508 426 1524 ‚
452 1484 572 1528 gratias
581 1483 760 1519 devotione
772 1485 931 1520 maximas
942 1495 1007 1530 ago
1019 1508 1029 1524 ,

80 1533 268 1576 exspectans
279 1542 315 1567 ut
327 1534 528 1568 miserationi
541 1534 649 1569 vestm
669 1534 862 1579 respondeat
884 1535 919 1568 in
939 1536 1031 1568 mise·

81 1581 223 1619 ricordia
235 1581 324 1617 uberi
337 1607 350 1624 ,
375 1583 430 1618 cui
441 1583 476 1617 in
491 1584 588 1619 nobis
600 1583 836 1619 beneficiorum
859 1585 1030 1626 pecuniam

78 1631 218 1667 dedistis
231 1633 272 1667 ad
282 1633 430 1667 usuram.
456 1633 535 1666 Hoc
546 1634 636 1668 enim
661 1635 767 1668 solum
790 1634 836 1667 est
857 1632 1031 1668 honestum

83 1681 220 1718 foenoris
235 1691 360 1726 genus,
386 1681 421 1715 <Sc
433 1681 522 1725 quod
534 1684 698 1717 usurarum
722 1685 755 1718 &
777 1685 879 1717 totius
891 1684 1033 1719 avaritiae

89 1731 340 1766 condemnatrix
351 1731 471 1775 pagina
485 1732 626 1767 veritatis
639 1745 707 1768 non
731 1734 835 1767 modo
853 1733 993 1767 absolvit
1021 1756 1033 1772 ‚

85 1779 141 1815 sed
151 1782 297 1822 centupli
310 1780 457 1813 mercede
466 1791 667 1814 remunerat.
697 1781 788 1814 Nam
803 1782 837 1814 &
858 1780 923 1814 hoe
945 1781 1033 1814 Salo-

83 1829 213 1864 monin
225 1827 401 1870 proverbiis
414 1828 546 1862 testatur
567 1829 701 1863 dicens:
730 1833 909 1862 Foeneratur
933 1832 1032 1862 Domi-

85 1890 124 1912 ne
136 1902 146 1919 ‚
158 1883 210 1921 qui
215 1881 359 1920 pauperis
370 1874 523 1920 miseretur
532 1904 539 1910 .
569 1881 614 1913 Et
627 1880 852 1919 victffitudinem
859 1878 949 1923 suam
969 1880 1033 1912 red-

85 1928 190 1962 deret.
217 1926 461 1971 Temporaliter
483 1928 618 1972 quidem
630 1939 792 1973 quatenus
816 1929 995 1972 expedierit
1022 1953 1034 1969 ,

84 1977 267 2023 plenissima
279 1976 496 2012 retributione
507 1979 541 2011 in
556 1979 625 2013 vita
643 1989 760 2013 aeterna
771 2004 779 2012 .
807 1979 911 2028 Qod
928 1979 951 2012 fi
976 1978 1034 2011 Di-

87 2028 168 2062 vina
177 2026 327 2071 dignatio
341 2038 475 2062 eatenus
485 2026 649 2062 desideriis
662 2029 742 2063 meis
754 2028 948 2063 satisfaceret
962 2052 973 2067 ,
999 2038 1035 2062 ut

88 2076 351 2118 benefactoribus
361 2078 441 2111 meis
453 2079 506 2113 sua
519 2077 719 2114 authoritate
739 2079 774 2113 &
797 2090 873 2112 meo
894 2077 1036 2112 ministe-

88 2128 140 2163 rio
150 2128 254 2163 vicem
267 2127 397 2162 duceret
408 2128 650 2172 rependendam
670 2154 681 2170 ,
711 2138 864 2163 votorum
877 2138 1035 2171 tempora-

90 2178 174 2212 lium
186 2179 346 2212 summam
357 2177 439 2212 mihi
451 2179 522 2213 fore
531 2179 675 2213 omnino
700 2178 824 2213 viderer
843 2179 1002 2212 assecutus
1028 2202 1035 2209 .

90 2227 156 2262 Sed
167 2227 246 2271 quid
261 2227 302 2262 de
311 2238 390 2270 pace
404 2228 509 2261 nostra
521 2229 660 2263 sentiam
671 2253 683 2270 ,
712 2241 779 2263 non
793 2228 887 2272 plane
902 2228 1000 2262 video
1024 2251 1035 2267 ,

91 2277 166 2311 aliis
177 2276 466 2311 asserentibuseam
476 2277 671 2321 desperatius
693 2279 844 2324 elongari
855 2302 866 2318 ,
893 2277 934 2312 eo
946 2276 1037 2319 quod

93 2327 264 2361 Dominus
275 2325 349 2359 Rex
361 2327 564 2371 prosperatur
578 2327 612 2361 in
625 2329 686 2362 viis
697 2329 760 2362 suis
773 2353 784 2369 ,
809 2328 882 2362 aliis
892 2327 910 2360 ὲ
921 2338 1037 2361 contra

94 2375 303 2416 dicentibus,
329 2376 418 2418 quod
430 2377 461 2410 ei
474 2388 538 2420 pax
549 2388 618 2411 non
633 2378 837 2420 displiceret,
864 2378 885 2411 si
901 2375 1038 2411 honesta

88 2425 371 2460 reconciliationis
391 2426 495 2460 forma
518 2436 698 2461 occurreret
727 2453 734 2459 .
773 2428 817 2462 Et
840 2426 905 2461 hoc
923 2428 1038 2471 utique

95 2473 285 2510 crediderim
298 2474 418 2513 citius,
442 2474 582 2517 eoquod
605 2478 652 2511 vir
675 2477 814 2521 prudens
835 2478 870 2512 in
894 2475 980 2511 hanc
995 2479 1039 2520 ip-

93 2526 162 2559 sam
174 2525 372 2558 successuum
389 2524 580 2560 facilitatem
602 2527 635 2561 <Sc
655 2528 785 2571 copiam
809 2526 904 2561 debet
921 2527 1039 2561 babere

94 2574 270 2618 suspestam
290 2575 341 2614 ,ὅς
355 2575 478 2608 viarum
491 2576 618 2609 suarum
630 2578 782 2611 conscius
795 2579 856 2611 effe
868 2586 956 2611 turus
971 2589 1037 2611 non

96 2626 235 2668 poterit,
262 2623 283 2656 fl
298 2624 485 2666 injuriando
498 2625 648 2659 Ecclefiae
659 2628 694 2660 <Sc
706 2628 900 2670 pauperibus
915 2626 1037 2662 Christi

96 2676 207 2709 Deum
220 2673 276 2707 sibi
287 2673 463 2708 reddiderit
475 2673 664 2709 inimicum.
691 2676 754 2710 Sed
775 2678 849 2711 Deo
863 2679 1040 2720 propitian—

96 2733 133 2759 te
154 2735 222 2757 non
241 2724 337 2758 faciet
359 2723 447 2768 quod
472 2723 681 2769 Principatus
695 2726 741 2760 sui
763 2727 903 2770 gloriam
924 2726 1039 2761 debeat

95 2774 265 2809 obfuscare
278 2798 288 2814 ,
314 2785 374 2807 nec
388 2775 499 2808 contra
513 2774 622 2810 Deum
634 2777 803 2819 praesumet
822 2775 862 2810 de
884 2778 1041 2811 facilitate

99 2824 404 2871 autetiamfallacia
418 2825 638 2865 successuum,
666 2828 722 2870 qui
747 2828 899 2860 meminit
917 2851 927 2866 ,
954 2838 1039 2870 quo-

99 2875 287 2917 niamequus
290 2874 398 2916 fallax
417 2874 454 2907 et?
476 2874 682 2918 adsalutem.
711 2876 836 2910 Hazael
869 2877 1041 2911 velocitate

100 2933 233 2965 cervos,
258 2933 293 2958 ut
305 2925 397 2958 refert
411 2923 543 2958 historia
557 2950 567 2965 ,
595 2925 741 2960 anteibat
754 2951 765 2966 ‚
791 2928 825 2960 δε
846 2928 1039 2969 pernicitate

101 2974 254 3008 currendi
265 2975 385 3017 capreis
397 2974 588 3018 praevolabat
596 3000 607 3016 ,
635 2976 688 3010 sed
702 2977 777 3020 quia
789 2977 927 3021 agilitati
940 2978 1041 3011 nimis

101 3022 257 3061 indulsit,
283 3022 409 3057 hostem
428 3026 615 3069 persequens
642 3026 826 3071 fugientem
846 3052 857 3067 ,
881 3038 957 3061 eum
970 3038 1041 3063 coe·

103 3073 155 3118 git
176 3082 213 3105 ut
235 3073 367 3106 instanti
386 3075 518 3108 fatalem
538 3076 671 3111 inferret
692 3077 844 3122 plagam,
871 3078 926 3119 qui
939 3078 1040 3112 fatum

102 3123 302 3165 disposuerat
309 3121 469 3157 declinare
477 3136 530 3167 per
539 3127 762 3172 fugamFugit
776 3128 939 3162 interdum
950 3128 1040 3162 Chri·

103 3173 170 3207 ssus
181 3172 199 3205 a
210 3172 291 3207 facie
301 3171 581 3215 persequentis,sed
596 3187 641 3209 vae
652 3178 886 3221 impoenitenti,
899 3179 932 3211 in
944 3190 1040 3224 quem

103 3232 300 3266 provocatus
311 3232 406 3256 torvo
424 3223 549 3266 respicit
559 3226 676 3261 oculo.
705 3227 817 3264 Saluta
839 3228 954 3265 Socios
976 3230 1040 3264 Cu·

103 3271 199 3306 :iales
207 3296 219 3314 ‚
243 3272 301 3317 qui
314 3273 593 3311 excommunicati
606 3288 676 3313 non
687 3276 759 3314 furit
770 3302 778 3310 ·

205 3521 312 3563 christ.
327 3525 406 3567 Lupi
417 3529 515 3568 opera
526 3528 604 3563 Tom.
620 3531 661 3562 X.

1844 158 1941 215 157

1259 279 1669 319 EPISTOLA
1736 284 1855 323 cmii.

1233 387 1377 429 Joannes
1401 381 1627 421 saresberienfis
1658 381 1818 425 Raedulpbo
1842 386 1879 418 de

1436 433 1522 469 Bello
1531 450 1550 457 -
1559 437 1659 468 Monte
1667 458 1676 466 .
1776 446 1777 449 ¹

1200 534 1313 568 ERAE
1339 535 1454 570 titulus
1481 534 1611 578 pietatis
1640 530 1873 569 nullo-meiius
1889 532 2034 568 clarescit

1220 584 1365 626 indicio,
1392 585 1489 629 quarn
1509 585 1586 619 cum
1608 583 1673 618 illis
1695 583 1944 619 misericorditer
1965 582 2035 616 sub-

1095 636 1203 676 venit,
1233 636 1289 679 qui
1312 635 1459 670 humano
1483 635 1600 669 solatio
1622 632 1879 675 destitutissim,
1903 634 2036 675 &quos

1096 688 1240 730 ingratus
1251 687 1327 719 Deo
1339 687 1438 730 gratis
1448 684 1646 729 persequitur
1666 685 1827 719 mundus.
1853 685 1957 717 Hunc
1980 684 2037 715 ita·

1096 747 1159 779 que
1183 746 1215 770 te
1234 735 1413 769 assecutum
1434 735 1741 781 este'congratnlor,
1779 733 1926 779 gaudens
1944 728 2037 776 quod

1097 796 1206 831 praeter
1214 785 1406 828 opinionem
1419 786 1597 820 multorum
1609 810 1621 826 ‚
1645 785 1680 820 δι
1696 784 1761 819 fere
1770 784 1945 822 omnium,
1968 792 2038 815 non

1097 836 1173 871 dico
1186 834 1556 870 saecularisadminiculo
1568 833 1805 879 philosophiae,
1832 834 1885 868 sed
1909 833 2041 878 ignicu-

1098 888 1133 922 lo
1150 886 1287 930 Spiritus
1307 887 1404 920 sanrsti
1417 911 1428 927 ,
1453 897 1548 920 tuum
1563 887 1611 921 ad
1633 885 1827 929 sapientiam
1849 894 1957 918 veram
1969 881 2038 916 ani-

1098 948 1188 971 mum
1198 934 1407 970 accendentis
1415 936 1531 979 pariter
1541 934 1574 970 ὃς
1585 935 1777 971 illustrantis
1786 960 1797 976 ,
1823 943 1954 969 exerces
1964 943 2039 975 ope-

1098 1000 1131 1021 ra
1146 987 1289 1031 pietatis.
1319 986 1362 1019 Et
1372 985 1451 1020 sicut
1461 997 1502 1020 ex
1515 986 1672 1020 relatione
1694 985 1808 1021 latoris
1833 983 2039 1028 praesentium

1097 1036 1219 1076 didici,
1246 1037 1331 1070 inter
1341 1035 1790 1082 charitatisimpugnatores,
1815 1035 1905 1079 quod
1929 1042 2041 1067 verum

1063 1116 1066 1121 .
1096 1087 1188 1121 decet
1198 1086 1424 1120 Christianum
1438 1111 1449 1127 ‚
1476 1087 1702 1121 Fraternitatis
1714 1110 1725 1127 ,
1751 1098 1822 1131 quae
1840 1085 1874 1118 in
1887 1083 2042 1118 Domino

1095 1140 1139 1172 est
1151 1162 1162 1177 ,
1187 1138 1282 1171 ausus
1291 1148 1324 1171 es
1336 1137 1520 1171 reminisci.
1548 1137 1610 1172 Sed
1622 1137 1709 1171 unde
1723 1133 1789 1170 hoc
1807 1135 1869 1170 tibi
1882 1159 1892 1175 ,
1919 1133 1963 1166 mi
1980 1132 2045 1165 Ra·

1093 1186 1236 1228 dulphe,
1263 1188 1435 1230 praesertim
1445 1197 1521 1220 cum
1533 1188 1589 1230 qui
1610 1188 1773 1221 columnae
1794 1184 1986 1224 videbantur
1999 1182 2046 1214 es-

1094 1238 1125 1269 se
1148 1235 1316 1277 Ecclefiae‚
1344 1237 1529 1278 trepident,
1566 1238 1601 1271 &
1623 1237 1808 1280 Gigantes,
1849 1235 1906 1278 qui
1927 1232 2044 1265 orbem

1094 1295 1220 1328 portare
1238 1285 1421 1318 debuerant
1437 1309 1448 1323 ,
1489 1285 1620 1319 facilius
1644 1285 1863 1318 inundatione
1886 1290 2045 1326 aquarum

1093 1334 1253 1378 submergi
1274 1334 1502 1377 acquiescant,
1529 1333 1629 1377 quam
1666 1343 1795 1377 gernere
1820 1335 1833 1365 ἓ
1865 1330 2044 1365 Mandavit

1093 1383 1260 1419 Dominus
1284 1382 1426 1417 nubibus
1449 1385 1533 1422 suis,
1561 1395 1602 1417 ne
1626 1383 1815 1427 inpartibus
1841 1381 1908 1415 illis
1929 1381 2048 1422 pluant

1094 1434 1252 1475 imbrem,
1278 1434 1311 1468 δε
1334 1444 1369 1468 tu
1393 1434 1428 1468 in
1448 1434 1571 1468 eisdem
1600 1445 1667 1468 non
1688 1444 1724 1467 es
1737 1432 1856 1467 veritus
1867 1430 1908 1465 ad
1922 1429 2045 1464 stillici-

1094 1485 1187 1519 dium
1200 1484 1331 1518 Divinae
1342 1484 1452 1528 gratiae
1462 1485 1646 1528 germinare
1658 1484 1778 1517 fructus
1792 1480 2024 1516 misericordiae
2035 1503 2046 1519 ,

1094 1535 1126 1568 ὃ(
1136 1545 1233 1577 opera
1246 1534 1421 1568 Salvatoris
1431 1558 1438 1565 .
1468 1533 1678 1568 Credideram
1691 1531 1836 1576 profesto
1855 1541 1888 1564 te
1903 1529 2053 1573 philoso-

1096 1582 1225 1627 phantis
1237 1582 1355 1617 habere
1365 1582 1460 1617 verba
1475 1608 1486 1624 ,
1515 1594 1582 1617 non
1596 1583 1746 1617 animum
1762 1606 1774 1621 ‚
1801 1580 1855 1615 sed
1879 1591 1968 1614 nune
1995 1590 2047 1612 re-

1096 1633 1173 1668 colo
1185 1644 1217 1668 te
1227 1633 1432 1677 aliquatenus
1445 1635 1508 1668 effe
1519 1633 1718 1676 discipulum
1731 1631 1845 1676 magni
1860 1628 2019 1673 Aristippi
2040 1652 2051 1667 ‚

1097 1684 1151 1727 qui
1163 1683 1255 1717 omni
1270 1683 1465 1717 conditione
1474 1685 1632 1724 temporis
1642 1682 1866 1724 aequanimiter
1887 1680 2053 1718 utebatur,

1096 1734 1174 1766 &in
1199 1733 1269 1774 ipsis
1293 1729 1582 1774 philosophabatur
1605 1731 1722 1773 nugis,
1750 1728 1914 1770 jucundus
1939 1728 2049 1762 omni-

1097 1781 1175 1818 bus,
1202 1780 1421 1823 nulligravis.
1451 1780 1522 1826 Qii
1544 1778 1726 1823 aliquando
1746 1779 1968 1823 interrogatus
1982 1801 1992 1816 ,
2018 1777 2050 1810 ei

1096 1829 1176 1871 quid
1200 1828 1408 1872 philosophia
1431 1829 1634 1869 contulerit,
1671 1828 1794 1862 dicitur
1815 1827 2014 1870 respondisse
2041 1840 2049 1859 ;

1096 1883 1135 1912 Ut
1152 1888 1218 1912 cum
1231 1879 1365 1912 omnibus
1386 1878 1557 1913 bominibus
1574 1880 1725 1921 intrepide
1740 1877 1903 1921 fabularer
1922 1901 1930 1909 .
1958 1878 2049 1921 Ergo

1096 1930 1137 1964 de
1148 1940 1264 1963 caetero
1279 1931 1313 1962 in
1325 1940 1358 1964 te
1371 1930 1511 1963 securius
1525 1928 1664 1964 arbitror
1684 1927 1922 1963 confidendum
1936 1951 1946 1967 ‚
1973 1927 2050 1970 quia

1098 1991 1166 2012 non
1177 1977 1302 2012 diffidis
1312 1979 1354 2013 de
1371 1978 1491 2022 Regno
1504 1979 1628 2013 Christi
1642 2004 1650 2011 .
1680 1979 1756 2027 Qia
1771 1978 1824 2021 spe
1845 1988 1952 2022 rogo,
1979 1985 2016 2010 ut
2040 2000 2051 2015 ,

1097 2029 1177 2062 ficut
1197 2029 1322 2070 coepisti
1338 2053 1348 2069 ,
1375 2029 1471 2062 latori
1495 2028 1697 2072 praesentium
1724 2053 1734 2069 ,
1767 2025 2053 2070 contemplatione

1098 2078 1161 2112 Dei
1175 2079 1208 2111 ὅ(
1220 2077 1367 2122 obsequii
1377 2077 1444 2120 ejus
1462 2103 1473 2120 ‚
1499 2080 1534 2113 in
1549 2077 1853 2123 opportunitatibus
1866 2076 1930 2111 suis
1945 2075 2052 2112 adeffe

1098 2139 1286 2162 memineris
1301 2153 1309 2160 .

1076 2168 1083 2257 ηρ..

1271 2228 1691 2267 EPISTOLA
1751 2229 1873 2266 CLIV'.

1092 2334 1237 2374 Joannes
1274 2327 1497 2370 saresberiensis
1524 2328 1688 2363 thbelmo
1725 2332 1879 2374 supprior!
1919 2327 2052 2371 Ecclefiae

1397 2378 1509 2420 Christi
1533 2383 1716 2414 cantuaria.-
1740 2404 1749 2413 .

1216 2479 1284 2512 lHl
1311 2490 1412 2523 nuper
1438 2480 1568 2514 locutus
1589 2491 1622 2513 es
1647 2480 1683 2513 in
1707 2478 1868 2523 parabolis
1894 2500 1906 2516 ‚
1941 2477 2053 2511 dicens

1239 2540 1329 2569 tuas,
1359 2530 1464 2564 immo
1487 2530 1633 2563 Ecclesiae
1644 2540 1745 2572 opes,
1773 2528 1816 2562 de
1840 2538 1929 2561 novo
1951 2526 2055 2570 publi-

1100 2590 1210 2620 catas,
1237 2581 1271 2613 ὅς
1292 2580 1462 2613 studiosius
1472 2577 1682 2621 deprecatus,
1712 2588 1819 2613 neme
1839 2588 1892 2612 eas
1914 2577 2054 2620 proden-

1097 2639 1132 2663 -te
1154 2631 1386 2663 transferantur
1410 2629 1444 2662 in
1470 2629 1711 2670 Babyloniam.
1746 2628 1808 2662 Sed
1831 2628 1853 2661 fi
1878 2627 2053 2671 publicatas

1101 2681 1197 2720 sunt,
1223 2682 1324 2713 miror
1337 2690 1435 2722 quare
1457 2680 1554 2721 usque
1575 2677 1614 2711 ad
1635 2678 1787 2716 Patrem,
1814 2678 1848 2711 se
1875 2688 1934 2720 pro
1969 2677 2056 2710 filio·

1102 2740 1172 2762 rum
1185 2731 1284 2762 salute
1304 2728 1505 2762 &libertate
1528 2728 1646 2761 Matris
1668 2728 1888 2763 devoventem
1903 2751 1913 2766 ,
1941 2726 2051 2770 &jam

1101 2780 1246 2814 triennio
1273 2778 1422 2812 aerumnis
1445 2777 1650 2820 expositum,
1679 2787 1755 2812 ante
1779 2777 1977 2812 liberalitatis
2004 2776 2055 2810 be-

1102 2830 1221 2864 neficio
1246 2839 1312 2862 non
1334 2838 1547 2871 pervenerunt
1568 2853 1575 2860 .
1604 2828 1638 2861 Si
1663 2827 1834 2872 publicata:
1857 2829 1931 2862 sunt
1960 2851 1971 2866 ,
1998 2826 2053 2860 de-

1103 2879 1316 2914 bueramus&
1329 2889 1388 2911 nos
1400 2880 1462 2912 effe
1475 2879 1516 2912 de
1527 2879 1696 2913 contentis
1722 2880 1756 2912 in
1778 2879 1921 2923 populo.
1945 2877 1978 2911 Si
1992 2876 2053 2909 Pa-

1102 2941 1180 2964 trem
1218 2928 1450 2972 profitemini,
1476 2929 1532 2962 ubi
1570 2930 1616 2963 est
1656 2940 1750 2963 amor
1787 2928 1855 2971 ejus
1882 2930 1894 2962 ?
1920 2928 1942 2961 si
1981 2928 2055 2961 Do-

1102 2981 1231 3014 minum
1257 2977 1418 3021 recepistis
1442 3002 1452 3017 ‚
1487 2977 1605 3013 debitae
1636 2979 1856 3014 venerationis
1882 2976 1949 3022 quo
1976 2987 2050 3020 pro-

1102 3032 1202 3064 festus
1227 3029 1271 3062 est
1298 3030 1399 3062 timor
1421 3030 1435 3062 ?
1468 3030 1502 3063 Si
1529 3040 1586 3063 vos
1613 3030 1724 3063 fratres
1749 3028 1882 3064 asseritis
1909 3028 1943 3061 δε
1969 3026 2049 3060 ami-

1100 3091 1157 3114 cos
1183 3080 1459 3124 peregrinantium
1483 3105 1492 3119 ,
1529 3091 1588 3113 cur
1615 3080 1734 3112 cessant
1761 3077 1975 3113 humanitatis
2001 3076 2052 3110 of-

1100 3131 1173 3164 ficia
1200 3154 1211 3170 ,
1237 3130 1271 3163 &
1297 3129 1416 3164 debitae
1443 3128 1556 3163 solatia
1585 3129 1754 3164 charitatis
1779 3131 1792 3164 ?
1824 3129 1887 3163 Sed
1914 3128 2043 3162 fortasse

1100 3179 1167 3224 quo
1192 3180 1317 3225 gratius
1355 3179 1443 3213 Patri
1480 3179 1628 3222 praestetis
1665 3179 1858 3222 obsequium
1893 3203 1904 3218 ‚
1941 3176 2049 3218 exspe-

1100 3231 1192 3265 &atis
1219 3239 1255 3263 ut
1281 3230 1421 3273 amplius
1458 3240 1552 3273 egeat
1575 3253 1586 3268 ,
1625 3230 1757 3264 interim
1785 3229 1913 3272 picturis
1941 3225 2048 3258 inani-

1101 3280 1161 3315 bus
1187 3280 1342 3324 imperitae
1362 3279 1584 3313 multitudinis
1605 3280 1721 3314 oculos
1743 3279 1937 3314 oblet‘tantes
1951 3299 1962 3314 ,
1988 3275 2051 3309 rati

1102 3330 1285 3375 impensum
1308 3330 1343 3363 iri
1369 3328 1510 3372 publicis
1543 3328 1646 3363 usibus
1664 3353 1674 3369 ,
1710 3328 1800 3372 quod
1827 3328 1861 3359 in
1887 3326 2049 3368 spestacu-

1106 3381 1144 3413 lis
1172 3381 1207 3415 <Sc
1245 3379 1446 3415 curiosorum
1483 3380 1657 3418 lenociniis
1698 3378 1870 3412 oculorum
1907 3374 2049 3417 ineptius

1104 3441 1268 3475 erogatur.
1297 3428 1447 3462 Profecto
1467 3441 1524 3462 non
1544 3428 1595 3461 boc
1619 3427 1672 3466 ista
1701 3426 1758 3469 fibi
1787 3433 1900 3468 tempus
1927 3423 2051 3467 spec‘la-

1103 3479 1286 3525 culaposcit.
1313 3477 1463 3524 illudque
1478 3479 1662 3522 satyricum
1674 3476 1804 3512 videtur
1814 3476 1848 3511 in
1871 3485 1951 3516 vos,
1978 3474 2047 3507 scio

1614 3528 1650 3561 Ο
1946 3524 1999 3558 cui
