2358 3776
372 84 438 139 98

303 169 524 208 munionem,
559 171 619 199 nec
638 172 714 198 curn
734 160 781 197 eis
800 159 912 205 aliquo
930 160 1032 196 modo
1053 158 1245 196 contrahat.

984 68 1543 124 ‘EPISTOL'AE

1303 158 1351 193 est
1370 183 1383 200 ,
1415 159 1507 205 quod
1528 157 1674 194 Eeclefiae
1696 151 1938 194 Cantuarienlis
1954 185 1966 201 ‚
2001 155 2055 196 cui
2075 161 2165 196 Deus
2188 150 2244 195 no·

304 221 435 256 Notum
454 215 498 249 est
517 214 608 248 enim
627 214 690 248 toti
712 213 776 249 fere
803 211 960 252 Mundo,
985 211 1083 255 quim
1108 211 1247 250 devote,
1306 209 1404 246 strum
1425 209 1667 251 Sacerdotium,
1694 209 1768 244 licet
1790 209 1988 254 indignum,
2007 212 2104 247 vobis
2115 223 2163 246 res
2183 209 2242 244 hu-

304 269 403 314 quim
436 263 616 299 honorifice
646 264 831 298 Dominum
868 262 991 304 Papam
1023 262 1202 306 receperitis
1237 283 1248 300 ,

305 314 464 363 quantum
480 315 665 350 Romanam
690 312 864 346 Ecclesiam
884 311 1031 345 foveritis
1052 312 1086 346 ὃ(
1109 311 1244 345 honora·

303 366 437 410 veritis;
462 363 620 410 quantum
631 363 730 398 etiam
752 361 921 395 Dominus
942 360 1072 404 Papa&
1095 360 1246 395 Romana

306 417 448 452 Ecclesia
469 415 636 459 personam
672 411 807 445 vestram
826 410 1021 449 dilexerint,
1060 409 1247 445 honorave-

303 468 389 506 rint,
415 476 511 510 atque
521 464 618 498 etiam
631 463 665 496 in
679 461 935 506 quibuscumque
949 459 1125 494 secundum
1136 461 1246 495 Deum

303 525 481 562 potuerunt
493 539 504 555 ‚
542 523 599 547 vos
619 511 872 547 exaudiverunt.
899 509 1018 544 Nolite
1040 510 1121 554 ergo
1138 535 1148 551 ,
1178 511 1247 545 Do-

301 567 413 605 mine,
436 566 458 599 li
479 564 615 598 salutern
637 563 754 597 animae
773 550 976 601 desideratst,
1001 559 1108 594 eidem
1130 560 1245 594 Eccle-

299 618 351 652 fiae
372 639 382 655 ‚
406 614 496 659 quod
514 615 605 648 suum
624 613 670 647 est
690 637 702 654 ‚
737 612 844 656 aliqua
864 609 990 645 ratione
1022 609 1209 645 subtrahere
1235 633 1248 651 ,

302 668 356 702 seu
377 666 413 700 in
449 665 560 708 aliquo
582 664 613 698 ei
635 663 715 698 citra
731 661 888 705 justitiam
909 660 1072 695 contraire
1094 685 1101 692 .
1137 660 1246 694 Immo

301 716 442 751 eandem
463 717 493 750 ei
536 713 729 758 permittatis
748 712 783 745 in
804 710 926 756 Regno
948 710 1052 744 vestro
1075 709 1191 745 habere
1211 710 1243 743 li-

301 767 466 805 bertatem
488 789 499 806 ,
525 764 666 808 quam&
686 761 720 795 in
741 761 813 795 aliis
823 760 948 805 Regnis
958 757 1074 795 habere
1084 760 1244 806 dignosci·

301 826 372 851 tur.
401 815 596 858 Memorque
617 812 682 848 sitis
703 810 906 856 profeffionis
925 834 936 851 ,
971 820 1070 855 quam
1090 809 1210 845 fecistis
1233 834 1245 851 ,

301 867 337 903 δε
361 865 508 909 posuistis
525 865 672 907 scriptam
690 863 779 905 super
798 860 913 895 Altare
931 860 1015 904 apud
1040 860 1243 895 Westmona-

302 916 455 956 sterium,
491 915 533 949 de
555 912 706 948 servanda
731 911 875 945 Ecclefiae
893 910 958 945 Dei
982 909 1129 945 libertate
1149 911 1203 944 sua
1230 933 1241 950 ,

303 966 438 1009 quando
451 965 654 999 consecratus
681 960 924 996 estis&unstus
946 961 982 995 in
1005 959 1244 1005 Regemaprae-

300 1016 461 1051 deceffore
479 1013 607 1048 nostro.
637 1011 815 1047 Ecclesiam
833 1012 933 1046 etiam
955 1010 1243 1051 Cantuariensem,

299 1063 319 1098 ὲ
342 1075 407 1109 qua
429 1061 720 1108 promotionem&
740 1062 1022 1096 consecrationem
1042 1059 1208 1104 accepistis
1233 1083 1243 1100 ,

299 1115 336 1149 in
358 1125 435 1149 eum
456 1113 572 1147 statum
596 1111 813 1147 restituatis&
832 1111 1051 1156 dignitatem,
1080 1109 1244 1152 inquibus

304 1165 368 1199 suit
391 1162 591 1207 temporibus
603 1162 869 1197 Praedecefforum
882 1160 1060 1195 vestrorum
1070 1160 1103 1194 &
1123 1159 1244 1194 nostro·

303 1225 376 1249 rum
393 1236 406 1254 ,
447 1213 715 1257 poffeffionesque
745 1212 784 1245 ad
809 1212 909 1254 ipsam
930 1210 1104 1244 Ecclesiam
1126 1211 1160 1244 δε
1184 1219 1244 1244 nos

299 1264 519 1308 pertinentes,
546 1261 672 1301 Villas,
697 1260 862 1300 Castella,
890 1259 1079 1299 &Praedia,
1103 1270 1174 1304 quae
1186 1269 1244 1303 pro

297 1314 470 1348 voluntate
490 1311 590 1345 vestra
622 1309 828 1345 distribuistis
848 1334 860 1350 ‚
893 1311 1006 1354 resque
1025 1319 1141 1344 omnes
1160 1308 1245 1344 abla-

301 1375 351 1398 tas
365 1386 375 1403 ‚
401 1372 468 1397 tam
482 1361 606 1396 nostras
615 1385 627 1402 ,
653 1361 750 1405 quam
763 1359 967 1394 Clericorum
979 1359 1162 1394 nostrorum
1173 1383 1184 1400 ,
1209 1360 1244 1395 ἀ

298 1413 497 1452 Laicorum,
523 1412 559 1445 in
583 1411 750 1455 integrum
773 1408 870 1444 nobis
890 1408 1081 1444 restituatis.
1108 1407 1244 1444 Permit-

301 1462 377 1496 tatis
399 1461 499 1495 etiam
522 1459 656 1500 nobis,
670 1460 693 1493 fi
715 1459 842 1502 placet,
867 1458 991 1498 libere,
1015 1458 1051 1493 ἁ
1073 1459 1108 1492 in
1131 1469 1208 1502 pace
1234 1483 1246 1500 ,

299 1511 335 1544 ἅ
357 1520 434 1543 cum
456 1509 551 1542 omni
571 1508 741 1542 securitate
761 1507 865 1541 redire
876 1506 912 1540 in
937 1508 1053 1542 sedem
1063 1506 1207 1542 nostram
1233 1531 1244 1548 ,

297 1560 475 1600 officioque
495 1556 608 1592 nostro
629 1555 729 1590 libere
751 1556 824 1594 uti,
845 1553 926 1589 ficut
948 1555 1144 1590 debemus&
1161 1557 1244 1591 ratio

297 1609 418 1654 exigit.
448 1608 490 1641 Et
516 1618 578 1641 nos
599 1604 710 1647 vobis,
748 1603 904 1648 tanqusm
925 1604 1078 1640 Domino
1106 1603 1245 1640 charisii—

298 1669 354 1694 mo
366 1660 400 1693 δε
417 1657 527 1702 Regi,
553 1656 694 1691 fideliter
713 1655 747 1689 ἀ
766 1655 883 1689 devote
903 1665 963 1698 pro
988 1654 1109 1689 viribus
1131 1654 1246 1690 nostris

300 1709 419 1743 servire
437 1707 538 1751 parati
564 1708 673 1740 sumus
690 1729 702 1746 ‚
739 1706 776 1738 in
798 1714 1011 1747 quocumque
1030 1703 1209 1748 poterimus
1235 1727 1247 1744 ,

299 1760 386 1794 salvo
410 1757 538 1792 honore
558 1756 625 1791 Dei
645 1756 680 1790 ἀ
713 1754 862 1789 Ecclefiae
884 1753 1064 1794 Romana,
1102 1753 1138 1787 ἀ
1158 1753 1246 1788 salvo

303 1809 421 1844 ordine
434 1806 543 1842 nostro
556 1831 564 1839 .
592 1805 754 1849 Alioquin
765 1815 823 1848 pro
845 1814 935 1838 certo
943 1803 1072 1845 sciatis,
1095 1802 1174 1848 quia
1189 1803 1245 1838 Di-

298 1862 409 1895 vinam
426 1857 627 1893 severitatem
649 1855 684 1890 &
706 1854 866 1890 ultionem
890 1852 1056 1889 sentietis·

449 1959 478 1993 E
504 1956 532 1990 P
557 1957 573 1991 1
599 1956 621 1992 S
647 1955 683 1990 T
707 1956 743 1990 O
768 1954 798 1988 L
826 1954 859 1989 A
958 1951 1088 1987 LXV.

396 2054 552 2091 Thomas
573 2054 811 2090 Cantuarienfis
834 2050 956 2087 Archi·
970 2051 1151 2097 Episcopus

566 2105 716 2140 Henrico
734 2104 821 2149 Regi
844 2101 993 2149 Angliaet

303 2211 428 2242 Domino
440 2205 646 2251 suo&Amico
669 2210 795 2243 Hemico
830 2227 842 2244 ,
867 2205 925 2236 Det
938 2204 1044 2246 gratia
1066 2200 1172 2242 illustri
1192 2204 1247 2234 Re-

347 2264 382 2304 gi
406 2258 584 2302 Anglorum,
616 2259 692 2288 Duri
711 2256 948 2291 Nortmaenniae,
986 2254 1096 2284 Camiri
1113 2251 1247 2295 Andegae-

353 2314 437 2348 viae,
472 2309 507 2340 (9
533 2309 609 2338 Duci
630 2308 803 2346 Aquitaniae
825 2326 837 2342 ‚
873 2299 1002 2333 Thomas
1023 2301 1128 2334 eadem
1143 2305 1247 2345 gratia

355 2356 488 2399 Ecclefiae
510 2351 735 2395 Cantuarienfis
757 2351 879 2386 humilis
899 2349 1033 2390 Minister
1046 2374 1058 2392 ,
1080 2348 1155 2393 suus
1180 2351 1248 2383 olm

354 2407 554 2450 temporaliter
567 2429 578 2445 ‚
605 2414 682 2438 nunc
700 2412 798 2436 autem
811 2402 902 2435 multi
921 2405 1016 2444 magis
1027 2424 1039 2441 ,
1067 2406 1101 2433 in
1124 2401 1249 2434 Domino

346 2458 498 2502 salutem,
523 2457 558 2490 Θ
579 2465 684 2488 veram
706 2464 773 2488 cum
795 2452 1001 2486 emundatione
1022 2456 1246 2493 poennentiam.

388 2554 643 2590 XPECTANS
667 2552 867 2596 exspeetavi,
892 2559 929 2586 ut
952 2549 1133 2585 intenderet
1156 2550 1249 2585 vobis

415 2606 582 2639 Dominus
593 2629 602 2645 ,
628 2605 663 2638 &
675 2604 850 2639 conversus
858 2601 995 2646 ageretis
1007 2601 1250 2645 poenitentiam‚

309 2654 461 2689 recedens
480 2654 498 2686 ὲ
521 2654 574 2687 via
595 2655 736 2695 perversa
760 2678 772 2693 ‚
806 2653 840 2687 ὅ(
872 2650 1099 2686 abscinderetis
1118 2650 1137 2684 a
1160 2650 1250 2684 vobis

311 2705 427 2738 Latera
446 2701 542 2735 vestra
566 2712 683 2744 prava,
710 2713 873 2744 quorum,
898 2710 935 2735 ut
953 2700 1115 2741 creditur,
1141 2699 1249 2734 instin-

311 2757 364 2790 ἃιι
386 2754 420 2788 &
440 2751 577 2785 consilio
597 2751 662 2793 jam
680 2749 747 2784 fere
759 2749 835 2792 lapsi
857 2750 934 2784 estis
958 2750 992 2784 in
1015 2750 1214 2795 profundum
1241 2775 1251 2791 ,

311 2803 400 2847 quod
419 2800 521 2840 absit,
549 2801 589 2835 ne
610 2801 644 2834 in
663 2798 861 2843 profundum
881 2799 963 2834 illud
983 2801 1102 2844 dequo
1123 2800 1248 2835 dicitur:

314 2856 472 2892 Peccator,
495 2852 561 2885 ciam
582 2855 698 2884 venerit
719 2855 753 2882 in
759 2848 965 2891 profundum,
990 2858 1171 2885 contemnet.
1210 2851 1252 2885 Et

315 2903 392 2938 licet
413 2901 477 2935 huc
499 2901 600 2945 usque
617 2899 729 2934 frustra
748 2898 1013 2940 sustinuerimus,
1038 2901 1131 2935 taciti
1149 2901 1252 2935 confi-

316 2953 487 2991 demntes,
507 2950 546 2985 ἀ
575 2950 793 2994 εκΐρεᾶιηεεε
814 2949 1063 2985 affectuosissime
1082 2974 1094 2992 ,
1119 2950 1142 2985 si
1165 2950 1252 2985 veni-

317 3013 366 3038 ret
389 3000 563 3041 Nuncius,
588 3002 643 3044 qui
657 2999 800 3034 diceret.-
826 2999 927 3031 Filius
949 3007 1018 3032 tuus
1039 3004 1124 3042 Rex,
1153 3005 1253 3035 Domi-

318 3063 376 3087 nus
397 3059 466 3084 tuus
481 3073 493 3090 ,
509 3052 579 3091 jam
600 3051 654 3084 diu
674 3050 738 3083 dolo
759 3054 976 3082 circumventus
988 3072 998 3087 ,
1026 3049 1251 3093 ttaHusmper-

316 3107 422 3135 niciem
443 3099 577 3142 Ecclefiae
589 3123 600 3140 ,
625 3098 791 3144 inspirante
801 3102 922 3132 Divina
940 3099 1106 3132 Clementia
1123 3106 1156 3132 in
1165 3100 1254 3133 abun-

317 3154 428 3186 daneta
448 3149 632 3184 humilitatis
653 3160 772 3194 magne
788 3148 913 3190 festinat
923 3149 968 3182 ad
985 3148 1189 3182 liberationem
1198 3153 1253 3182 Eo

319 3201 425 3243 cleliae,
451 3202 496 3234 ad
515 3211 630 3234 omnem
653 3198 890 3243 satisfafflonem
920 3200 955 3232 ὑ·
985 3199 1218 3231 emendationem
1245 3211 1254 3242 3

323 3264 392 3286 non
416 3261 525 3285 tamen
548 3250 836 3293 omnipotentem‘
847 3247 983 3291 supplici
1003 3245 1181 3282 devotione
1193 3244 1265 3283 sin-x

323 3302 409 3344 gulis
438 3300 552 3335 diebus
571 3298 774 3343 interpellare
803 3298 958 3332 cessamus
988 3319 1002 3337 ,
1037 3307 1073 3330 ut
1094 3297 1184 3341 quod
1201 3298 1253 3333 diu

325 3359 406 3383 voto
438 3350 670 3385 celebravimus
700 3348 742 3384 de
761 3347 854 3382 vobis
874 3348 907 3382 &
930 3358 987 3391 pro
1017 3346 1130 3388 vobis,
1164 3348 1255 3383 celeri

326 3399 361 3434 δι
392 3399 552 3436 fructuoso
572 3401 810 3442 consequamur
839 3397 981 3433 effectu.
1010 3397 1053 3432 Et
1074 3407 1151 3436 ecce
1182 3397 1258 3435 inde

1307 270 1415 295 manas
1436 261 1531 304 hujus
1555 260 1667 306 Regni
1687 259 1897 306 regentibus,
1933 258 1974 292 ad
1994 263 2127 304 presens
2145 260 2248 304 depu-

1306 311 1453 354 putavit‚
1481 320 1541 346 nos
1559 321 1635 347 cura
1655 310 1849 355 constringit
1872 332 1884 350 ,
1919 307 1961 343 eo
1988 310 2130 346 maxime
2151 309 2244 355 quod

1305 359 1409 395 adhuc
1430 361 1524 396 exilii
1547 360 1820 396 incommoditate
1839 359 2068 400 detineamur,
2093 360 2258 404 Matidia-⁵

1303 409 1331 445 ti
1344 411 1450 446 vestrae
1468 410 1739 447 commonitorias
1760 434 1771 451 ,
1797 408 2035 445 exhortatorias
2051 433 2063 451 ,
2087 412 2249 445 conecto-

1305 460 1366 495 rias
1375 461 1557 502 destinare,
1581 459 1623 497 ne
1632 461 1817 497 excessuum
1831 460 2006 495 vestrorum
2018 483 2031 501 ,
2054 458 2078 493 si
2091 458 2248 504 quisunt,

1305 512 1363 551 qui
1397 511 1502 546 reveri
1523 513 1621 553 sunt,
1655 510 1746 546 unde
1767 522 1837 546 non
1859 510 2037 545 minimum
2059 509 2209 544 dolemus
2233 532 2247 551 ,

1307 558 1434 596 illorum
1456 561 1598 597 maxime
1617 560 1714 601 dico,
1750 562 1808 606 qui
1826 560 1912 595 circa
1933 559 2108 595 Ecclesiam
2142 559 2209 594 Dei
2234 580 2248 597 ,

1305 610 1338 644 δι
1355 612 1504 654 personas
1528 611 1766 646 Ecclefiasticas
1787 612 1806 646 a
1828 609 1921 645 vobis
1952 606 2062 654 pamm
2080 608 2172 644 nulla
2193 608 2249 643 ha·

1307 659 1373 694 bita
1394 659 1563 706 dignitatis
1574 662 1626 696 seu
1647 662 1789 705 personae
1808 661 1988 695 reverentia
2010 662 2171 705 aguntur,
2197 658 2247 693 nie

1306 710 1390 744 mins
1410 711 1622 746 dissimulator
1638 711 1795 747 existam.-
1823 709 1876 746 Ne
1897 711 1995 745 nimis
2014 710 2188 756 negligens
2209 708 2246 742 in

1305 761 1422 795 anima:
1439 771 1519 796 meae
1532 761 1703 796 discrimen
1724 772 1915 806 appaream.
1943 760 2107 795 Facientis
2126 756 2247 803 procu!

1305 809 1406 851 dubio
1421 810 1549 855 culpam
1569 810 1667 847 habet
1690 836 1703 852 ,
1738 811 1794 855 qui
1814 811 1904 854 quod
1925 809 2021 846 debet
2046 810 2210 853 corrigere
2235 831 2247 848 ,

1305 860 1444 906 negligit
1462 861 1653 895 emendare.
1679 861 1843 905 Scriptum
1864 861 1984 905 quippe
2005 860 2070 895 est:
2108 863 2183 893 Non
2200 855 2247 900 so·

1303 910 1364 943 Irim
1383 917 1435 954 qut
1447 910 1589 952 faciunt,
1607 909 1668 954 sed
1688 918 1779 945 etiam
1801 917 1852 954 qut
1875 908 2083 954 consentiunt,
2115 912 2246 952 partim

1300 967 1354 1001 pes
1366 962 1560 1002 judicantum
1589 960 1814 995 Consentiunt
1825 959 1978 1001 quidem,
2004 958 2062 1004 qui
2078 958 2155 994 cum
2168 957 2242 1003 pos·

1304 1009 1364 1043 sint
1382 1010 1416 1044 δε
1435 1008 1592 1049 debeant,
1617 1020 1684 1043 non
1714 1007 1884 1049 resistunt,
1919 1008 1974 1044 vei
1993 1010 2108 1044 saltem
2140 1005 2251 1043 redar·'

1304 1070 1411 1102 guunt
1426 1073 1438 1093 .-
1463 1062 1560 1093 Error
1577 1065 1657 1094 enim
1667 1083 1679 1100 ,
1702 1063 1748 1092 cut
1766 1068 1825 1091 non
1844 1057 1983 1099 refilheur
1994 1081 2007 1099 ,
2041 1058 2224 1100 approbam
2235 1067 2248 1089 t

1303 1110 1337 1143 ό*
1360 1115 1480 1143 veritas
1493 1134 1504 1150 ,
1528 1110 1595 1143 nim
1606 1109 1727 1142 minime
1743 1106 1914 1151 defensatur
1928 1131 1940 1149 ,
1963 1112 2156 1151 oppn‘mmtr.
2182 1108 2250 1140 nee

1301 1168 1381 1192 caret
1399 1160 1516 1193 occuteae
1531 1157 1679 1203 litteraris
1699 1155 1836 1201 scrupulo
1856 1182 1867 1198 ‚
1916 1163 1967 1200 qui
2000 1155 2104 1198 definit
2124 1155 2249 1190 obvim

1304 1207 1458 1251 manifesto
1459 1208 1594 1251 facinori
1607 1233 1613 1240 .
1641 1208 1731 1242 Sicut
1742 1207 1831 1242 enim
1841 1230 1852 1247 ,
1866 1207 2068 1242 Serenissime
2080 1205 2250 1249 Princeps,

1305 1270 1400 1304 parva
1426 1259 1543 1293 civitas
1572 1258 1818 1302 praerogativam
1853 1258 1963 1302 Regni
1993 1256 2156 1301 praesentis
2177 1266 2249 1289 non

1305 1309 1426 1344 minuit
1438 1332 1450 1349 ,
1475 1308 1518 1343 fic
1542 1307 1648 1353 Regia
1663 1307 1761 1342 vestra
1779 1306 1917 1350 potestas
1936 1307 2110 1351 Religiosa
2120 1304 2250 1349 dispew

1307 1359 1438 1394 sationis
1450 1358 1634 1393 mensuram
1653 1357 1792 1392 minime
1813 1367 1980 1392 conterere
2000 1356 2096 1391 debet
2108 1354 2160 1389 vel
2176 1362 2248 1389 mu·

1306 1419 1391 1445 tare.
1418 1408 1549 1452 Semper
1560 1407 1639 1442 vero
1655 1407 1697 1442 de
1717 1407 1786 1451 jure
1805 1407 1953 1442 effaetum
1967 1407 2034 1446 est,
2060 1403 2249 1442 sacerdota-

1307 1459 1330 1493 li
1355 1458 1516 1493 Concilio
1528 1457 1570 1492 de
1580 1456 2130 1501 sacerdoribusjudiciaprovenire.
2157 1454 2250 1488 Nam

1306 1508 1560 1552 qualescumque
1583 1506 1782 1549 Pontifices,
1808 1508 1862 1542 etfi
1875 1519 1981 1542 errore
1999 1501 2191 1540 humanitus
2199 1513 2252 1538 ac·

1307 1556 1463 1597 cedente,
1489 1567 1559 1591 non
1580 1567 1691 1591 tamen
1710 1557 1914 1592 conscientia
1937 1556 2151 1601 Religionem
2172 1551 2252 1587 fidei

1308 1605 1471 1640 ullatenus
1492 1605 1706 1645 excedentes,
1731 1606 1918 1640 nullatenus
1948 1606 2101 1639 videntur
2118 1604 2138 1638 ὲ
2159 1611 2250 1648 pote-

1309 1656 1388 1689 state
1408 1654 1551 1695 saeculari
1573 1653 1661 1699 posse
1681 1653 1735 1688 vel
1754 1653 1871 1688 debere
1893 1652 2039 1699 percelli.
2068 1651 2157 1687 Boni
2179 1650 2251 1695 qui-

1307 1703 1382 1739 dem
1404 1705 1439 1738 &
1461 1704 1618 1747 Religiosi
1639 1703 1803 1747 Principis
1813 1704 1881 1744 est,
1910 1702 2068 1738 Ecclesias
2090 1700 2251 1736 contritas

1307 1752 1524 1787 &conscissas
1535 1752 1729 1792 restaurare,
1757 1752 1918 1796 novasque
1939 1751 2114 1792 aedificare,
2141 1740 2251 1785 Sacer&

1308 1802 1402 1837 dotes
1423 1801 1490 1836 Dei
1509 1801 1689 1841 honorare,
1715 1801 1751 1835 &
1771 1812 1847 1836 curn
1869 1802 1994 1836 summa
2002 1801 2085 1836 tueri
2107 1810 2253 1835 reveren·

1309 1853 1376 1893 tia,
1401 1851 1544 1886 adinstar
1563 1849 1751 1890 feliciffimae
1770 1851 2007 1886 recordationis
2026 1850 2061 1885 δε
2085 1849 2132 1894 pii
2158 1848 2253 1892 Ptine

1308 1903 1390 1946 cipis
1409 1901 1648 1942 Constantini,
1674 1899 1751 1936 curn
1770 1900 1811 1935 ad
1828 1912 1904 1936 eum
1923 1901 2100 1935 deferretur
2118 1897 2252 1942 questio

1310 1952 1539 1992 clericorum,
1563 1949 1704 1986 dicentis
1725 1963 1734 1984 ε
1767 1953 1825 1985 Vos
1849 1953 1870 1984 ἃ
1892 1956 2006 1985 nemine
2027 1951 2155 1990 iudicari
2170 1957 2250 1992 pote·

1306 2001 1384 2043 ms,
1412 2001 1609 2035 saecularium
1630 2000 1751 2035 scilicet
1779 2000 1925 2044 judicum
1945 2025 1956 2041 ‚
2001 2007 2053 2044 qut
2066 1998 2158 2044 solius
2189 2000 2251 2034 Del

1303 2052 1420 2093 judicia
1437 2049 1652 2094 reservamini.
1681 2050 1724 2085 Et
1748 2052 1874 2086 sanctos
1897 2050 2254 2098 Apostolos‚leorum·

1310 2113 1373 2146 que
1397 2101 1607 2143 successores,
1634 2100 1693 2135 sub
1704 2101 1828 2135 Divina
1849 2101 2023 2136 testatione
2041 2099 2253 2138 constitutos,

1312 2151 1489 2195 praecepiffc
1508 2150 1648 2195 legimus
1669 2161 1736 2186 uon
1758 2150 1875 2186 debere
1899 2149 2137 2195 persecutiones
2155 2148 2253 2188 fierit

1312 2212 1371 2235 nec
1415 2201 1645 2236 fluctuationes
1665 2225 1676 2242 ‚
1713 2212 1773 2235 nec
1806 2199 1949 2235 invidere
1976 2198 2198 2236 laborantibus
2216 2196 2255 2232 iu

1310 2261 1390 2296 agro
1409 2251 1593 2285 Dominico
1617 2275 1627 2292 ,
1663 2261 1723 2285 nec
1743 2251 1761 2285 a
1784 2249 1987 2296 suis-expelli
2019 2249 2147 2285 sedibus
2167 2254 2253 2283 mter-

1311 2302 1344 2334 ni
1369 2300 1472 2345 Regis
1492 2299 1747 2344 dispensatores.
1776 2300 1863 2346 Quis
1883 2301 1973 2334 enim
1994 2298 2123 2334 dubitet
2147 2299 2254 2333 Sacer·

1309 2349 1401 2385 dotes
1421 2347 1545 2383 Christi
1568 2373 1579 2390 ,
1621 2348 1752 2393 Regum
1773 2349 1806 2382 &
1828 2349 2020 2391 Principum
2042 2373 2053 2388 ,
2088 2348 2254 2383 omnium-

1310 2411 1374 2444 que
1391 2398 1556 2434 Fidelium
1577 2392 1687 2432 Patres
1714 2398 1748 2431 ἀ
1771 2398 1942 2442 magistros
1959 2398 2083 2431 censeri
2110 2398 2123 2430 ?
2149 2397 2254 2431 Non-

1312 2450 1351 2485 nc
1374 2447 1564 2484 miserabilis
1596 2447 1726 2482 insaniae
1746 2448 1809 2482 esse
1842 2446 2048 2491 dignoscitur
2064 2471 2074 2488 ,
2109 2446 2130 2479 si
2164 2446 2253 2480 filius

1311 2499 1466 2540 Patrem,
1491 2497 1670 2541 discipulus
1690 2498 1879 2541 magistrum
1902 2496 1958 2530 sibi
1981 2505 2122 2531 conetur
2145 2494 2251 2538 subju·

1310 2560 1385 2595 gare
1403 2574 1416 2591 ,
1463 2549 1498 2584 dc
1529 2548 1649 2592 iniquis
1680 2546 1943 2591 obligationibus
1974 2545 2070 2580 illum
2102 2543 2256 2589 potestati

1311 2602 1372 2635 suae
1390 2598 1567 2643 subjicere,
1603 2597 1621 2630 a
1636 2608 1704 2641 quo
1724 2595 1854 2631 credere
1873 2596 1970 2630 debet
1988 2607 2057 2629 non
2090 2593 2197 2629 solum
2217 2589 2255 2628 in

1310 2660 1416 2689 terra,
1440 2647 1495 2684 sed
1516 2650 1615 2684 etiam
1637 2648 1673 2680 in
1700 2646 1790 2681 coelis
1813 2647 1845 2680 se
1872 2644 1965 2690 ligari
1987 2645 2074 2688 posse
2092 2643 2126 2679 ὅ(
2147 2643 2254 2678 solvi?

1312 2701 1345 2735 Si
1374 2700 1448 2734 Rex
1469 2698 1576 2732 bonus
1595 2698 1670 2731 estis
1687 2698 1722 2731 &
1746 2694 1957 2736 catholicus,
1982 2695 2016 2729 &
2034 2693 2134 2728 vultis
2150 2694 2214 2729 effe
2238 2716 2253 2734 ,

1312 2749 1402 2795 quod
1422 2749 1607 2788 credimus,
1632 2747 1785 2791 quodque
1805 2747 1909 2790 magis
1942 2754 2113 2788 optamus,
2138 2755 2175 2778 ut
2198 2743 2256 2778 sa'l-

1314 2813 1352 2835 va
1375 2810 1454 2843 pace
1477 2800 1580 2833 vestra
1596 2795 1760 2836 dixerim,
1786 2795 1872 2828 filius
1890 2794 1962 2828 estis
1984 2793 2153 2833 Ecclesiae,
2182 2803 2253 2827 non

1316 2849 1452 2890 Praesul,
1477 2849 1596 2883 discere
1614 2856 1673 2880 vos
1690 2845 1846 2880 convenit
1866 2846 1885 2878 a
1910 2842 2136 2880 Sacerdotibus
2149 2867 2158 2881 ,
2185 2852 2254 2884 non

1313 2911 1368 2935 eos
1390 2898 1524 2942 docere3
1551 2896 1639 2940 sequi
1661 2905 1720 2929 vos
1737 2895 1893 2928 convenit
1926 2893 2112 2929 Sacerdotes
2133 2893 2168 2926 in
2191 2887 2255 2927 Ec·

1315 2948 1516 2989 clefiasticrs,
1544 2957 1613 2981 non
1635 2956 1692 2979 eos
1716 2944 1906 2987 praecedere.

1364 2998 1502 3033 Habetis
1523 2994 1691 3042 potestatis
1713 2994 1826 3028 vestraev
1845 2992 2044 3038 Privilegia,
2066 3003 2140 3036 quae
2156 2990 2258 3027 admi-

1319 3046 1488 3089 nistrandis
1507 3045 1632 3091 legibus
1651 3043 1791 3088 publicis
1803 3042 1822 3077 ὲ
1842 3043 1920 3078 Deo
1939 3044 2134 3078 consecutus
2142 3041 2218 3077 estis
2242 3064 2256 3082 ,
2314 3037 2317 3042 ¹

1317 3109 1353 3135 ut
1362 3097 1431 3141 ejus
1442 3094 1606 3132 beneficiis
1617 3104 1684 3128 non
1712 3094 1861 3138 ingratus
1884 3103 1999 3128 contra
2010 3090 2256 3136 dispositionem

1318 3147 1445 3185 caelestis
1465 3145 1592 3182 ordinis
1613 3142 1697 3178 nihil
1716 3144 1874 3188 usurpetis
1895 3169 1903 3176 .
1941 3143 2002 3178 Sed
2025 3152 2061 3176 ut
2085 3140 2256 3175 salubriori

1319 3197 1469 3236 fruamini
1491 3193 1628 3241 ingenio
1649 3218 1659 3235 ,
1698 3194 1750 3227 bis
1769 3204 1840 3236 quae
1861 3203 1975 3229 contra
1996 3202 2068 3227 eam
2089 3190 2259 3226 malitioso

1319 3247 1454 3285 consilio
1475 3245 1580 3290 magis
1602 3244 1733 3279 forsitan
1755 3245 1851 3288 quim
1884 3243 1997 3277 animo
2023 3241 2126 3275 vestro
2150 3239 2260 3275 minus

1321 3297 1400 3335 bene
1417 3294 1589 3340 usurpastis
1604 3318 1616 3335 ,
1653 3305 1729 3328 cum
1750 3294 1844 3328 omni
1868 3292 2055 3327 humilitate
2085 3291 2120 3326 ὅ(
2152 3289 2265 3325 multi-

1322 3348 1418 3389 moda
1440 3344 1655 3381 satisfactione
1674 3344 1822 3378 citiffime
1833 3342 1973 3378 cedatis.
2000 3340 2054 3376 Ne
2077 3349 2194 3376 manus
2205 3337 2267 3372 Al-

1320 3398 1429 3435 tiffirni
1451 3394 1624 3433 adversim
1647 3404 1707 3430 vos
1727 3402 1861 3430 extenta
1885 3391 1994 3428 mittat
2014 3390 2051 3428 in
2074 3389 2265 3474 vos,dquaii

2133 3450 2151 3474 a
2197 3449 2227 3472 ι-
