2358 3776
555 128 594 176 s,
630 116 931 175 THOMAE
966 92 1381 172 c‘ANTUAR:
1416 118 1548 169 Lm.
1580 123 1640 191 v.

126 222 197 247 rem
217 208 421 255 prasentium
441 216 518 246 eum
545 210 690 245 maxima
710 209 919 244 festinatione
943 205 984 241 ad
1008 218 1066 242 vos

122 261 311 301 mittimus,
338 271 375 296 ut
387 261 474 305 quod
497 259 683 302 audivimus
706 260 947 297 &didicimus‚
972 255 1067 291 vobis

126 311 361 356 significemus.
393 310 544 345 Eundem
564 309 644 355 ergo
667 311 715 345 vel
729 310 831 344 alium
859 307 925 342 fine
938 305 1068 341 dilatio·

129 372 176 395 ne
196 361 236 395 ad
259 372 320 395 nos
343 362 473 395 mittere
494 358 562 395 non
579 361 735 395 differatis
761 357 900 394 &nobis
914 357 1005 400 super
1018 357 1068 392 his

127 406 338 445 voluntatem
347 412 481 445 vestram
492 411 525 445 dc
540 410 697 454 placitum
710 410 835 452 plenius
857 407 1069 448 renuncietis,

126 461 207 503 quia
220 460 300 495 sicut
312 460 370 495 iste
380 473 436 495 ore
454 461 549 495 vobis
571 461 677 494 dicere
701 460 841 503 poterit,
868 456 929 490 soli
939 456 1006 491 fine
1018 470 1067 492 ca-

127 511 221 554 pite,
247 511 280 544 ὅ(
293 512 420 545 auxilio
430 511 555 545 sumus.
584 510 706 544 Nullus
718 509 806 543 enim
821 532 832 548 ‚
856 518 954 551 quem
972 508 1067 542 nobis

125 561 368 605 proposuistis,
393 560 557 595 Mandato
592 561 698 594 vestro
719 584 732 600 ,
759 568 865 600 neque
903 557 1067 601 Praecepto

129 608 267 645 obedire
277 612 370 645 ausus
380 610 446 651 est,
476 621 586 655 praeter
597 610 779 644 Robertum
791 608 960 642 Sacristam
973 632 985 649 ,
1009 608 1066 652 qui

129 661 291 703 quantum
304 660 440 696 scivit&
452 660 559 704 potuit
571 685 582 701 ,
607 660 641 694 in
668 658 808 703 negotio
830 669 963 702 operam
978 658 1068 693 adhi-

130 708 225 744 buit.
256 709 456 751 Oimvero,
481 707 773 747 fiforteevenerit,
796 707 851 743 dic
866 708 961 743 nobis
974 707 1070 744 statu-

128 767 165 793 ta
176 759 418 794 restitutionem
430 771 536 795 rerum
549 759 722 793 vestrarum
734 759 869 793 fecerint
884 784 896 799 ,
922 760 1001 794 ficut
1014 770 1069 793 au-

128 808 557 855 diemusffintelligemus,
586 808 620 842 in
645 809 1069 844 continentivobisrenun-

128 858 294 894 ciabimus
314 884 322 892 .
352 858 472 894 Valeat
493 858 664 893 Dominus
674 859 800 894 noster.
830 858 933 894 Lator
956 859 1013 894 iste
1028 860 1069 893 se-

130 918 224 944 creto
237 909 381 953 quadam
395 908 488 943 vobis
501 920 558 943 ore
579 908 748 950 recitabit,
774 921 845 954 quae
866 920 902 944 ut
924 921 982 953 pro
994 920 1069 944 vero

133 958 327 1000 credamur,
353 956 588 993 abominabilia
601 960 697 994 sunt:
722 961 876 995 &tamen
897 960 970 994 vc'ra
983 960 1068 994 sunt.

131 1007 217 1043 Non
237 1008 282 1043 est
295 1004 379 1052 opu-s
400 1032 411 1048 ,
438 1008 610 1049 Domine,
635 1019 672 1044 ut
693 1010 839 1054 pluribus
861 1011 921 1044 ista
932 996 1069 1052 revelat*

131 1058 215 1099 fiat,
244 1057 470 1102 seclstplacet,
500 1059 614 1103 sepulti
627 1060 685 1094 fint
710 1062 893 1099 sermones,
920 1071 997 1095 cum
1021 1057 1068 1095 soss

128 1106 184 1141 lus
203 1118 241 1141 ea
259 1108 446 1143 audieritis.
476 1109 555 1143 Hoc
578 1109 700 1152 saepe&
722 1111 855 1154 saepius,
883 1110 1069 1164 Domine„

129 1156 230 1191 vobis
242 1159 405 1193 memoriae
413 1160 673 1200 committimus,
700 1170 740 1194 ne
751 1160 784 1194 in
806 1161 967 1205 Angliam
981 1160 1067 1192 veni·

128 1207 360 1248 refestinetis,
386 1208 444 1243 nifi
467 1209 630 1252 puriorem
651 1210 789 1254 gratiam
802 1210 943 1243 Domini
967 1208 1070 1252 Regis

127 1256 268 1301 adipisci
278 1257 422 1301 poffitis.
457 1258 538 1292 Non
557 1258 603 1292 est
623 1260 712 1292 enim
732 1258 835 1293 horno
857 1259 891 1292 in
906 1258 1029 1301 Angfia
1057 1281 1068 1299 ,

129 1306 306 1341 merlam
321 1306 406 1340 solus
426 1307 511 1340 inter
521 1317 660 1345 omnes,
689 1305 731 1340 de
751 1306 869 1348 quibus
881 1306 1066 1340 confideba-

125 1354 192 1394 ἀι,
203 1354 259 1398 qui
272 1365 338 1387 non
350 1354 494 1388 omnino
503 1354 544 1389 de
555 1365 632 1398 pace
644 1354 843 1396 desperet‚&
858 1356 1066 1399 colloquium

128 1402 279 1438 ..strum
293 1428 304 1444 ,
329 1403 363 1437 &
375 1403 624 1438 habimmcirca
635 1405 769 1438 eosdem
780 1429 790 1445 ,
813 1406 869 1448 qui
885 1406 980 1440 vobis
991 1402 1066 1440 conss

127 1453 234 1487 solere
244 1452 399 1487 deberent
409 1453 443 1487 ὃς
454 1453 494 1487 de
506 1453 624 1498 quibus
636 1455 779 1488 maxime
798 1455 1045 1491 confidebamus
1055 1478 1066 1495 ‚

127 1501 236 1538 vitant
242 1512 358 1539 omncs
369 1504 588 1540 communiter
599 1504 632 1539 ἀ
645 1504 780 1550 fugiunt
791 1527 799 1539 .
829 1504 945 1542 Valere
958 1529 969 1539 .

316 1653 724 1692 EPISTOLA
789 1655 882 1691 le.

250 1754 386 1789 Thomaeir
412 1754 636 1796 cantuariensis
674 1754 940 1798 Archi-Episcopus

480 1809 556 1849 Regi
581 1805 697 1848 anglie
714 1829 722 1837 .

236 1903 361 1939 OVIT
384 1904 546 1948 inspector
557 1903 706 1939 cordium
718 1930 729 1946 ‚
754 1906 940 1939 animarum
953 1901 1073 1947 Iudex,

261 1955 293 1988 dc
307 1953 429 1988 vindex
443 1956 611 1997 culparum
623 1953 791 1995 Christus,
821 1955 854 1987 in
876 1964 995 1997 quanta
1006 1952 1071 1985 ani-

129 2004 178 2037 mi
192 2005 333 2046 puritate
345 2005 378 2038 &
390 2004 571 2039 sinceritate
581 2005 703 2038 amoris
722 2004 890 2038 vobiscum
903 2003 1072 2037 fecerimus

131 2060 268 2097 pacem,
293 2053 460 2088 credentes
484 2078 496 2095 ,
523 2053 613 2097 qudd
635 2054 821 2097 (impliciter
844 2055 879 2088 dc
898 2054 984 2087 bona
1007 2050 1072 2086 fide

130 2102 306 2137 nobiscum
318 2114 469 2148 ageretur
482 2129 489 2136 .
517 2105 611 2150 Qid
623 2104 713 2137 enim
737 2104 939 2138 Serenissime
956 2103 1070 2137 Domi·

128 2163 176 2186 ue
191 2176 201 2191 ,
227 2151 317 2185 aliud
336 2155 510 2197 concipere
530 2153 706 2200 debeamus
728 2166 771 2188 ex
793 2154 898 2188 verbis
923 2153 1034 2187 vestris
1061 2176 1072 2192 ,

1109 203 1299 280 'antequam
1320 202 1375 238 ille
1380 227 1399 248 ,
1426 203 1642 246 utmina‘tur,
1672 206 1773 243 nobis
1786 210 1911 246 auferat
1922 212 2022 246 vitam
2039 216 2059 248 .·

1128 256 1223 291 Scitis
1244 263 1351 288 autem
1373 278 1385 295 ,
1424 253 1626 288 Sereniffime
1650 254 1795 292 Domine
1812 285 1822 300 ‚
1860 263 1936 306 quja
1957 262 2058 305 culp„

1130 305 1286 350 particeps
1309 304 1374 342 est,
1402 305 1458 347 qui
1479 314 1554 338 cum
1573 304 1668 347 poffit
1690 308 1848 351 corrigere
1868 335 1879 351 ,
1918 312 2058 356 negligit

1127 355 1304 391 emendare
1314 379 1321 387 .
1351 354 1392 387 Et
1405 354 1485 396 quid
1500 355 1642 396 praefatus
1654 354 1848 397 Ranulphus
1860 361 1952 401 poffit
1967 386 1977 402 ‚
2006 366 2060 398 ni.

1131 407 1152 439 si
1162 405 1271 446 yestrae
1286 404 1468 439 voluntatis
1481 405 1581 438 fretus
1592 404 1625 437 ὃ(
1638 414 1780 438 armatus
1790 405 1827 437 fit
1838 409 2059 446 authoritate?

1132 456 1226 502 Quid
1247 454 1361 488 litteris
1384 454 1525 489 Domini
1553 455 1656 498 Regis
1676 454 1838 488 filiivestti
1863 458 2060 497 responderit

1132 506 1223 550 super
1236 504 1300 539 hoc
1313 506 1467 549 negotio,
1498 503 1667 538 scribentis
1684 504 1724 538 ad
1748 503 1854 547 ipsum
1866 528 1877 544 ,
1906 506 2014 539 audiet
2027 511 2061 543 ἃ,

1130 555 1290 599 judicabit
1313 554 1520 598 beneplacito
1545 555 1602 588 suo
1624 555 1777 589 discretio
1790 554 1906 589 vestra.
1935 555 1976 589 Et
1987 557 2065 598 quia

1131 606 1208 640 ficut
1228 616 1316 639 nunc
1338 617 1379 639 ex
1400 605 1574 648 perspicuis
1596 615 1726 647 apparet
1754 605 1910 644 indiciis,
1934 606 1963 638 S.
1977 605 2067 642 Can-

1132 655 1297 689 tuarienfis
1312 655 1451 689 Ecclesia
1464 654 1706 688 Britanniarum
1719 665 1821 689 mater
1837 655 1870 687 in
1895 651 2028 690 Christo
2051 680 2067 698 ‚

1132 707 1215 750 perit
1227 704 1308 739 odio
1318 705 1436 747 capitis
1447 705 1547 738 nostri
1563 717 1570 736 :
1596 705 1704 738 ncilla
1718 714 1823 747 pareat
1835 728 1845 744 ,
1873 703 1924 738 sed
1937 705 2068 745 evadat,

1132 766 1198 790 tam
1212 756 1289 799 saepe
1305 754 1394 788 disto
1407 754 1608 798 Ranulpho,
1634 756 1731 799 quarn
1752 753 1983 798 Complicibus
2002 755 2072 789 suis·

1136 805 1282 840 Ecclesiae
1294 804 1560 840 persecutoribus
1570 815 1667 848 caput
1680 815 1736 848 pro
1757 805 1821 847 ipsa
1833 829 1844 845 ,
1874 804 1951 839 Deo
1962 805 2070 849 propi·

1134 856 1183 890 tio
1194 880 1205 897 ‚
1226 866 1450 898 exponemus,
1470 856 1571 900 parati
1585 867 1643 899 pro
1655 854 1788 890 Chrisso
1802 865 1868 888 non
1883 853 1986 888 modo
1998 866 2071 889 mo-

1133 907 1180 947 ri,
1208 905 1258 940 sed
1272 905 1307 939 &2
1319 905 1412 939 mille
1426 916 1549 941 mortes
1559 905 1594 939 δε
1604 906 1719 940 omnia
1731 912 1894 940 tormenta
1907 906 2072 949 excipere,

1133 956 1155 989 fi
1170 955 1230 989 ille
1244 966 1297 999 per
1308 956 1448 1000 gratiam
1462 957 1551 990 suam
1564 956 1717 1001 dignatus
1728 956 1825 989 fuerit
1839 955 2001 998 patientiae
2011 956 2071 990 lar·

1133 1005 1197 1051 giri
1210 1006 1311 1040 vires.
1337 1004 1395 1040 Ad
1412 1015 1489 1046 vos,
1516 1006 1681 1047 Domine,
1710 1006 1814 1040 redire
1825 1006 2076 1049 proposueram,

1133 1055 1186 1090 sed
1209 1067 1261 1090 me
1282 1055 1436 1090 miserum
1462 1056 1506 1091 ad
1530 1058 1678 1091 miseram
1701 1056 1876 1091 Ecclesiam
1903 1055 2070 1090 neceffitas

1131 1104 1231 1140 trahit
1245 1120 1256 1140 .-
1276 1106 1322 1141 'ad
1335 1105 1424 1140 illam
1439 1107 1686 1141 vestralicentia
1698 1107 1846 1151 &gratia
1868 1105 2029 1140 rediturus
2056 1129 2071 1146 ‚

1130 1156 1164 1189 δε
1175 1156 1306 1190 fortasse
1319 1168 1360 1191 ne
1375 1158 1433 1190 illa
1448 1168 1553 1200 pereat
1567 1182 1577 1196 ,
1605 1157 1781 1200 periturus,
1812 1156 1869 1189 nifi
1881 1156 1986 1189 vestra·
1997 1155 2072 1199 pie·

1130 1216 1177 1239 tas
1188 1207 1285 1240 aliam
1300 1207 1403 1240 nobis-
1421 1208 1682 1241 consolationem
1697 1206 1839 1241 celerius«
1854 1205 1997 1248 ptaestare
2016 1204 2073 1237 di-

1130 1265 1268 1298 gnetur.
1295 1256 1358 1289 Sed
1382 1256 1442 1289 sive
1469 1257 1607 1289 vivimus
1627 1280 1637 1295 ,
1666 1257 1729 1289 five
1753 1256 1913 1290 morimur
1937 1279 1955 1294 ,Δ
1976 1254 2073 1288 vestri

1129 1305 1239 1337 sumus
1261 1326 1273 1342 ,
1311 1305 1344 1336 δε
1367 1303 1487 1336 erimus
1511 1305 1633 1345 semper
1656 1305 1689 1336 in
1715 1305 1889 1337 Domino:
1924 1304 1958 1336 δε
1981 1302 2076 1345 quid-

1128 1353 1209 1396 quid
1233 1351 1333 1387 nobis
1353 1353 1528 1396 contingat
1549 1353 1584 1386 &
1608 1352 1750 1393 nostris,
1776 1351 1958 1388 benefaciat
1979 1352 2077 1387 vobis

1131 1404 1225 1437 Deus
1238 1402 1398 1437 &liberis
1413 1403 1479 1436 vest
1487 1403 1546 1436 ris.

1303 1500 1716 1537 EPLSTOLA
1816 1501 1898 1538 LV„

1318 1603 1491 1636 Alexander
1519 1603 1609 1645 Papa
1635 1607 1711 1646 Regi
1737 1578 1874 1647 Angliae.

1222 1702 1415 1738 OGNrTo
1441 1714 1482 1737 ex
1493 1703 1613 1736 litteris
1622 1702 1707 1736 Ven-
1719 1704 1844 1736 Fratris
1861 1704 1963 1738 nostri
1974 1702 2074 1739 Tho·

1247 1763 1307 1785 mae
1329 1752 1572 1785 Cantuarieufis
1593 1749 1867 1796 Archi-Episcopi
1892 1776 1903 1792 ‚
1929 1752 2024 1797 quddt
2039 1755 2073 1787 ei

1134 1802 1228 1835 omni
1248 1800 1438 1835 turbatione
1469 1802 1505 1835 ἀ
1533 1813 1670 1835 rancore
1692 1802 1842 1844 deposito
1875 1804 2022 1846 gratiam-
2037 1803 2074 1835 δε

1135 1861 1278 1885 amorem
1300 1861 1394 1885 tuum
1416 1852 1603 1886 restituisses
1618 1876 1628 1890 ,
1657 1853 1752 1885 tanto
1771 1851 1918 1885 laetitiam
1937 1853 1971 1886 δε
1992 1863 2075 1896 gau·-

1135 1902 1226 1936 dium
1239 1900 1473 1944 concepimus,
1499 1901 1624 1945 quanto
1637 1901 1670 1935 id
1687 1901 1762 1934 Deo
1773 1902 1898 1946 gratius
1913 1902 1945 1935 ὃς
1967 1902 2074 1946 magis

1135 1959 1304 1994 acceptum
1327 1949 1488 1991 existere,
1513 1950 1622 1986 &tibi
1644 1951 1783 1995 amplius
1806 1950 2076 1986 honorificum&

1134 2011 1195 2034 tua:
1220 2000 1457 2035 consideramus
1477 2002 1677 2035 fructuosum
1700 2002 1816 2035 saluti.
1846 2002 1959 2036 Tanta
1980 2002 2073 2035 enim

1132 2050 1274 2084 eundem
1298 2049 1616 2096 Archi-Episcopum
1641 2051 1840 2097 Religione‚
1872 2051 2073 2096 prudentias,

1113 2145 1117 2153 ἦ
1133 2100 1320 2142 honestate,
1334 2112 1371 2135 ac
1384 2092 1458 2135 lidei
1475 2103 1592 2139 virtute
1606 2103 1811 2146 praeeminere
1825 2104 2073 2146 cognoscimus,

1111 2150 1222 2195 lqudd
1248 2152 1351 2195 ipsum
1374 2151 1483 2186 tibi&
1501 2152 1620 2198 Regno
1632 2165 1691 2187 tuo
1709 2153 1840 2188 fidelem
1863 2155 1897 2187 ἀ
1911 2154 2073 2187 devotum

130 2213 202 2245 quae
216 2202 268 2234 vel
281 2203 449 2246 arguendo
461 2228 471 2244 ‚
499 2204 548 2236 vel
567 2204 743 2247 mulcendo
758 2203 854 2238 nobis
866 2205 974 2238 vestrae
984 2202 1071 2239 beni·
1111 2200 1117 2231 l
1131 2201 1268 2235 existere
1281 2225 1292 2241 ‚
1319 2201 1439 2236 honori
1463 2203 1497 2237 ἀ
1520 2204 1723 2238 incremento
1745 2214 1804 2238 tuo
1819 2215 1877 2247 pro
1901 2201 2023 2237 viribus
2036 2203 2072 2235 δε

129 2252 268 2296 gnitatis
279 2253 545 2287 communicabat
560 2253 745 2287 humanitas
755 2278 763 2287 .
794 2255 926 2288 Litterae
940 2253 1048 2287 vestrae
1061 2277 1070 2293 ,

132 2312 215 2345 quas
225 2303 265 2335 ad
280 2301 465 2339 Dominum
480 2304 627 2337 nostrum
645 2303 792 2348 Regem,
802 2305 906 2338 filium
920 2304 1071 2343 vestrum,

133 2350 323 2392 destinatis,
351 2362 387 2386 ut
413 2353 509 2387 nobis
530 2354 564 2388 ἀ
581 2354 696 2388 nostris
714 2354 826 2395 omnja
839 2376 849 2393 ,
876 2365 944 2397 quae
956 2351 1071 2386 habue-

131 2411 237 2435 ramus
247 2410 422 2443 antequam
445 2402 666 2437 recederemus
689 2404 730 2437 ab
755 2404 879 2448 Anglia
893 2429 903 2445 ‚
929 2403 1071 2437 restitue-

128 2460 262 2491 rentur,
288 2450 367 2494 quid
379 2452 468 2486 aliud
491 2452 588 2496 quam
627 2451 914 2492 benevolentiam,
936 2463 1071 2496 pacem,

128 2499 380 2534 &securitatem
399 2502 627 2537 omnimodam
650 2502 889 2546 praetendebant'
910 2504 923 2537 ἔ
949 2503 1011 2536 Sed
1023 2513 1072 2535 ec·

89 2559 98 2567 ‘
131 2561 171 2583 ce
183 2573 194 2589 ,
220 2548 310 2591 q‘uod
325 2550 415 2583 Deus
430 2552 522 2585 novit
532 2576 544 2591 ‚
577 2552 672 2586 nobis
693 2565 752 2596 pro
765 2554 900 2587 honoris
913 2552 1006 2586 vestri
1021 2562 1070 2595 pe-

131 2598 240 2633 riculo
256 2623 266 2640 ,
294 2599 392 2642 qudm
405 2611 462 2642 pro
474 2601 627 2634 utilitatis
641 2602 746 2635 vessrae
757 2601 929 2645 dispendio
942 2601 1071 2646 gravius

130 2659 318 2692 reputamus
331 2674 341 2690 ,
368 2660 473 2684 rerum
485 2648 649 2684 exhibitio
663 2662 736 2684 non>
757 2651 993 2693 simplicitatem
1008 2662 1070 2694 pre-

131 2698 241 2741 tendit
265 2710 320 2733 aut
351 2699 473 2734 bonam
492 2701 608 2735 fidem.
639 2701 726 2734 Nam
750 2701 912 2736 restitutio
931 2726 942 2741 ,
969 2712 1069 2743 quam
1092 2740 1094 2743 ,

132 2744 277 2782 nobis&
294 2749 410 2783 nostris
420 2751 489 2784 fieri
513 2750 694 2795 precepistis
707 2774 717 2790 ,
744 2750 846 2785 dilata
869 2751 962 2785 estin
981 2752 1069 2789 diem

129 2798 301 2832 decimum
313 2800 370 2834 sub
384 2800 522 2834 obtentu
546 2799 734 2845 Ranulphi‚
760 2812 858 2847 quem
880 2801 1066 2836 Confiliarii

132 2848 278 2883 Domini
292 2848 392 2884 nostri
406 2874 417 2890 ‚
445 2849 504 2883 filii
518 2851 610 2884 vestri
626 2876 636 2891 ,
650 2851 779 2885 interim
790 2851 1069 2893 conveniendum,

132 2907 172 2931 ut
194 2899 392 2933 Mandatum
417 2900 555 2934 vestrum
582 2901 768 2944 impleretur
790 2927 802 2943 ,
826 2903 1034 2936 'censuerunt
1062 2927 1069 2934 .

135 2947 208 2993 Qui
222 2948 368 2988 sintilli,
403 2947 618 2992 &quomodo
634 2975 644 2990 ,
670 2953 703 2985 &
723 2963 785 2995 qua
806 2952 893 2991 fide,
923 2963 970 2985 res
981 2951 1068 2996 gesta

135 2996 174 3030 sit
187 3020 197 3035 ,
224 3007 304 3037 vos,
332 3008 405 3032 cum
418 3000 595 3042 placuerit,
622 3001 810 3045 inquiretis.
839 3002 947 3035 Nobis
959 3013 1069 3037 autem

134 3047 320 3090 persuasum
332 3049 376 3082 est
390 3047 454 3082 haec
468 3050 535 3084 fieri
550 3050 584 3083 in
604 3049 810 3095 dispendium
838 3052 1005 3093 Ecclefiae,
1034 3053 1068 3086 ὅ(

135 3096 248 3130 salutis
260 3097 364 3130 vestrae
375 3097 409 3131 dc
423 3097 559 3133 honoris
571 3124 580 3138 ,
609 3101 663 3135 nisi
683 3101 873 3146 diligentius
885 3103 1068 3146 corrigatur

136 3146 274 3181 ambis.
302 3146 392 3181 Nam
406 3149 549 3189 praefatus
576 3149 769 3195 Ranulphus
786 3151 914 3186 interim
931 3153 965 3185 in
980 3153 1066 3186 bona

139 3195 290 3230 Ecclefiae
302 3195 519 3232 debacchatur
529 3222 538 3236 ‚
549 3200 583 3232 ὃς
595 3199 738 3236 victualia
753 3202 857 3236 nostra
871 3199 904 3235 in
917 3202 1068 3236 Castrum

139 3245 183 3278 de
193 3245 342 3283 Saltwde
352 3247 451 3281 etiam
465 3257 552 3282 nunc
564 3249 669 3292 palam
691 3253 840 3297 congerit
852 3276 862 3292 ,
887 3253 920 3285 ἀ
931 3253 1009 3286 ficut
1020 3263 1070 3285 ac·

139 3295 286 3337 cepimus
300 3296 341 3329 ab
365 3295 416 3330 his
449 3322 460 3338 ,
487 3298 542 3342 qui
565 3298 596 3332 id
610 3299 722 3342 vobis,
749 3304 769 3336 fi
796 3302 973 3346 placuerit,
995 3313 1069 3346 pro·-

140 3345 215 3378 bare
252 3346 352 3388 parati
395 3348 470 3380 sunt
505 3373 516 3389 ,
569 3349 680 3384 multis
712 3352 918 3386 audientibus
954 3352 1069 3396 gloria-

140 3404 194 3428 tus
205 3394 249 3428 est
263 3417 273 3434 ,
300 3394 387 3439 quod
400 3408 467 3429 non
481 3397 539 3432 diu
551 3399 763 3443 gaudebimus
774 3401 814 3439 de
834 3414 912 3446 pace
933 3403 1033 3436 vestra
1059 3414 1067 3433 :

140 3443 218 3491 quia
229 3456 297 3479 non
310 3446 518 3481 comedemus
529 3459 644 3491 panem
662 3451 824 3497 integrum
847 3453 882 3488 in
907 3447 1032 3499 Angli'a
1058 3475 1071 3495 ,

241 3494 348 3538 Christ.
362 3499 439 3542 Lupi
448 3500 544 3544 Opcra
556 3502 680 3536 Tam-X.

1133 2251 1221 2294 POffe
1243 2273 1256 2290 a
1288 2251 1321 2284 ὅ(
1355 2251 1470 2285 animo
1502 2254 1534 2286 se
1558 2252 1727 2287 intendere
1751 2255 1786 2287 ὅ(
1809 2265 1867 2296 pro
1889 2263 2077 2296 augmento·

1132 2300 1245 2345 gloriae
1280 2300 1316 2333 δι’.
1354 2299 1566 2334 exaltationis
1604 2314 1664 2336 tua:
1692 2303 1832 2336 fideliter
1865 2304 1899 2336 ὅ(
1929 2302 2074 2336 sollicite

1135 2349 1270 2394 vigilare
1298 2361 1366 2383 non
1393 2348 1599 2385 dubitamus.
1629 2351 1792 2386 Caeterum
1819 2353 1978 2395 quoniam
2003 2363 2074 2386 non

1132 2399 1312 2433 remittitur
1341 2411 1509 2443 peccatum
1545 2426 1557 2440 ,
1596 2401 1652 2433 nisi
1680 2402 1866 2433 restituatur
1886 2403 2032 2435 ablatum
2060 2426 2075 2441 ,

1131 2450 1163 2483 δε
1191 2448 1266 2483 licet
1295 2450 1382 2484 idem
1412 2449 1708 2492 Archi-Episcopus
1726 2472 1737 2488 ,
1765 2460 1822 2492 pro
1852 2451 2009 2492 patientia
2036 2452 2072 2485 δε

1132 2499 1329 2540 dilectione,
1357 2509 1454 2542 quam
1482 2509 1557 2542 erga
1586 2509 1618 2532 te
1645 2498 1766 2539 habet,
1793 2498 1858 2532 hoc
1883 2499 1970 2533 forte
1998 2498 2072 2533 sub·

1133 2550 1257 2591 ticeat,·
1283 2549 1354 2582 Nos
1382 2558 1491 2582 tamen
1520 2550 1576 2591 qui
1605 2549 1740 2583 salutem
1767 2559 1857 2582 tuam
1884 2550 2073 2594 summope-

1131 2599 1165 2633 re
1190 2601 1339 2642 cupimus
1358 2620 1370 2636 ,
1389 2598 1423 2632 id
1452 2597 1590 2631 minime
1615 2600 1749 2633 reticere
1775 2599 1950 2634 debeamus
1969 2625 1981 2640 ,
2008 2612 2070 2634 nec

1128 2660 1222 2683 tuam
1233 2649 1323 2683 decet
1337 2649 1617 2692 magnificentiam
1630 2672 1642 2689 ,
1654 2660 1753 2692 quem
1766 2650 1937 2683 Dominus
1949 2651 1993 2684 ita
2004 2660 2071 2684 ma-

1131 2711 1234 2745 gnum
1258 2699 1291 2732 &
1313 2708 1479 2741 potentem
1506 2698 1678 2733 constituit
1694 2723 1704 2739 ,
1731 2698 1845 2741 jnra&
1868 2700 1956 2734 bona
1974 2700 2069 2735 Can-

1132 2749 1296 2783 tuarienfis
1313 2749 1456 2783 Ecclefiae
1466 2749 1631 2789 detinere,
1659 2749 1774 2794 Regiae
1794 2749 1981 2784 Serenitatis
1994 2747 2068 2783 Cle-

1132 2798 1290 2833 mentiam
1301 2799 1452 2844 rogando
1462 2809 1657 2839 monemu5‚
1679 2800 1713 2833 ἀ
1734 2798 1948 2833 exhortamur
1965 2809 2068 2834 atten-

1131 2849 1219 2889 tius,
1246 2859 1404 2892 quatenus
1415 2850 1568 2892 exemplo
1581 2849 1723 2892 Zachei,
1747 2850 1788 2884 de
1810 2860 1877 2893 quo
1900 2849 2020 2894 legitur
2033 2850 2068 2883 in

1134 2900 1336 2943 Evangelio:
1364 2903 1489 2932 Domine
1500 2911 1559 2933 ecce
1572 2901 1731 2932 dimidium
1745 2898 1882 2934 bonorum
1890 2911 2019 2933 meorum
2031 2902 2069 2932 do

1128 2949 1311 2990 pauperibus
1324 2973 1334 2989 ‚
1361 2952 1396 2983 <¹5
1407 2948 1514 2991 fiquld
1533 2949 1719 2991 defraudavi
1738 2950 1831 2984 reddo
1843 2950 2068 2991 quadruplum,

1131 2999 1282 3041 praedicto
1304 2998 1591 3043 Archi-Episcopo
1612 3001 1645 3033 &
1670 2999 1818 3034 Ecclcfiae
1832 3001 1891 3032 suae
1903 2998 2070 3033 ablata-re-

1129 3048 1259 3084 stituere
1272 3074 1282 3090 ,
1301 3049 1419 3084 damna
1431 3051 1464 3084 &
1477 3050 1694 3089 detrimenta,
1721 3060 1790 3092 quae
1804 3049 1869 3083 illis
1890 3047 2029 3082 intulisti
2046 3072 2067 3087 ³,

1130 3100 1162 3132 in
1176 3098 1604 3138 brevistudeasemendare,
1630 3107 1665 3132 ut
1681 3100 1715 3132 in
1727 3111 1787 3140 eo,
1815 3099 1904 3143 quod
1929 3097 2068 3141 deliqui-

1129 3148 1168 3181 sti
1182 3172 1192 3188 ,
1221 3150 1331 3186 Deum
1343 3151 1384 3185 fic
1396 3149 1489 3194 poffis
1503 3150 1641 3192 placare,
1670 3149 1704 3183 δε
1726 3160 1787 3184 nos
1809 3149 1870 3183 ribi
1882 3157 2006 3181 tantam
2017 3148 2066 3180 of-

1128 3198 1250 3234 fensam
1273 3198 1375 3246 digne
1396 3199 1565 3243 indulgere
1589 3199 1742 3243 poffimus
1758 3225 1767 3240 ‚
1795 3199 1827 3232 ἀ
1846 3197 1932 3231 idem
1947 3195 2065 3231 Archi-

1130 3249 1309 3294 Episcopus
1320 3251 1360 3285 ad
1374 3250 1567 3293 obsequium
1587 3251 1621 3284 <Sc
1646 3251 1856 3285 devotionem
1879 3245 2063 3286 mamad

1127 3309 1342 3344 augmentum
1358 3298 1768 3334 honoristui&haeredum
1789 3307 1924 3331 tuorum
1946 3295 2063 3331 debeat

1130 3350 1383 3393 promptissimus
1395 3351 1536 3384 inveniri
1550 3374 1558 3381 .
1582 3347 1781 3383 Volentibus
1804 3355 1915 3380 autem
1927 3347 2014 3382 inter
2024 3354 2062 3379 'te

1128 3399 1283 3443 &ipsum
1307 3410 1418 3443 pacem
1460 3398 1625 3434 reformari
1645 3423 1655 3439 ‚
1708 3397 1854 3441 benigno
1877 3398 1989 3430 favore
2008 3395 2063 3436 ad·

1128 3450 1296 3495 quiescas„
1318 3449 1414 3498 Quos
1437 3449 1514 3485 vero
1538 3448 1634 3490 hujus
1656 3447 1857 3483 dissensionis
1868 3447 1996 3489 noveris
2009 3443 2062 3481 ha-

1534 3499 1566 3532 G
1584 3508 1607 3543 g
1903 3496 2014 3530 &enus
