2358 3776
357 147 465 195 '322

293 222 402 268 pus&
420 217 624 262 Episcopus,
645 225 733 252 certa
754 207 809 260 spe
829 214 871 255 de
883 220 960 259 pace
981 213 1016 249 δε
1035 203 1235 253 reconcilia·-

987 121 1546 179 EPISTOLAE

1291 211 1553 257 quieaieranteo
1565 237 1573 245 .
1600 210 1728 247 Verum
1739 213 1807 257 jam
1817 211 1895 249 diui
1913 206 2040 254 Nun&
2059 220 2158 258 nobis·
2174 213 2226 259 112}

293 273 389 308 tione
399 279 578 312 concepta,
598 267 693 308 illos,
721 268 777 310 qui
790 266 911 300 fuerint
935 263 1127 299 absolvendi
1142 287 1155 304 ,
1180 274 1230 297 ex·
1292 262 1341 298 'tet
1350 274 1462 299 caetera
1474 263 1711 308 proposuerunt
1723 288 1734 303 ‚
1760 265 1849 308 quod
1873 266 2021 309 praefatus
2035 268 2108 305 Rex
2122 275 2228 318 gravi-

294 322 558 356 communicatos
577 317 746 357 ⁸bsOlVC¹¹t
758 340 770 357 2
795 317 840 353 ὶῑδ
860 313 1000 357 quidem
1020 314 1113 365 ‘190‘1
1136 314 1158 349 fi
1170 324 1232 356 ΡΠ
1291 320 1339 349 ter
1349 324 1543 358 provocatus
1554 314 1738 348 firmaverat
1751 316 2009 350 rememoratum
2022 316 2224 366 Archi-Epis.

294 370 451 407 Domino
460 368 597 407 fidente
616 366 763 410 sequatur
775 389 785 405 ι
811 363 939 399 nullum
966 362 1105 398 honoris
1113 377 1126 404 ‚·
1149 363 1234 397 ordi·
1291 374 1411 407 copum
1423 366 1459 399 in
1469 364 1585 399 osculo
1596 363 1785 399 nullatenus
1795 376 1997 409 recepturum
2008 390 2020 407 ‚
2047 367 2101 401 eui
2115 377 2223 407 tamen

292 420 366 462 ¹²1⁵·
392 430 450 463 aut
466 419 570 457 Officii
593 416 773 461 periculum
795 436 808 454 2
833 413 895 448 five
920 412 1067 457 ²lj‘luam
1090 414 1233 448 infamiae
1290 414 1531 460 primogenitus
1542 414 1629 450 filius
1639 415 1714 449 suus
1721 426 1781 459 pro
1791 426 1903 451 amore
1914 416 2024 451 Dei&
2036 412 2158 452 'nostro'
2177 423 2224 456 vi.

289 481 407 508 nctam
418 474 478 514 pto
487 480 528 506 eo
539 467 629 511 quod
638 464 920 501 excommunicati
931 462 1059 500 fuerant
1068 486 1081 503 ,
1088 462 1231 498 debeant

287 520 461 559 sustinete.
489 515 594 557 Archi
606 533 615 542 -
629 514 829 561 Episcopum
847 516 938 551 enim
960 512 1001 548 ad
1011 512 1123 557 pacesn
1136 514 1241 547 susci--

311 570 440 608 ieudam
457 565 618 602 inducent
629 576 671 598 ex
695 576 784 608 parte
795 564 927 605 nostra,
954 564 987 599 δε
1010 564 1034 597 fi
1059 563 1095 597 in
1116 564 1229 609 aliquo

283 582 406 665 {istum
426 627 552 657 metum
570 613 769 664 praetenderit
781 639 793 655 ‚
831 621 868 649 te*
884 614 927 649 ad
950 624 1029 649 eum
1041 612 1225 648 tollendum

283 668 454 706 sollicitius
466 667 642 702 admonere
651 690 663 707 ‚
688 666 722 701 ὅ(
734 663 941 701 multimodis
954 675 995 698 ex
1008 674 1097 707 parte
1120 663 1229 699 Dei&

284 719 396 755 nostra
415 718 456 755 ad
475 729 535 759 ea,
561 727 631 759 quae
654 715 717 754 tibi
742 726 797 760 per
817 726 879 749 nos
899 714 1145 759 figffificamus,
1173 715 1225 748 im—

283 768 403 813 plenda
425 768 585 805 inclinare
606 767 771 804 debebunt
789 790 796 798 .
824 765 951 800 Verum
974 765 996 799 fi
1023 777 1084 808 pax
1100 789 1110 805 ‚
1136 766 1225 808 quod

281 820 377 856 Deus
398 829 543 861 avertat,
570 816 738 855 subsecuta
760 826 830 850 non
854 815 980 858 fuerit,
1005 815 1040 850 &
1064 815 1113 850 illi
1125 815 1182 860 qui
1196 816 1228 849 se

279 869 451 913 appellasse
463 877 653 913 proponunt
664 890 675 906 ,
702 865 957 910 appellationem
970 865 1132 900 duxerint
1147 876 1226 908 pro·-

277 919 500 963 seqoendam,
527 927 710 954 noseorum
725 916 868 952 rationes
886 917 978 961 super
1001 913 1066 949 hoc
1089 915 1226 959 diligen-

280 969 347 1006 tius
367 970 538 1008 audiemus
567 993 579 1009 ,
603 967 639 1005 ec
659 966 753 1004 causa
775 967 912 1013 cognita
935 965 1115 1001 secundum
1135 966 1225 1009 quod

278 1018 375 1057 Deus
385 1018 482 1057 nobis
493 1015 792 1058 administraverit,
818 1015 1058 1062 iudicabimus.
1078 1016 1150 1063 (ξύ
1165 1016 1225 1051 uti·-

276 1078 343 1114 que
361 1071 397 1105 in
418 1069 579 1113 proximis
601 1068 723 1102 ostavis
742 1065 840 1103 Beati
862 1067 1040 1103 Michaelis
1065 1088 1076 1105 2
1102 1065 1166 1100 fiv&
1190 1067 1223 1100 in

275 1119 434 1163 proximo
442 1117 539 1156 Festo
552 1118 659 1155 Sancti
671 1118 771 1153 Lucas
779 1118 1037 1161 appellationem
1051 1116 1141 1150 suam
1155 1128 1223 1160 pro-

273 1169 451 1215 sequantur
463 1192 475 1210 ,
502 1168 548 1205 ita
557 1178 680 1203 vtamen
693 1167 784 1212 qudd
810 1168 1002 1213 prorogatio
1014 1165 1073 1201 ista
1091 1171 1160 1200 non
1172 1168 1225 1202 de·

274 1217 349 1256 beat
381 1219 572 1262 alterutrius
600 1219 703 1267 partis
721 1217 852 1263 justitias
882 1219 921 1255 in
941 1217 1059 1265 aliquo
1081 1217 1222 1265 praejudi—

276 1280 366 1307 care.

458 1365 871 1405 EPlsToLA
978 1367 1034 1402 11⁶

264 1439 267 1443 Ι
329 1487 331 1493 f
389 1470 559 1504 Alexander
587 1470 679 1508 Papa
706 1467 839 1500 Rati-odo
863 1445 1095 1509 Rotbomaegenfi
1166 1476 1169 1477 ⁷

601 1515 886 1559 Archi-Episcopo.
940 1520 943 1538 ἵ

367 1617 575 1658 UONIAM
601 1616 643 1653 de
655 1618 793 1662 persona
802 1626 861 1652 tua
871 1627 936 1661 prae
945 1615 1067 1651 caeteris
1087 1616 1221 1662 Coepit:

393 1673 485 1716 copis
495 1672 561 1705 tuis
572 1668 607 1702 ἀ
616 1668 690 1703 aliis
703 1667 848 1711 personis
868 1667 1100 1703 Eccleliasticis
1110 1691 1122 1708 ,
1149 1677 1222 1711 quat

279 1719 287 1727 ³
331 1740 346 1747 ·†
382 1725 418 1757 in
429 1731 512 1756 terra
525 1717 659 1751 illustris
671 1718 862 1761 Anglorum
882 1717 988 1762 Regis
1001 1717 1182 1751 conlistunt
1207 1741 1219 1758 ,

271 1771 447 1819 specialem
468 1766 624 1803 fiduciam
647 1765 854 1808 obtinemus,
882 1766 917 1800 ec
941 1776 974 1801 te
985 1766 1083 1800 nobis
1101 1767 1136 1801 δε
1158 1767 1221 1801 Ee-

269 1817 757 1862 clefiaeRomanatfincenffima
780 1813 938 1850 novim'us
961 1814 1143 1851 devotione
1164 1815 1220 1850 ad·

270 1873 439 1915 arietum,
464 1867 528 1904 tibi
538 1866 714 1911 negotium
737 1865 947 1908 Venerabilis
975 1866 1095 1900 Fratris
1117 1866 1218 1900 nostri

270 1924 419 1960 Thomae
430 1914 677 1955 Cantuatienfis
688 1915 964 1959 Archi-Episcopi
982 1914 1023 1949 de
1045 1926 1123 1958 pace
1132 1916 1165 1949 δε
1175 1914 1222 1950 re-·

267 1971 511 2011 conciliatione
531 1968 587 2002 sua
608 1966 831 2001 commisimus
851 1964 1081 2009 exequendum
1095 1980 1112 1997 .·
1137 1964 1220 1999 Inde

269 2020 520 2069 equidem-em
535 2017 629 2063 quod
639 2016 853 2052 Fraternitati
863 2025 927 2050 tuae
947 2025 1009 2060 *per
1020 2014 1217 2059 Apostolica

267 2074 385 2120 scripta
406 2068 626 2117 praecipiendo
650 2067 847 2102 mandamus
860 2089 872 2106 ‚
900 2071 1042 2100 *necnon
1063 2064 1142 2099 &in
1155 2065 1220 2099 vir·

269 2133 341 2162 tute
350 2122 548 2163 obedientia
559 2118 766 2164 injungimus
776 2142 787 2158 ,
814 2116 974 2161 quatenus
986 2117 1021 2149 in
1035 2115 1219 2160 praescripto

269 2174 414 2222 negotio
424 2174 516 2208 itate
525 2169 733 2205 constantem
746 2168 781 2203 ἃς
791 2165 988 2211 diligentem
1007 2167 1103 2200 omni
1114 2165 1219 2199 timo·-

270 2237 309 2262 re
327 2226 363 2260 δε
385 2223 598 2259 dubitatione
621 2230 747 2254 remota
759 2217 916 2253 exhibeas
927 2241 939 2257 ,
964 2215 1055 2260 quod
1066 2216 1217 2258 praefatus

269 2276 349 2311 Rex
358 2273 591 2308 pontificalem
603 2270 637 2303 iu
659 2280 692 2303 te
717 2269 940 2302 maturitatem
951 2266 986 2298 δι
996 2265 1215 2299 constantiam

270 2324 443 2363 inveniat,
469 2323 502 2355 &
521 2330 554 2355 te
575 2312 689 2353 Deum
709 2319 742 2351 δε
754 2315 858 2350 officii
880 2313 931 2348 tui
945 2312 1097 2348 debitum
1111 2315 1216 2358 magis

270 2376 372 2421 quam
398 2371 573 2408 hominem
592 2366 729 2402 revereri
752 2364 932 2410 cognoscat
950 2382 966 2395 ,ν
985 2362 1062 2397 Nos
1085 2374 1218 2407 quoque

273 2429 331 2470 spe
343 2424 402 2458 illa
414 2446 426 2463 ,
450 2428 550 2465 quam
561 2417 603 2451 de
613 2427 669 2450 tua
684 2417 822 2459 persona
831 2415 899 2458 jam
924 2413 1053 2457 pridem
1069 2414 1217 2457 concepi-

271 2485 372 2516 mus,
395 2463 830 2514 &sapiusexpertisumus,
857 2463 1065 2509 nequaquam
1089 2463 1218 2497 frustre-

272 2537 348 2562 mur
365 2549 377 2565 ‚
403 2533 464 2557 nec
477 2530 510 2555 te
519 2519 562 2554 ad
574 2514 747 2560 praescripti
760 2513 888 2558 negotii
907 2514 1135 2547 executionem
1159 2525 1219 2557 prae

274 2576 397 2612 caeteris
409 2569 578 2618 personis,
603 2577 671 2610 quae
693 2566 727 2599 in
754 2574 837 2598 terra
858 2564 1031 2598 memorati
1044 2563 1146 2608 Regis
1157 2565 1218 2598 effe

275 2626 479 2663 noscuntur,
503 2616 686 2664 specialiter
722 2614 853 2659 elegisse
889 2613 1064 2648 debeamus
1101 2615 1219 2648 merito

275 2674 439 2720 poenitere
451 2696 463 2712 ,
490 2669 543 2703 sed
555 2676 645 2701 tuam
657 2664 766 2707 potius
777 2665 869 2707 super
880 2664 945 2697 hoc
958 2663 1217 2699 sollicitudinem

275 2726 314 2761 δε
323 2719 535 2768 diligentiam
548 2725 717 2752 teneamur
728 2713 956 2759 multipliciter
968 2714 1216 2750 commendare.

450 2812 864 2854 EAP'ISTOLA
963 2813 1043 2848 111.

282 2924 454 2964 *leganda-
463 2923 553 2963 Papa
577 2915 707 2950 mnodo
730 2914 956 2959 Rotbomagenfi
966 2940 978 2958 ,
1004 2915 1038 2949 (2⁶
1060 2917 1222 2950 Bernardo

567 2963 751 3007 Ntvcrnenfi
770 2964 934 3008 Episcopo.

372 3066 666 3111 HARISSIMUS
690 3066 727 3101 in
748 3064 883 3099 Christo
907 3065 994 3098 filius
1011 3067 1118 3102 noster
1131 3067 1223 3101 Heu,

399 3126 484 3160 ricus
497 3119 628 3155 illustris
649 3116 838 3162 Anglorum
858 3116 954 3155 Rex,
984 3116 1078 3149 nobis
1101 3128 1155 3160 per
1174 3116 1222 3151 ηε.

287 3174 579 3216 teras&Nuncios
601 3167 819 3213 fignificavit,
840 3164 929 3208 quod
940 3164 1007 3208 ipse
1031 3165 1220 3201 Venerabili

286 3228 393 3266 Fratri
402 3225 514 3260 nostro
525 3220 671 3256 Thomae
692 3217 977 3260 Archi-Episcopo
996 3215 1218 3251 cantuariens,

288 3277 509 3315 concesserat,
533 3280 572 3306 ut
593 3279 652 3313 pto
673 3277 784 3302 amore
807 3266 1040 3300 Dei&nostro
1053 3289 1065 3306 ‚
1090 3277 1219 3300 necnon

288 3330 325 3364 &
348 3325 496 3362 Ecclefiae
514 3322 674 3357 Romana
696 3342 708 3358 ‚
745 3318 786 3351 ad
809 3316 985 3350 Ecclesiam
1003 3316 1093 3350 suam
1117 3316 1223 3350 secur&

291 3378 440 3415 veniret,
465 3377 498 3409 δε
510 3382 582 3408 eam
593 3379 693 3413 atque
713 3377 830 3402 omnes
855 3367 1056 3409 possessiones
1073 3366 1143 3399 suas
1155 3391 1165 3407 ‚
1190 3368 1221 3400 fi.

290 3438 350 3464 cut
371 3424 486 3459 habuit
504 3420 677 3464 antequam
698 3418 820 3457 exiret,
847 3416 926 3449 dum
950 3417 983 3449 in
996 3417 1100 3460 gratia
1112 3417 1165 3449 sua
1176 3418 1219 3450 es,

294 3481 340 3515 set
350 3503 362 3521 ‚
386 3477 423 3511 in
440 3484 517 3518 pace
533 3480 656 3506 teneret
674 3478 772 3512 atque
789 3465 942 3502 habetet.-
965 3467 1001 3502 &
1013 3466 1062 3501 sui
1076 3465 1221 3502 limiliter

1291 464 1394 499 desua
1415 466 1560 501 osculum
1580 463 1766 501 exhiberet.
1793 464 1954 511 Magister
1964 463 2098 513 quociue
2118 467 2229 505 Vivia·

1292 518 1353 555 τιμε
1372 514 1412 549 ad
1429 515 1633 560 praesentiam
1656 514 1799 551 nostram
1820 517 1962 551 reversus
1973 515 2075 558 nobis*
2088 516 2230 563 diligen·

1290 563 1354 598 tius
1366 565 1547 609 intimavit,
1572 567 1662 610 quod
1681 567 1749 611 jam
1771 564 1860 601 disto
1884 564 2188 612 Archi-Episcopo
2217 564 2239 611 ξ

1290 613 1370 649 ficut
1380 616 1414 649 in
1426 615 1612 662 Colloquio
1627 617 1715 660 apud
1727 625 1877 651 montem
1892 617 2082 661 Martyrum
2108 616 2230 653 habito*

1291 664 1512 709 intellexerat,
1537 668 1677 712 gratiam
1689 667 1724 702 δε
1735 666 1884 702 amorem
1893 668 1988 702 suum
2006 667 2200 703 concederet
2216 673 2236 710 ‚‘

1289 715 1439 759 &ipsum
1451 718 1656 760 possessiones
1667 719 1738 753 suas
1747 742 1759 758 ,
1787 718 1868 752 ficut
1882 718 2090 762 praedeceflor
2103 729 2156 753 eas
2169 730 2231 752 un-

1288 765 1385 808 quam
1406 766 1523 801 melius
1548 767 1726 807 habuerat,
1751 769 1871 803 faceret
1892 768 2071 809 obtinere,
2099 779 2231 803 necnon

1286 815 1321 848 &
1333 816 1424 851 mille
1435 827 1554 853 marcas
1564 818 1596 853 ei
1607 829 1666 863 pro
1688 829 1845 863 apparatu
1868 819 1928 853 suo
1954 819 1995 854 ad
2008 818 2139 862 praesens
2151 829 2234 853 con·

1286 864 1396 901 ferret.
1430 866 1511 903 Inde
1524 867 1680 912 fiq'uidem
1691 864 1737 902 est
1748 892 1760 909 ,
1786 869 1877 912 quod
1891 879 1953 903 nos
1963 870 2005 904 de
2027 868 2202 913 prudentia
2216 892 2229 910 ‚

1286 914 1479 952 discretione
1499 918 1632 965 quoque
1653 917 1756 951 vestra
1775 919 1810 952 ὅ(
1832 915 2003 954 honestate
2031 919 2162 963 plenam
2188 919 2226 953 in

1285 966 1439 1001 omnibus
1458 969 1546 1011 spem
1569 968 1794 1010 fiduciamque
1813 971 1982 1009 tenentes,
2007 969 2041 1004 δι
2063 968 2154 1014 quod
2166 981 2233 1004 no·

1287 1016 1379 1051 bis&
1392 1017 1540 1052 Ecclefiae
1550 1019 1710 1052 Romana:
1727 1016 1933 1052 finceriffima
1959 1019 2033 1053 estis
2042 1018 2227 1054 devotione

1286 1066 1446 1108 adstriCli,
1473 1067 1692 1102 nibilominus
1712 1066 1917 1102 attendentes
1930 1073 1945 1106 ‚'
1968 1077 2028 1101 vos
2050 1067 2091 1102 a'd
2104 1079 2226 1111 praeno-

1287 1118 1448 1152 minatum
1462 1117 1588 1163 Regem
1600 1119 1634 1153 ἀ
1647 1114 1973 1160 Archi-Episcopum
1986 1127 2047 1160 pro
2061 1115 2159 1158 hujus
2173 1129 2224 1162 pa·

1285 1166 1536 1202 cisexecutione
1554 1168 1707 1202 duximus
1729 1165 2000 1202 transmittendos
2023 1191 2032 1199 .
2058 1166 2230 1214 roirca

1285 1217 1492 1253 Fraternitati
1504 1217 1614 1252 vestrae
1626 1230 1684 1262 per
1695 1216 1893 1262 Apostolica
1906 1216 2021 1260 scripta
2032 1214 2230 1258 &nudamus

1284 1277 1382 1311 atque
1394 1268 1598 1312 praecipimus
1608 1293 1618 1308 ‚
1646 1279 1778 1302 necnon
1789 1268 1822 1302 δε
1836 1267 1870 1300 in
1899 1267 2022 1301 virtute
2032 1265 2229 1303 obedientie

1284 1316 1488 1362 injungimus
1509 1342 1520 1357 ,
1557 1317 1718 1360 quatenus
1743 1317 1778 1349 in
1799 1327 1904 1349 unum
1925 1314 2174 1352 convenientes*
2187 1314 2229 1358 ad

1284 1368 1426 1402 eundem
1438 1367 1567 1415 Regem
1579 1366 1662 1401 infra
1676 1367 1819 1401 mensem
1831 1367 1902 1409 post
1914 1363 2030 1407 harum
2048 1366 2229 1419 fiiseppeio-

1285 1427 1362 1451 nem
1375 1418 1554 1450 litterarum
1580 1417 1640 1449 iter
1662 1415 1847 1457 accipiatis,
1870 1414 2228 1460 &eumen-partem

1284 1465 1317 1499 de
1326 1466 1436 1500 nostra
1446 1465 1638 1509 diligentius
1648 1475 1685 1498 ac
1695 1462 1870 1497 sollicitius
1879 1463 2042 1497 moneatis
2054 1464 2095 1497 δι’
2113 1459 2234 1513 multi&

1283 1514 1394 1550 modis
1431 1515 1590 1550 inclinare
1626 1514 1768 1555 curetis,
1793 1513 1884 1556 quod
1911 1512 2081 1555 saepedicto
2107 1512 2237 1556 Archi:

1285 1564 1450 1609 Episcopo
1469 1575 1582 1609 pacem
1593 1565 1626 1599 ὅτ.
1644 1564 1850 1598 securitatem
1876 1562 1966 1598 suam
1975 1562 2139 1598 concedat
2150 1555 2235 1604 ,Ἲς

1281 1625 1358 1649 eum
1370 1614 1416 1650 ob
1427 1615 1560 1650 Divinae
1570 1613 1752 1658 Majestatis
1765 1612 1982 1647 reverentiam
1995 1612 2033 1648 δι’
2041 1623 2101 1658 pro
2121 1612 2234 1650 hono*

1282 1675 1315 1700 re
1325 1666 1420 1701 Beati
1430 1664 1520 1700 Petri
1549 1677 1587 1700 ac
1610 1664 1745 1705 nostro,
1773 1673 1907 1698 necnon
1928 1663 1962 1698 δι
1974 1672 2033 1708 pro
2053 1662 2158 1698 filute
2169 1660 2235 1701 suo’

1282 1716 1315 1749 in
1338 1716 1452 1751 osculo
1471 1716 1560 1760 pacis
1582 1715 1718 1759 recipiat
1741 1737 1760 1755 ,ν
1779 1714 1816 1750 ἃ
1837 1714 1902 1757 ipfi·
1916 1724 1956 1750 ac
1978 1712 2041 1748 suis
2061 1709 2240 1749 universal

1281 1765 1488 1808 pollessiones
1509 1777 1624 1801 eorum
1644 1790 1655 1806 ,
1681 1765 1762 1798 ficut
1785 1765 1934 1808 unquam
1952 1774 2009 1798 eas
2031 1762 2236 1799 melius-‘lias'

1281 1813 1405 1856 buerit,
1434 1814 1714 1858 quemadmodum
1737 1824 1792 1856 per
1814 1814 1984 1857 plerosque
2001 1813 2234 1848 Nune-ioum

1280 1864 1360 1898 stros
1371 1888 1382 1905 ,
1407 1864 1441 1898 ἀ
1451 1864 1595 1898 maxime
1610 1875 1664 1906 per
1679 1863 1832 1898 dilectum
1858 1862 1964 1897 filium
1979 1862 2229 1898 nostrum'Wil-

1271 1914 1426 1963 flhelmum
1435 1915 1527 1950 tituli
1540 1914 1647 1949 Sancti
1671 1912 1761 1948 Petri
1772 1913 1814 1947 ad
1827 1912 1971 1947 Vincula
1983 1912 2237 1959 Presbyterum-¹

1272 1962 1513 2004 ‚Cardinalem,
1541 1974 1638 2007 atque
1660 1964 1880 2007 prescriptum
1909 1963 2092 2009 Vitianum
2115 1963 2224 2008 ipsum

1271 2014 1437 2059 saetarum
1450 2013 1629 2057 promisisse
1639 2015 1823 2057 accepimus
1835 2038 1845 2054 ,
1871 2013 2049 2048 clementer
2061 2013 2223 2054 restituat,

1272 2063 1312 2099 3&
1325 2063 1419 2098 illum
1431 2064 1473 2098 ad
1486 2063 1661 2098 Ecclesiam
1674 2065 1764 2098 suam
1786 2063 1884 2098 faciat
1903 2062 2012 2098 secute
2030 2063 2136 2098 redire
2149 2089 2159 2103 ,
2187 2063 2223 2098 δε

1278 2114 1402 2148 ibidem
1417 2115 1451 2147 in
1463 2125 1542 2158 pace
1567 2125 1698 2149 manere
1710 2139 1722 2147 .
1750 2113 1857 2148 Archi
1868 2132 1877 2138 -
1893 2113 2095 2158 Episcopum
2115 2114 2222 2148 etiam

1273 2164 1319 2197 iad
1344 2163 1434 2198 illam
1458 2175 1570 2208 pacem
1597 2164 1839 2208 suscipiendam
1859 2175 1901 2198 ex
1920 2173 2009 2207 parte
2026 2162 2160 2204 nostra,
2186 2164 2221 2198 dc

1278 2225 1353 2247 eum
1367 2225 1402 2248 ut
1413 2225 1490 2259 erga
1501 2215 1629 2260 Regem
1649 2223 1812 2259 quantum
1824 2214 1911 2248 salva
1931 2212 2080 2248 libertate
2101 2213 2226 2247 Eccle·

1281 2265 1369 2297 naz&
1380 2263 1498 2308 absque
1511 2265 1657 2309 periculo
1669 2266 1726 2299 suo
1747 2276 1786 2298 ac
1810 2265 1942 2298 suorum
1957 2264 2061 2308 potest
2075 2288 2088 2306 ,
2115 2264 2148 2297 se
2160 2261 2223 2297 hu-

1280 2314 1403 2353 miliet,
1431 2315 1607 2350 instantius
1630 2316 1807 2349 moneatis.
1839 2313 2066 2349 Veruntamen
2090 2314 2114 2348 fi
2144 2313 2231 2348 Rex‘

1279 2363 1319 2397 ad
1339 2363 1540 2398 solutionem
1562 2365 1652 2399 mille
1674 2375 1852 2399 marcarum
1871 2389 1881 2404 ,
1919 2365 1959 2398 de
1979 2363 2102 2407 quibus
2126 2365 2231 2407 supra·

1276 2413 1416 2452 ,fecimus
1426 2414 1631 2447 mentionem
1643 2438 1654 2454 ,
1675 2414 1826 2448 inclinari
1840 2425 1908 2447 non
1921 2414 2015 2456 possit
2026 2437 2036 2452 ‚
2059 2414 2219 2448 nolumus

1280 2473 1315 2497 ut
1327 2474 1391 2507 pax
1403 2473 1531 2506 propter
1550 2460 1616 2497 hoc
1634 2463 1841 2506 aliquatenus
1863 2462 2083 2505 impediatur,
2106 2461 2130 2493 fi
2150 2463 2217 2498 alia

1280 2512 1354 2547 Rex
1366 2512 1445 2547 velit
1457 2513 1620 2557 complere
1633 2536 1641 2544 .
1665 2508 1768 2559 Qod
1781 2513 1801 2544 fi
1815 2523 1852 2545 ea
1866 2523 1935 2554 quae
1948 2509 2045 2545 nobis
2058 2510 2230 2554 promisit,-

1278 2564 1313 2597 &
1326 2562 1467 2597 maxime
1478 2564 1520 2597 de
1533 2564 1661 2607 integra
1677 2562 1906 2605 possesslonum
1928 2560 2109 2595 ablatarum
2127 2560 2218 2595 testi-

1278 2615 1428 2653 tutione,
1454 2614 1489 2647 ἀ
1510 2613 1567 2647 illa
1586 2614 1687 2646 etiam
1709 2622 1779 2655 quae
1800 2610 1857 2645 fibi
1869 2612 1911 2644 de
1927 2611 2043 2645 osculo
2058 2609 2117 2643 filii
2135 2611 2215 2646 velit

1278 2664 1342 2698 effe
1354 2672 1531 2698 contentus
1539 2687 1550 2704 ,
1578 2663 1662 2696 insta
1673 2660 1889 2705 quadraginta
1899 2661 1968 2695 dies
1977 2661 2047 2705 post
2067 2670 2216 2696 commo·

1281 2715 1443 2748 nitionem
1464 2713 1608 2747 nostram
1633 2711 1777 2746 noluerit
1797 2710 1973 2754 adimplere
1987 2734 1999 2749 ‚
2027 2720 2084 2744 vos
2107 2720 2227 2747 totam¹

1281 2775 1402 2799 terram
1421 2763 1489 2806 ejus
1510 2762 1730 2797 cismarinam
1751 2759 1952 2795 authoritate
1973 2759 2065 2794 Beati
2078 2760 2214 2797 Petri&

1282 2814 1389 2849 nostra
1401 2838 1413 2855 ,
1437 2811 1531 2846 omni
1549 2812 1807 2847 contradietione
1825 2812 1858 2844 δε
1877 2809 2095 2853 appellatione
2107 2818 2225 2846 remo-'

1281 2875 1336 2906 ta,
1363 2857 1703 2898 interdistisententiae
1715 2860 1914 2904 subjiciatis,
1939 2860 2019 2894 &in
2037 2870 2073 2894 ea
2095 2861 2209 2895 omnia

1282 2916 1428 2952 Divina,
1454 2924 1564 2958 praetet
1574 2912 1733 2958 baptisma
1745 2910 1951 2954 parvulorum
1963 2935 1972 2950 ,
2000 2910 2035 2943 &
2048 2921 2212 2953 poeniten-

1282 2967 1342 2999 tias
1351 2963 1564 2999 morientium
1577 2988 1588 3004 ,
1614 2959 1812 3006 prohibeatis
1823 2960 1932 2993 officia
1944 2959 2098 2994 celebrari
2112 2984 2124 3002 ‚
2149 2959 2210 2995 nisi

1282 3014 1366 3050 forte
1375 3015 1472 3049 vobis
1486 3013 1630 3048 omnino
1639 3011 1800 3046 constaret
1814 3034 1825 3050 ,
1844 3010 1933 3051 quod
1947 3009 2025 3054 saepe
2037 3011 2122 3044 satus
2135 3010 2211 3045 Rex

1284 3065 1450 3100 Henricus
1482 3065 1517 3098 in
1550 3062 1635 3098 brevi
1657 3060 1727 3104 post
1757 3060 1974 3104 quadraginta
1996 3061 2066 3094 dies
2084 3061 2211 3104 elapsos

1283 3115 1474 3159 adimpleret
1487 3138 1499 3155 ,
1524 3123 1580 3149 aut
1591 3110 1885 3155 Archi-Episcopus
1898 3110 2047 3145 osculum
2067 3111 2128 3144 filii
2147 3121 2209 3153 pro

1285 3169 1343 3201 suo
1356 3164 1433 3200 velit
1445 3165 1617 3209 suscipere.
1629 3178 1631 3181 ·
1645 3161 1680 3195 Si
1702 3171 1813 3196 autem
1826 3172 1886 3204 pax
1899 3160 1994 3194 fuerit
2007 3170 2208 3202 cooperante

1285 3216 1436 3252 Domino
1461 3215 1708 3253 consummata,
1743 3222 1802 3246 vos
1825 3211 1964 3244 eundem
1987 3210 2115 3254 Regem
2138 3219 2208 3244 non

1285 3267 1392 3302 statim
1404 3276 1480 3310 pace
1498 3265 1576 3299 faeta
1594 3287 1606 3303 ‚
1632 3262 1685 3296 sed
1708 3262 1778 3306 post
1798 3259 2039 3304 aliquantulum
2059 3260 2208 3294 interval*

1285 3318 1354 3352 lum
1365 3314 1540 3351 secundum
1550 3313 1778 3347 discretionem
1800 3311 2167 3353 vestraminterpofitum
2194 3332 2207 3348 ‚

1283 3380 1324 3402 ex
1334 3376 1423 3410 parte
1434 3364 1498 3399 Dei
1507 3364 1542 3398 ἀ
1552 3362 1822 3398 commonitione
1837 3361 1934 3394 vestra
1957 3364 2076 3394 curetis
2086 3383 2098 3400 ‚
2123 3360 2157 3394 ἀ
2172 3360 2203 3392 ei

1284 3420 1317 3452 in
1341 3416 1530 3451 deli-storum
1563 3414 1693 3447 suorum
1715 3414 1845 3447 veniam
1869 3410 2046 3455 injungatis
2073 3433 2085 3450 ‚
2118 3407 2204 3451 quod

1279 3465 1532 3503 consuetudines
1543 3475 1676 3510 pravas,
1700 3474 1733 3499 et
1745 3461 1820 3497 illas
1832 3461 1975 3496 maxime
1990 3469 2068 3504 quas
2089 3459 2153 3500 ipse
2164 3456 2204 3490 de

2074 3517 2160 3542 novo
