2358 3776
274 106 320 153 S.
390 97 771 148 THOMAE
840 92 1056 142 CAN*

149 190 224 228 Nec
233 186 311 224 dico
331 184 421 230 quod
434 192 555 225 omne,
579 181 655 216 licet
667 180 685 215 a
699 179 787 214 malo
801 174 953 221 procedat
965 199 976 216 ‚
1001 175 1039 210 fit

101 241 259 279 illicitum
277 237 497 282 juramentum
519 257 528 265 .
555 230 665 267 Habet
683 230 773 264 enim
797 225 959 262 interdum
983 236 1040 260 ve·

101 292 213 329 niam:
237 288 395 324 cuilocus
417 281 559 320 omnino
570 292 637 316 non
658 278 728 319 est,
756 278 816 312 nisi
836 286 912 311 cum
931 286 1040 309 occur-

100 340 292 389 renticulpae
313 338 398 371 ratio
421 333 548 370 veniam
570 327 766 378 impetrarit.
794 328 921 370 Locum
943 325 1040 383 islu‘m

98 400 251 437 praetereo
263 414 274 430 ,
299 387 377 422 Deo
391 384 500 430 potius
519 378 758 432 discutiendum
779 378 813 411 δε
833 376 1042 410 conscientiis

103 439 327 486 singulorum,
353 447 394 471 ne
412 435 436 469 si
459 429 539 478 quid
549 428 713 475 argutius,
740 438 798 472 pro
812 436 848 460 ut
867 427 953 460 ratio
974 427 1042 481 sug-

105 493 212 538 gerit,
235 490 387 524 elocutus
401 487 493 523 fuero
504 480 576 523 ‚in
598 479 760 519 aliorum,
783 477 818 510 ὅ(
838 477 966 510 fortasse
997 487 1043 508 m·

106 540 320 579 nocentium,
345 536 402 581 qui
414 534 595 579 juramenta
606 527 838 574 praestiterunt,
864 526 1042 572 sugillatio-

108 603 184 626 nem
202 590 312 625 videar
322 581 480 632 ,spiritum
496 579 641 617 effudisse
663 605 671 612 .
708 577 805 613 Malo
825 577 914 610 enim
937 575 1045 609 mode-

109 643 246 676 rationis
259 632 380 673 habena
393 633 564 668 ⁴calamum
589 627 744 664 cohibere
762 652 773 669 ‚
798 626 895 671 quam
914 626 1045 660 Divina:

110 693 193 737 legis
217 685 368 725 articulos
378 693 570 731 congerere,
595 680 652 723 qui
671 679 727 713 etsi
739 678 818 712 reste
833 676 958 720 probati
980 677 1047 710 fue-

111 752 211 783 runt,
234 737 396 775 interdum
414 745 482 768 non
496 732 553 767 nisi
563 728 603 765 ad
615 728 850 764 subverfionern
871 726 1047 770 proficiunt

113 779 298 827 auditorum
311 813 319 821 .
345 779 495 818 Transeo
508 791 586 828 ergo
597 779 637 815 ad
650 779 704 813 illa
718 802 728 818 ,
754 788 893 821 quorum
912 787 947 810 tu
961 774 1048 810 dedi-

112 830 153 875 st'i
173 839 363 875 materiam,
386 843 483 868 orans
505 832 538 866 ἀ
557 829 748 869 obsecrans,
774 838 809 861 ut
830 838 897 861 non
918 826 1049 861 deficiat

112 889 191 925 fides
201 898 257 923 tua
268 911 280 927 ,
306 896 365 919 nec
374 881 483 918 credas
495 880 620 926 spiritui
640 890 753 914 eorum
767 901 779 917 ,
802 877 858 921 qui
880 877 971 910 suum
983 875 1049 909 Ne-

112 949 250 985 ptunum
270 937 455 980 sequentes,
486 932 556 976 ipso
566 927 730 965 mediante
740 926 961 973 properantad
976 925 1047 960 Plu·

111 1000 250 1029 tonem,
274 986 309 1021 δε
329 982 529 1020 descendunt
551 982 586 1015 in
610 980 780 1015 Infernum
797 979 961 1027 viventes.
988 976 1051 1010 Lo-

78 1038 83 1059 ἷ
112 1048 254 1085 quantur
274 1033 406 1071 interim
426 1044 496 1076 quae
517 1031 702 1072 voluerint,
726 1029 873 1073 jactitent
899 1029 929 1062 se
941 1026 1051 1060 adver·

80 1088 82 1090 ’
111 1090 166 1125 sus
190 1086 357 1124 Christum
377 1081 518 1120 Domini
539 1080 782 1125 praevaluiffein
804 1077 945 1112 vanitate
961 1076 1016 1110 sua
1040 1099 1052 1116 ,

113 1137 255 1184 perditio
264 1146 376 1171 eorum
388 1133 490 1168 adstat
500 1143 561 1176 prae
571 1130 717 1171 foribus,
743 1139 882 1174 quorum
895 1126 1052 1172 gaudium

114 1190 159 1225 est
172 1188 212 1223 ad
229 1187 328 1221 instar
339 1184 449 1228 puneli
462 1206 473 1222 ,
498 1180 647 1226 &gloria
659 1181 744 1224 ignis
757 1203 768 1219 ,
793 1177 909 1216 fletus,
934 1177 1050 1231 &yer-

114 1238 198 1273 mis.
223 1237 301 1283 Qa
311 1236 383 1273 via,
412 1234 448 1266 in
470 1230 575 1270 brevi,
607 1231 682 1263 Deo
692 1229 910 1272 propitiante,
936 1226 1014 1259 seles
1038 1237 1053 1257 ,·

114 1289 148 1322 &
159 1286 303 1321 tinnient
315 1293 404 1316 aures
422 1291 533 1315 eorum
547 1280 565 1312 a
585 1277 683 1312 sibilis
694 1279 727 1312 ἀ
737 1278 880 1311 clamore
894 1274 1056 1321 fidelium,

115 1335 233 1379 quibus
251 1342 402 1378 pauperes
423 1328 545 1364 Christi
568 1328 699 1362 fuerunt
717 1328 751 1361 in
778 1325 908 1360 fibilum
927 1324 962 1358 &
989 1323 1055 1357 irri-

113 1388 201 1423 sum.
231 1384 304 1418 Nec
324 1381 453 1417 dubites
477 1403 489 1420 ,
527 1378 588 1412 nisi
618 1376 703 1412 forte
731 1376 792 1412 tibi
816 1375 997 1419 persuasum
1016 1372 1054 1406 sit

109 1435 266 1474 ,mortales
283 1444 350 1467 non
371 1431 434 1466 esse
460 1429 636 1463 morituros
656 1452 668 1468 ,
705 1426 785 1471 quin
804 1426 840 1460 in
862 1425 1055 1459 sententiam

115 1475 330 1523 anathematis
352 1490 550 1525 reponantur
563 1503 575 1520 ‚
597 1477 655 1523 qui
674 1477 786 1512 fraude
799 1475 928 1510 tacendi
947 1475 1056 1508 &me-

116 1535 230 1572 tuendi
251 1534 367 1568 astutia
385 1531 518 1566 meritos
526 1529 659 1574 laqueos
667 1525 816 1561 videntur
824 1526 958 1560 evasisse.
1045 1565 1061 1578 .-

164 1586 246 1620 Hoc
265 1593 375 1618 autem
399 1580 515 1619 amicis
537 1577 675 1616 nostris,
699 1578 722 1611 fi
742 1577 799 1619 qui
822 1585 931 1609 tamen
954 1570 1056 1606 nostri

117 1636 179 1670 sint
191 1658 204 1675 ,
230 1644 298 1667 non
319 1633 462 1672 fortunae,
476 1652 487 1668 ,
512 1626 695 1671 persuadere
711 1624 896 1659 memineris
908 1647 920 1664 ‚
943 1631 1059 1656 utnon

119 1685 219 1719 fleant
229 1682 319 1725 super
331 1690 409 1713 nos.
437 1677 478 1711 Et
496 1678 624 1711 utinam
638 1676 729 1718 super
750 1673 878 1718 seipsos
891 1671 967 1707 flere
991 1681 1060 1704 non

120 1733 278 1769 debeant.
314 1729 404 1775 Qia
423 1725 590 1760 nobiscum
607 1726 676 1768 agit
698 1722 903 1760 Altiffimus,
930 1718 1061 1754 verbere

119 1792 230 1820 tamen
240 1779 400 1817 deducto,
425 1773 595 1815 quomodo
609 1782 698 1815 pater
712 1770 922 1816 serenissimus
932 1779 1008 1802 cum
1019 1768 1055 1799 fi-

119 1831 160 1867 lis
168 1826 358 1867 charissimis
368 1835 461 1869 agere
472 1822 640 1857 consuevit
651 1844 659 1853 .
688 1818 849 1853 Caeterum
862 1816 923 1852 tibi
933 1826 1062 1861 compa·

119 1880 185 1916 tior
198 1903 210 1920 ,
235 1888 292 1920 qur
316 1876 475 1910 minorem
498 1872 701 1905 securitatem
720 1872 752 1902 in
765 1878 882 1913 portu,
908 1869 1006 1911 quam
1025 1868 1061 1922 iu

121 1927 293 1972 naufragio
314 1922 474 1969 reperisti.
501 1921 563 1956 Sed
586 1921 609 1964 si
628 1919 690 1955 tibi
711 1919 804 1954 Deus
823 1918 876 1953 vel
896 1918 937 1953 ad
958 1916 1064 1952 m0d1-

122 1991 198 2017 cum
218 1976 408 2022 patientiam
422 1971 545 2007 dederit
558 1995 569 2012 ,
605 1970 693 2014 quod
715 1968 775 2003 tibi
796 1967 978 2019 indubitata
1000 1966 1064 2001 fide

121 2027 330 2076 pronuncio,
358 2021 529 2067 naufragi,
554 2021 595 2055 de
612 2019 729 2064 quibus
750 2018 956 2061 desperatur,
981 2017 1065 2058 citis·

121 2066 198 2123 sime
212 2078 374 2122 'poterunt
395 2074 430 2110 &
453 2073 567 2107 volent
589 2069 759 2113 opitulari.
797 2069 853 2102 Sta
873 2077 952 2112 ergo
971 2066 1006 2100 in
1028 2077 1066 2101 ea

121 2128 315 2165 conditione
325 2150 338 2168 ,
362 2125 398 2160 in
409 2133 471 2168 qua
482 2121 499 2155 'a
510 2121 663 2155 Domino
674 2129 807 2154 vocatus
820 2129 853 2154 es
865 2143 875 2158 ,
900 2118 934 2151 δε
955 2117 1067 2151 saltem

121 2189 282 2226 quatenus
300 2176 365 2211 sine
386 2171 529 2217 periculo
542 2171 701 2215 potueris,
729 2168 859 2203 Divinae
877 2165 958 2212 legis
979 2168 1067 2201 afler-

123 2241 176 2266 tor
192 2227 315 2264 existe.
352 2224 436 2259 Satis
459 2222 640 2256 humanum
660 2220 705 2253 est
729 2218 819 2263 quod
840 2218 916 2252 dico
939 2226 1067 2261 propter

124 2279 351 2315 infirmitatem
370 2272 475 2308 carnis
489 2272 621 2306 nostrae.
651 2269 743 2316 Qia
766 2268 824 2302 nisi
838 2268 896 2316 qui
915 2266 995 2311 legis
1017 2277 1068 2300 cu·

125 2328 267 2367 stodiam
286 2323 437 2369 periculis
461 2321 614 2356 omnibus
630 2319 801 2362 anteponit
818 2342 830 2359 ,
852 2317 978 2363 ¹salvari
1002 2327 1067 2371 non

126 2380 234 2424 posse,
259 2374 349 2409 testis
368 2372 413 2407 est
438 2371 557 2405 Beatus
579 2369 779 2413 Apostolus,
803 2369 837 2402 ὅ(
856 2376 925 2402 tota
950 2378 1069 2401 conc1o

126 2427 338 2473 perfectorum
359 2447 367 2455 .
393 2420 508 2464 Scripsi
531 2418 659 2453 homini
683 2429 742 2462 pro
763 2429 832 2462 quo
852 2417 1033 2451 sollicitatis
1059 2429 1070 2450 .-

126 2479 161 2515 ἀ
177 2475 274 2512 credo
293 2471 383 2518 quod
406 2471 447 2506 ab
469 2470 539 2514 ipso
576 2480 631 2513 per
651 2468 786 2502 latorem
808 2468 1010 2513 praesentium
1031 2466 1072 2500 de

127 2529 212 2562 statu
232 2525 322 2568 ejus,
347 2521 402 2566 qui
427 2520 504 2554 Deo
526 2519 724 2563 propitiante
737 2517 844 2552 bonus
866 2517 933 2556 est,
957 2518 1072 2551 certio·
1091 2531 1095 2537 ¹

128 2575 247 2613 uberis
265 2599 274 2607 .
312 2572 452 2608 Amicos
474 2569 599 2603 nostros
618 2569 719 2602 saluta
738 2567 931 2612 diligentius
951 2592 962 2608 ,
995 2577 1073 2611 quo-

130 2638 202 2667 rum
223 2623 361 2660 nomina
380 2645 392 2662 ‚
427 2621 505 2654 sicut
525 2619 648 2664 paginae
668 2617 819 2652 subducta
844 2642 855 2658 ,
890 2618 931 2652 fic
960 2618 1072 2651 animo

131 2675 297 2722 portitoris
330 2669 464 2708 confido
502 2668 726 2715 multiplicatis
752 2667 895 2712 partibus
920 2668 983 2702 effe
1018 2667 1074 2701 im·

134 2726 253 2772 pressa·

266 2816 672 2857 EPISTOLA
774 2814 932 2850 XCVI.

140 2923 292 2960 Thomas
314 2918 556 2957 Cantuariensis
589 2916 691 2950 Archi
704 2935 712 2941 -
725 2916 904 2960 Episcopus
923 2913 1078 2951 omnibus

337 2971 504 3016 Episcopis
521 2968 650 3003 Cantiae
671 2966 870 3001 Provinciae.

141 3071 272 3107 Thomas
295 3072 351 3103 Dei
371 3075 473 3113 gratia
492 3065 714 3108 Camuarienfis
736 3064 870 3108 Ecclesr'ae
883 3064 1013 3105 Minister
1027 3066 1080 3100 bu-

193 3121 274 3157 milis
295 3119 512 3153 Venerabiltbus
534 3117 697 3157 Fratribus
713 3116 781 3162 suis
804 3142 815 3157 ,
851 3116 1048 3160 Londom‘enfi
1067 3142 1078 3158 ‚

192 3169 360 3212 caterisque
381 3173 470 3202 totius
490 3172 610 3209 cancie
632 3170 800 3202 aninciae
822 3164 977 3212 Episcopo
999 3192 1010 3207 ‚
1042 3164 1081 3207 fic

193 3219 315 3261 tranfire
344 3227 399 3262 per
426 3217 501 3251 bona
528 3219 703 3262 temporalia
728 3242 740 3259 ,
775 3226 809 3262 ur
844 3226 901 3250 mn
933 3222 1077 3252 amittant

196 3280 310 3305 aterna
323 3294 330 3301 .

219 3366 411 3405 RATRES
436 3364 724 3406 meidileaiffimi,
750 3378 849 3412 quare
861 3378 928 3402 non
953 3368 1080 3401 consur-

242 3418 320 3467 gitis
339 3415 423 3456 mihi
449 3415 602 3453 adversus
628 3416 845 3462 malignantes
866 3418 879 3452 ἓ
916 3416 971 3452 Ut
1003 3417 1079 3461 quid

1085 91 1988 162 TUARIENSIS..117

1105 187 1173 212 non
1196 174 1286 209 statis
1298 184 1426 210 mecum
1445 175 1596 210 adversus
1613 180 2009 260 operantesiniquimtem
2034 187 2049 219 ἓ

1106 228 1164 263 An
1201 224 1361 271 ignoratis
1403 226 1564 269 quoniam
1594 226 1627 259 di
1655 229 1755 271 lpabit
1783 233 1950 268 Dominus
1982 234 2051 268 ossa

1076 279 1080 282 ’
1105 287 1218 313 eorum
1237 277 1294 319 qui
1315 275 1506 311 hominibus
1549 275 1679 319 placent
1703 280 1717 310 ?
1754 280 2010 318 confundentur
2038 308 2050 324 ,

1108 327 1266 373 quoniam
1287 327 1456 361 Dominus
1477 327 1595 370 sprevit
1616 337 1686 360 eos.
1718 327 1801 363 Satis
1823 334 1916 367 novit
1937 334 2053 368 discre-

1109 370 1159 414 tio
1179 377 1301 417 vestra,
1329 378 1489 422 quoniam
1504 388 1613 418 error,
1641 377 1694 412 cui
1715 387 1783 412 non
1806 379 1973 424 resistitur,
1998 394 2055 426 ap·

1106 426 1282 472 probatur:
1307 428 1341 461 ἀ
1361 427 1499 466 veritas„
1524 427 1599 461 cum
1622 427 1980 471 minimedefensatur,
1995 444 2055 476 op-

1111 477 1276 522 primitur.
1306 477 1512 521 videturque
1545 478 1682 513 testante
1702 477 1766 512 Gb.
1782 502 1807 511 ..
1822 502 1887 512 ....
1915 482 2054 515 consen-

1111 528 1171 562 tire
1181 527 1321 569 erranti,
1346 529 1402 572 qui
1422 527 1464 566 ad
1473 527 1645 562 resecanda
1660 552 1671 567 ,
1695 539 1767 571 quae
1788 528 1911 574 corrigi
1923 527 2058 570 debent,

1113 588 1179 613 non
1193 579 1354 612 occurrit.
1381 577 1461 613 Inde
1470 576 1515 612 est
1526 578 1616 620 quod
1637 577 1824 613 Dominum
1838 579 1968 624 Regem
1989 579 2062 612 An·

1112 628 1186 673 gliae
1198 628 1273 662 satis
1285 629 1440 672 superque
1451 627 1661 666 sustinuimus
1674 653 1685 668 ,
1711 639 1771 663 nec
1779 628 1886 663 ullum
1910 641 1951 663 ex
1960 639 2002 663 eo
2013 629 2062 662 su·

1112 678 1271 712 stinentiae
1293 679 1407 712 nostrae
1429 679 1566 712 assecuta
1578 677 1624 712 est
1649 678 1791 713 Ecclesia
1817 679 1883 713 Dei
1907 689 2064 722 compen-

1112 726 1222 762 dium.
1250 726 1471 763 Periculosum
1492 727 1750 766 &intolerabile
1768 729 1809 763 de
1830 738 1946 763 caetero
1967 728 2063 762 nobis

1114 779 1216 812 visum
1233 778 1279 812 est
1300 787 1409 812 tantos
1438 777 1542 819 illius,
1567 778 1826 823 officialiumque
1849 779 1980 813 suorum
2005 778 2065 812 cir-

1115 839 1152 871 ca
1173 827 1350 862 Ecclesiam
1364 829 1475 863 Dei&
1495 828 1729 865 Ecclesiasticas
1742 830 1893 872 personas
1900 830 2042 870 excessus
2054 853 2066 870 ,

1116 888 1152 916 ut
1166 877 1320 913 haetenus
1333 903 1344 918 ,
1370 878 1552 922 impunitos
1572 878 1785 923 relinquere:
1803 879 1975 922 praesertim
1988 889 2066 913 cum

1117 928 1276 972 saepissime
1286 928 1417 962 nunciis
1439 929 1472 962 &
1494 929 1628 969 litteris,
1656 929 1826 973 modisque
1845 929 2061 972 aliis‚1pront

1116 979 1244 1019 decuit,
1271 978 1488 1014 studuerimus
1509 990 1584 1013 eum
1609 979 1627 1012 a
1645 981 1792 1023 perverso
1817 980 1982 1023 propofito
2006 980 2067 1012 suo

1118 1040 1279 1064 revocare.
1308 1029 1351 1063 Et
1365 1028 1523 1071 quoniam
1537 1029 1590 1063 vix
1603 1029 1644 1063 ab
1664 1040 1705 1065 eo
1723 1029 1946 1068 auditisumus
1957 1055 1968 1070 ‚
1995 1029 2070 1063 nul·

1119 1079 1246 1114 latenus
1267 1089 1378 1114 tamen
1391 1079 1537 1113 exauditi
1553 1104 1564 1120 ‚
1590 1080 1743 1127 scriptum
1758 1079 1867 1120 illud,
1893 1081 1928 1115 in
1951 1078 2071 1123 quoii-

1119 1130 1177 1170 lae,
1205 1140 1274 1163 non
1290 1129 1564 1170 consuetudines,
1589 1130 1765 1175 sedpotius
1786 1131 1972 1171 pravitates,
1995 1129 2072 1173 ‘qni-

1120 1179 1179 1213 bus
1190 1179 1432 1222 perturbatur&
1443 1179 1711 1215 confunditur&
1723 1180 1858 1224 praesens
1880 1180 2071 1223 Anglicana

1075 1272 1077 1274 Ι
1120 1229 1282 1268 Ecclesia,
1307 1229 1544 1267 continentur,
1571 1229 1733 1271 ipsiusque
1754 1228 1864 1272 scripti
1887 1227 2070 1262 authorita-

1121 1288 1188 1313 tem
1202 1302 1214 1320 ,
1240 1279 1395 1311 invocata
1418 1277 1556 1320 Spiritus
1568 1277 1675 1310 Sansti
1699 1277 1828 1321 gratia,
1854 1276 1984 1320 publice
1993 1287 2079 1311 oon*-

1123 1326 1351 1363 demnavimus
1371 1327 1406 1360 ἀ
1429 1327 1619 1360 cassavimus
1634 1351 1646 1367 ,
1682 1326 1871 1361 Universos
1895 1327 1995 1361 etiam
2016 1326 2075 1361 ob-

1122 1381 1328 1418 servatores,·
1341 1378 1522 1417 exastores,
1548 1376 1769 1412 consiliatores
1783 1401 1794 1417 ,
1819 1377 1871 1411 seu
1892 1376 2075 1412 defensores

1122 1440 1232 1464 earum
1253 1426 1616 1462 excommunicavimus
1639 1427 1873 1471 ..Omnesque
1908 1439 1966 1461 vos
2000 1427 2075 1468 Epi-

1123 1482 1238 1522 scopos
1270 1478 1288 1511 a
1310 1477 1520 1520 promissione
1543 1499 1554 1515 ‚
1588 1486 1651 1518 qua
1681 1484 1798 1512 contra
1835 1477 2078 1511 institutionem

1125 1526 1381 1563 Ecclesiasticam
1402 1525 1560 1565 adearum
1570 1526 1833 1561 observationem
1854 1526 2052 1560 tenebamini
2066 1550 2077 1567 ,

1125 1577 1324 1612 authoritate
1345 1575 1412 1609 Dei
1434 1576 1468 1610 δε
1489 1574 1597 1609 nostra
1617 1575 1834 1610 absolvimus.
1884 1577 1970 1623 Quis
1988 1578 2079 1610 enim

1126 1627 1254 1662 dubitat
1289 1625 1477 1660 Sacerdotes
1492 1623 1637 1665 Christi,
1664 1625 1842 1668 Regum&
1866 1625 2054 1668 Principum
2071 1651 2083 1665 ,

1126 1676 1343 1718 omniumque
1364 1673 1510 1718 fidelium
1531 1672 1643 1705 Patres
1663 1674 1698 1706 δε
1721 1674 1894 1716 magistros
1917 1677 2038 1711 censeri
2065 1678 2078 1710 ἰ

1128 1725 1254 1768 Nonne
1272 1721 1465 1757 miserabilis
1487 1719 1618 1754 insaniae
1637 1722 1699 1755 esse
1716 1724 1930 1767 cognoscitur
1955 1749 1966 1765 ,
1999 1726 2023 1758 fi
2047 1727 2082 1759 fi-

1127 1773 1192 1806 lius
1209 1780 1355 1815 patrem,
1380 1769 1558 1814 discipulus
1580 1770 1771 1815 magistrum
1784 1772 1840 1807 fibi
1862 1784 2002 1809 conetur
2013 1775 2083 1809 sub-

1127 1820 1235 1867 jugare
1258 1846 1269 1862 ,
1305 1821 1339 1857 &
1369 1819 1490 1864 iniquis
1509 1818 1773 1866 obligationibus
1797 1823 1892 1857 illum
1927 1826 2080 1868 potestati

1130 1875 1191 1907 suar
1215 1869 1390 1913 subjicere,
1416 1870 1434 1904 a
1456 1882 1523 1913 quo
1545 1871 1647 1905 credit
1669 1872 1700 1905 se
1713 1882 1780 1906 non
1804 1872 1911 1907 solum
1924 1875 1958 1907 in
1974 1885 2080 1917 terra,

1130 1923 1185 1957 sed
1204 1921 1304 1956 etiam
1327 1922 1360 1954 in
1372 1920 1462 1955 coelis
1475 1920 1568 1964 ligari
1590 1920 1724 1964 posse&
1749 1921 1850 1955 solvi..
1922 1925 2081 1959 oindene

1132 1974 1166 2007 in
1186 1970 1283 2014 hujus
1303 1969 1467 2005 sententiae
1487 1970 1699 2006 commissum
1720 1971 1886 2008 incidamu
1915 1996 1929 2012 ,
1964 1974 2083 2009 autho-

1132 2023 1261 2060 ritatem
1281 2020 1510 2064 ipsiusscripti,
1540 2021 1708 2064 ipsumque
1730 2022 1885 2065 scriptum
1910 2034 1986 2057 cum
2014 2035 2081 2068 pras

1136 2069 1311 2111 vitatibus,
1337 2082 1405 2114 qua:
1430 2071 1462 2103 in
1474 2080 1525 2118 eo3
1536 2071 1750 2108 continentur
1766 2096 1778 2113 ,
1817 2073 1850 2106 in
1874 2073 2002 2109 irritum
2018 2075 2081 2109 ,due

1135 2121 1243 2155 ximus
1264 2121 1298 2155 &
1320 2121 1511 2155 cassavimus
1530 2145 1537 2152 .
1563 2120 1761 2157 ,Praesertim
1782 2119 1832 2156 his
1855 2134 1862 2155 :
1897 2122 1988 2167 quod
2010 2137 2080 2159 non

1135 2170 1314 2215 appelletur
1333 2168 1374 2204 ad
1391 2170 1514 2209 ,Sedem
1530 2170 1757 2215 Apostolieam
1772 2173 1865 2217 super
1875 2173 2083 2220 aliquacanss

1136 2222 1188 2262 sa,
1218 2219 1277 2255 nisi
1298 2218 1432 2253 licentia
1453 2219 1553 2263 Regis
1574 2245 1582 2254 .
1618 2220 1720 2267 Qod
1743 2234 1813 2258 non
1844 2221 1942 2260 liceat
1962 2224 2083 2260 Archi.

1136 2270 1301 2314 Episcopo
1321 2269 1372 2302 vel
1394 2269 1559 2312 Episcopo
1579 2270 1670 2304 exire
1692 2272 1734 2307 de
1746 2272 1890 2317 Regno,
1917 2275 1951 2311 ὰ
1970 2276 2082 2311 venire

1135 2321 1177 2356 ad
1198 2319 1408 2355 vocationem
1430 2319 1573 2354 Domini
1592 2318 1710 2363 Papae,
1736 2322 1802 2357 sine
1816 2323 1950 2360 licentia
1959 2324 2081 2360 Domi-

1137 2372 1172 2406 ni
1194 2369 1315 2415 Regis.
1342 2368 1447 2418 Qod
1470 2381 1537 2406 non
1550 2370 1646 2405 liceat
1669 2371 1832 2417 Episcopo
1855 2376 2082 2410 excommuni-

1136 2431 1209 2457 care
1229 2422 1394 2465 aliquem,
1420 2420 1477 2463 qui
1501 2428 1611 2455 teneat
1634 2419 1675 2455 de
1698 2422 1792 2465 Rege
1816 2424 1987 2466 incapite,
2016 2427 2082 2463 fine

1138 2469 1272 2515 licentia
1293 2469 1398 2515 Regis
1419 2493 1431 2510 ,
1466 2470 1518 2505 vel
1538 2479 1654 2505 terram
1673 2471 1782 2514 »ipsius
1814 2473 1864 2506 vel
1885 2474 2081 2509 officialium

1139 2522 1268 2557 suot-um
1290 2521 1326 2555 in
1347 2519 1522 2555 interdico
1533 2531 1668 2563 ponere.
1701 2520 1800 2566 Qod
1811 2533 1880 2561 non
1894 2522 1990 2557 liceat
2005 2525 2082 2568 Epi-

1137 2573 1236 2615 scopo
1252 2580 1400 2606 coercere
1421 2569 1564 2612 aliquem
1589 2568 1632 2603 de
1653 2570 1793 2613 perjurio
1817 2571 1867 2606 vel
1894 2572 1957 2606 fide
1978 2574 2045 2608 lesa
2072 2600 2080 2608 .

1140 2621 1242 2671 Qod
1262 2619 1385 2657 Clerici
1393 2618 1560 2654 trahantur
1579 2617 1619 2653 ad
1632 2619 1789 2654 saecularia
1809 2620 1949 2664 judicia.
1976 2623 2079 2671 Qod

1137 2672 1253 2711 Laici,
1278 2671 1331 2704 seu
1341 2669 1487 2708 kenesen
1498 2668 1581 2709 alii,
1606 2671 1744 2704 tractent
1754 2669 1919 2707 eausasde
1931 2672 2081 2712 Ecclefiis

1139 2723 1191 2757 vel
1204 2720 1352 2755 decimis.
1380 2719 1424 2752 Et
1442 2719 1504 2753 alia
1525 2718 1561 2753 in
1574 2717 1663 2753 hunc
1675 2720 1830 2755 modum.

1190 2769 1547 2805 Denunciamus-etiam
1558 2771 1883 2806 excommunicatum
1899 2797 1911 2813 ,
1920 2773 1957 2809 ἀ
1967 2785 2008 2808 ex
2022 2786 2082 2809 no-

1140 2821 1228 2857 mine
1248 2819 1572 2854 excommunicamus
1591 2820 1752 2864 Ioannem
1786 2821 1826 2856 de
1849 2825 2044 2861 oxeneford
2070 2848 2082 2865 ,

1139 2873 1196 2916 qui
1211 2872 1243 2904 in
1256 2869 1396 2904 haeresim
1409 2870 1598 2904 damnatam
1628 2869 1745 2906 incidit
1758 2896 1768 2912 ,
1794 2873 1973 2915 praestando
1994 2875 2082 2918 jura-

1140 2931 1286 2957 mentum
1300 2918 1544 2963 Schismaticis,
1570 2930 1638 2964 qno
1657 2920 1794 2956 schisma
1817 2922 1880 2966 jam
1902 2923 1967 2957 fere
1979 2936 2083 2959 emor-

1141 2982 1236 3006 tuum
1257 2972 1292 3003 in
1316 2969 1511 3005 Alemannia
1521 2971 1638 3005 revixit
1658 2985 1672 3014 ;
1697 2973 2081 3008 communicandoetiam

1143 3022 1191 3055 illi
1205 3020 1460 3055 nominatissimo
1473 3020 1676 3056 schismatico
1692 3022 1878 3066 Reginaldo
1896 3022 2047 3058 Coloniae
2072 3047 2081 3055 .

1146 3072 1188 3104 Et
1201 3071 1276 3113 quia
1287 3081 1400 3105 contra
1413 3070 1602 3104 mandatum
1614 3072 1754 3105 Domini
1767 3073 1861 3116 Papae
1881 3073 1914 3106 ὅ(
1937 3074 2080 3108 nostrum

1143 3120 1384 3155 Saresberiensis
1406 3121 1555 3154 Ecclefiae
1577 3122 1781 3156 Decanatum
1803 3123 1858 3156 sibi
1883 3123 2045 3167 usurpavit
2072 3147 2079 3154 .

1144 3170 1247 3219 Qod
1259 3170 1390 3216 quidem
1404 3172 1522 3205 sactum
1535 3194 1545 3209 ,
1572 3180 1637 3204 tam
1648 3171 1707 3214 juri
1732 3173 1931 3207 contrarium
1945 3196 1956 3211 ,
1984 3173 2080 3214 quam

1145 3221 1290 3255 Ecclefiae
1304 3220 1368 3254 Dei
1379 3220 1528 3263 exemplo
1539 3220 1755 3262 perniciosum
1769 3247 1780 3262 ,
1816 3222 1944 3264 penitus
1954 3221 2081 3255 caffavi-

1146 3282 1235 3312 mus,
1261 3270 1572 3304 &revocavimusin
1597 3271 1744 3310 irritum,
1771 3270 1984 3314 praecipientes
2009 3271 2083 3314 Epi·

1146 3322 1243 3364 scopo
1270 3318 1496 3353 Saresberiensi
1516 3321 1550 3354 <Sc
1578 3321 1768 3363 capituloin
1789 3319 1907 3353 virtute
1932 3320 2085 3354 obedien-

1145 3371 1195 3404 tiae
1206 3396 1216 3410 ,
1245 3370 1323 3404 &in
1338 3368 1483 3411 periculo
1497 3370 1621 3403 ordinis
1633 3371 1675 3402 sui
1687 3394 1697 3409 ,
1721 3380 1761 3401 ne
1771 3368 1811 3401 de
1823 3379 1936 3404 caetero
1948 3370 2021 3405 vifis
2032 3371 2084 3404 lit-

1146 3421 1221 3456 teris
1231 3418 1346 3454 nostris
1354 3430 1396 3453 ex
1410 3430 1451 3454 eo
1463 3420 1548 3454 sacto
1559 3430 1635 3454 eum
1649 3419 1821 3453 Decanum
1833 3418 1987 3455 haberent
2002 3446 2008 3451 .

1946 3469 2040 3503 Simi-
