2358 3776
412 76 475 122 68
790 70 1733 121 J,EPIST0LAE

1407 159 1533 194 Nuncii
1554 158 1657 206 Regis
1676 171 1788 196 eoram
1809 160 1962 198 Domino
1982 162 2069 207 Papa
2094 174 2147 198 me
2156 165 2218 200 effe
2230 166 2302 210 spe:

1358 209 1475 244 eialem
1495 211 1668 247 inimicum
1684 211 1754 256 cius
1775 211 2054 248 denunciaverunt
2070 227 2079 247 ι
2107 215 2150 249 Et
2167 225 2236 249 non
2248 226 2302 248 ex·

1357 260 1466 303 pedire
1489 259 1570 294 mihi
1582 272 1639 306 pro
1661 272 1733 296 toto
1743 260 1987 303 auroArabiae,
2010 264 2102 307 quod
2124 265 2193 309 ipse
2203 263 2300 302 habes

348 157 630 203 Archi-Episcopo
644 156 834 194 Eboraeensi
854 157 1079 194 redderentur.
1111 157 1300 195 saneindu-

347 210 488 245 bitanter
501 206 629 242 credere
647 218 680 243 te
693 209 866 250 volumus,
893 211 1005 244 &fine
1030 210 1122 244 omni
1147 208 1298 251 scrupulo

345 258 562 294 dubitationis
572 268 681 293 tenere
693 283 704 299 ,
730 258 819 303 qudd
834 260 1001 302 nunquam
1027 261 1060 292 in
1073 262 1220 293 animum
1242 269 1298 292 no-

345 310 445 344 strum
463 306 649 350 descendit,
676 310 891 352 necunquam
906 310 1056 342 Domino
1081 311 1214 344 volente
1237 310 1297 343 de·-
1355 320 1401 345 ret
1423 311 1613 354 porestatem
1628 313 1710 346 mei.
1739 311 1802 346 Sed
1812 322 1874 345 nec
1892 311 1940 346 fic
1951 314 2069 356 poterit
2090 316 2196 349 terreri
2219 315 2301 350 fides

343 357 475 393 scendet
493 382 504 398 ,
529 366 566 392 ut
588 368 622 392 te
643 369 697 392 aut
711 358 882 405 Ecclesiam
906 368 997 393 tuam
1009 359 1131 393 *alienae
1156 360 1296 403 personae
1355 370 1447 402 mea,
1474 363 1511 395 ut
1521 372 1597 396 cum
1608 361 1706 397 Petro
1721 361 1835 406 poffim
1860 360 1988 397 dicere:
2017 364 2149 398 Paratus
2169 364 2236 409 siim
2257 374 2300 399 te·

340 407 376 441 in
403 406 638 443 Ecclefiasticis
661 408 795 442 velimus
822 408 943 443 subesse
963 433 973 449 ,
1000 420 1059 443 nec
1082 409 1142 443 nisi
1167 409 1294 444 tanturn
1351 414 1458 444 cumin
1483 421 1606 446 mortem
1633 414 1710 447 &in
1721 422 1866 446 carcerem
1888 417 1954 445 ire.

340 459 497 494 Romano
510 459 665 494 Pontifici
675 459 827 493 obedire.
856 458 899 493 Et
921 458 997 493 ideo
1022 469 1194 494 monemus
1217 460 1295 492 Pru·
1347 466 1353 470 “

337 509 483 545 dentiam
502 519 593 544 tuam
604 518 702 551 atque
725 507 917 543 mandamus
929 533 940 550 ,
965 507 1126 552 quatenus
1137 533 1148 550 ,
1173 521 1213 543 ex
1226 521 1293 553 quo

333 559 533 604 perpendere
554 559 676 602 poteris
697 557 836 593 eundem
851 559 976 603 Regem
990 558 1114 593 litteras
1135 558 1291 594 reddidis-

334 611 367 643 se
377 634 389 651 ,
414 610 503 654 quod
516 619 591 643 eum
609 620 676 644 non
690 610 849 643 eredimus
871 611 936 643 sine
954 609 1154 644 conscientia
1182 611 1288 644 nostra
1349 608 1492 646 Thomae
1503 612 1730 648 cantuariensi
1744 611 2025 658 Archi-Episcopo
2038 614 2112 649 suus
2123 613 2296 652 Nuncius.

333 660 490 694 fastorum
503 685 514 701 ‚
541 659 648 693 statim
662 658 756 694 nobis
771 671 825 703 per
849 659 978 693 fidelem
993 659 1163 694 Nuncium
1194 660 1228 694 dc
1240 660 1287 694 lit·
1351 661 1356 666 ’

332 719 414 744 teras
437 721 508 744 tuas
529 710 562 744 id
580 709 676 744 nobis
701 709 886 755 fignificeS,
914 719 952 743 ut
978 708 1155 744 Personam
1172 720 1285 750 tuam,

330 759 508 797 Ecclesiam
536 759 690 804 quoque,
715 760 833 802 pariter
855 770 893 793 ac
917 759 1085 794 civitatem
1108 759 1168 794 tibi
1190 771 1287 794 com·-

327 809 454 844 missam
468 810 508 844 ab
519 811 611 845 omni
628 811 701 854 Jure
713 809 906 855 Legationis
931 808 1130 845 authoritate
1141 809 1283 854 Aposto-

327 858 390 895 lica
401 860 610 896 decernamus
623 860 751 904 prorsus
777 870 962 904 exemptam
974 883 985 893 .

2143 474 2190 500 102·

1546 511 1953 548 EplsToLA
2005 480 2142 550 vus

1347 710 1512 745 Venerabile
1543 715 1668 747 Domino
1700 715 1735 748 &t
1760 717 1851 747 Patri
1870 713 2037 754 Chart'fflmo
2055 714 2174 750 Tbomae
2200 739 2213 756 ,
2237 719 2295 751 Del

1400 767 1504 806 gratia
1514 763 1974 807 CantuarienfidrchtEprftopo
1985 787 1995 804 ,
2021 767 2055 799 Θ
2067 766 2226 809 anglorum
2255 797 2257 799 .

1459 814 1588 847 Primati
1598 839 1608 854 ,
1618 814 1751 856 fidelium
1757 813 1878 857 suorum
1889 819 2031 849 minimas
2036 813 2164 858 salutem
2172 839 2183 855 ,

1596 863 1740 905 &felices
1753 865 1796 897 ad
1804 871 1875 897 vota
1881 862 2022 908 succeffus
2032 889 2041 898 .

543 962 572 995 E.
600 957 625 994 P
653 960 667 992 Ι
693 961 715 995 S
741 959 778 994 T
802 961 836 995 Ο
863 959 893 993 L
920 959 950 994 A
1003 961 1072 996 Vl.
1445 962 1562 998 Overit
1585 963 1685 998 vestra
1700 964 1881 998 paternitas
1896 964 2114 1001 Ostavianum
2132 964 2291 1002 Schisma·

1469 1012 1572 1048 ticum
1595 1038 1606 1055 ,
1630 1025 1727 1057 quern
1751 1013 1807 1047 sibi
1842 1013 1876 1047 in
1905 1024 2003 1059 caput
2027 1026 2196 1050 erexerant
2217 1040 2229 1058 ,
2256 1017 2292 1051 δε

1339 1060 1560 1096 Schismaticis
1594 1063 1782 1105 Principem
1816 1062 1949 1105 Belial,
1976 1075 2087 1108 quarta
2113 1066 2192 1101 feria
2217 1065 2290 1110 post

1338 1113 1465 1146 ofiavas
1486 1110 1615 1146 Pascbae
1637 1113 1754 1147 obiisse
1778 1113 1813 1146 in
1838 1111 1915 1147 urbe
1937 1113 2102 1155 Lucenfi,
2128 1116 2161 1150 δι
2184 1116 2290 1159 sepul-

1338 1172 1407 1195 tum
1428 1162 1492 1196 esse
1505 1163 1537 1195 in
1552 1162 1758 1196 Monasterio
1770 1172 1862 1197 extra
1879 1163 2047 1197 civitatem
2060 1188 2068 1196 .
2096 1163 2184 1199 cum
2195 1164 2288 1199 enim

1338 1212 1500 1246 Canonici
1527 1212 1658 1256 majoris
1674 1213 1821 1247 Ecciefiae
1834 1237 1845 1253 ,
1870 1213 1903 1247 ἀ
1916 1213 2096 1258 Regulares
2119 1213 2288 1250 Canonici

1336 1261 1440 1300 saneti
1455 1261 1587 1296 Fridani
1607 1262 1637 1297 ei
1659 1263 1854 1305 sepulturam
1877 1264 2045 1308 negassent
2059 1288 2071 1304 ,
2097 1264 2284 1310 praeligen-

1335 1321 1381 1345 tes
1401 1311 1419 1345 a
1443 1311 1505 1346 suis
1534 1312 1672 1357 migrare
1693 1312 1820 1347 sedibus
1841 1336 1852 1353 ,
1887 1324 1985 1354 quam
2017 1314 2190 1349 admittere
2211 1326 2283 1350 cor.-

1335 1372 1392 1404 pus
1405 1360 1632 1402 schismatici,
1657 1373 1754 1404 quem
1773 1362 1911 1398 credunt
1939 1364 1974 1398 in
1998 1364 2129 1399 inferno
2154 1366 2218 1399 effe
2239 1366 2288 1400 se-

1334 1411 1460 1454 pultum
1476 1436 1487 1452 ,
1511 1413 1529 1446 a
1542 1412 1732 1447 satellitibus
1746 1412 1952 1456 Imperatoris
1975 1414 2143 1448 &familia
2156 1415 2286 1458 propria
2334 1440 2336 1443 ψ

1332 1460 1371 1494 ad
1394 1462 1526 1496 miseros
1547 1462 1735 1496 Monachus
1763 1462 1900 1497 cadaver
1924 1463 2004 1497 illud
2028 1464 2189 1507 perlatum
2210 1464 2283 1499 ests

1332 1511 1465 1554 Capella
1491 1513 1691 1556 veroipsius,
1717 1512 1922 1556 &quidquid
1943 1513 2033 1548 aliud
2058 1513 2222 1555 habebat,
2247 1514 2284 1549 ἀ

1330 1562 1405 1605 equi
1428 1586 1439 1602 ,
1475 1561 1633 1605 quoniam
1654 1563 1741 1596 aliud
1765 1573 1831 1596 nou
1854 1562 1994 1598 habebat
2015 1587 2026 1603 ‚
2068 1565 2124 1607 qni
2144 1570 2283 1608 urgente

1331 1610 1443 1652 inopia
1471 1611 1609 1644 nonnisi
1630 1623 1670 1644 ex
1682 1622 1774 1659 rapto
1795 1610 1918 1647 vixerat
1943 1614 1960 1647 a
1977 1613 2084 1648 multo
2107 1623 2281 1656 tempore,

1332 1660 1371 1693 ad
1384 1660 1617 1703 Imperatorem
1631 1659 1772 1703 perducti
1786 1660 1860 1693 sunt
1869 1675 1878 1692 a
1906 1661 2084 1703 Imperator
2096 1671 2205 1698 autem
2216 1662 2284 1700 hoe

1332 1711 1473 1753 cognito
1489 1711 1617 1742 vocavit
1640 1709 1681 1743 ad
1706 1710 1736 1742 se
1757 1706 1948 1752 papiensem
1973 1709 2199 1755 Episcopum,
2220 1712 2281 1756 qui

1329 1758 1361 1789 in
1386 1757 1588 1789 Monasterio
1606 1758 1697 1791 Beati
1711 1758 1888 1791 Michaelis
1909 1759 1996 1800 apud
2023 1760 2178 1797 Clausam
2201 1768 2278 1797 exn,

1327 1805 1437 1840 labat.-
1464 1804 1516 1839 sed
1540 1806 1619 1850 quid
1647 1806 1786 1840 facturus
1807 1806 1845 1839 sit
1868 1831 1878 1846 ,
1905 1806 2014 1842 adhuc
2036 1809 2195 1846 incertum
2211 1810 2278 1846 est.
2297 1848 2303 1856 ,

1329 1854 1401 1889 Alii
1427 1865 1536 1889 autem
1550 1855 1689 1897 dicunt,
1715 1853 1803 1899 qued
1824 1857 1927 1890 alium
1950 1857 2028 1891 velit
2049 1859 2277 1896 eissubstitue·

1325 1916 1371 1940 re.
1399 1904 1470 1940 Alii
1481 1905 1570 1948 quod
1580 1906 1620 1946 ad
1633 1904 1844 1940 Catholicam
1859 1907 1977 1941 redibit
1993 1908 2172 1944 un'itat'em.
2198 1909 2278 1946 Pru·

1324 1954 1409 1990 terea
1433 1954 1528 1989 urbes
1540 1954 1639 1989 ltalia:
1659 1953 1768 1989 minus
1782 1956 1879 1990 solito
1901 1967 2058 2001 prompta:
2080 1960 2155 1994 sunt
2172 1959 2207 1995 in
2220 1960 2277 1996 ob·

1325 2005 1473 2048 sequium
1495 2004 1585 2048 ejus,
1611 2003 1693 2039 ade&
1716 2003 1805 2050 quod
1828 2005 2000 2050 papienses
2020 2009 2056 2042 ἃ
2077 2009 2276 2044 Cremonen-

1325 2056 1393 2095 ses,
1419 2065 1475 2098 per
1486 2065 1570 2098 quos
1581 2055 1708 2090 ltaliam
1732 2055 1861 2091 domuit
1881 2057 2101 2100 &contrivit,
2125 2060 2156 2093 ei
2181 2061 2219 2095 in
2229 2062 2276 2095 fae

1323 2106 1409 2139 ciem
1434 2103 1598 2145 resistant,
1626 2104 1965 2151 denunciaverintque
1977 2108 2007 2142 ei
2021 2131 2033 2149 ,
2057 2107 2146 2152 quod
2167 2109 2209 2144 ab
2229 2121 2274 2146 eo

1322 2153 1474 2192 recedens
1484 2153 1648 2195 omnino,
1673 2155 1732 2190 nisi
1755 2156 1899 2199 deponat
1921 2158 2158 2201 tyrannidem,
2182 2159 2276 2197 &eir

1323 2204 1403 2238 viles
1424 2205 1539 2238 induat
1554 2214 1693 2244 mores„
1706 2215 1743 2240 ut
1768 2206 1943 2242 liberi-esse
1962 2207 2104 2252 poffint,
2128 2207 2217 2244 ficutt
2233 2209 2271 2245 iu

1321 2252 1436 2287 diebus
1459 2255 1600 2289 aliorum
1612 2255 1850 2298 imperatorum
1862 2281 1870 2289 .
1889 2283 1892 2287 .
2052 2284 2055 2287 .
2074 2287 2082 2292 .
2108 2285 2114 2289 .
2228 2288 2231 2291 ,
2262 2284 2263 2289 ,

1370 2305 1572 2339 Οᾶεινὶιηυε
1594 2315 1705 2339 autem
1727 2305 1916 2349 quindecim
1949 2305 2066 2342 diebus
2092 2307 2269 2350 antequam

1320 2364 1519 2393 moreretur,
1544 2354 1719 2387 freneticus
1740 2356 1874 2388 effectus
1900 2354 1946 2389 est
1969 2357 2152 2399 continue,
2177 2358 2214 2393 δι’
2232 2359 2269 2393 in

1319 2414 1444 2438 tantam
1461 2404 1566 2437 versus
1579 2403 1739 2437 insaniam
1751 2428 1760 2443 ,
1787 2412 1824 2437 ut
1846 2414 1905 2437 nec
1915 2403 1995 2444 Dei,
2007 2415 2067 2438 nec
2077 2407 2126 2440 sui
2140 2417 2268 2443 memor

1317 2454 1394 2488 esset
1417 2477 1425 2486 .
1455 2452 1614 2487 Audierat
1639 2452 1772 2497 quidem
1797 2453 1965 2487 Dominus
1988 2452 2076 2497 Papa
2101 2455 2143 2490 de
2162 2467 2268 2492 morte

1318 2504 1491 2538 Ostaviani
1513 2502 1617 2537 afidis
1642 2502 1770 2537 &veris
1783 2502 2016 2544 Relatoribus,
2041 2504 2175 2541 &velut
2185 2506 2267 2542 alter

1318 2553 1428 2588 David
1461 2552 1702 2588 Persecutorem
1728 2553 1820 2587 suum
1842 2552 1971 2587 deflevit
1984 2553 2175 2598 textinstum
2191 2578 2205 2596 ,
2229 2556 2267 2592 ἀ

1318 2602 1510 2638 Cardinales
1534 2603 1575 2638 de
1586 2613 1691 2638 morte
1715 2602 1802 2637 illius
1825 2602 2008 2638 exultantes
2027 2603 2140 2639 durius
2163 2605 2266 2640 incre-

1318 2654 1426 2697 pavit.
1455 2654 1534 2687 Hoc
1555 2664 1666 2688 autem
1690 2651 1771 2687 reste
1793 2676 1804 2694 ,
1829 2651 1986 2696 eaqueus
2006 2652 2122 2696 jactura
2145 2656 2261 2690 animae

1317 2704 1528 2748 irreparabilis
1537 2704 1582 2738 est
1593 2729 1604 2745 ,
1630 2703 1686 2738 ubi
1697 2703 1792 2747 culpa
1805 2714 1860 2747 per
1876 2703 2102 2746 poenitentiam
2125 2708 2195 2739 'nou
2208 2705 2263 2740 de·

1315 2754 1417 2788 letur.
1442 2753 1516 2788 Nec
1542 2755 1756 2799 meminimus
1776 2752 1798 2787 a
1816 2752 1951 2794 saeculo,
1974 2751 2063 2796 quod
2088 2754 2261 2790 Haerefide‘r

1315 2802 1391 2839 ches
1415 2805 1465 2838 vel
1491 2803 1619 2838 autho(
1630 2802 1825 2843 schismatis,
1854 2803 1911 2837 nisi
1921 2805 2051 2837 coastus
2071 2804 2260 2844 &invitus,

1315 2854 1546 2897 poenitentiam
1579 2855 1684 2899 egerit
1701 2878 1709 2887 .
1738 2853 1771 2886 Si
1806 2853 1982 2886 revolvatis
2003 2852 2154 2887 historias
2174 2877 2186 2894 ,
2212 2853 2259 2894 iti

1312 2902 1411 2939 credo
1421 2915 1532 2938 verum
1545 2901 1608 2938 esse
1629 2902 1791 2938 constabit
1805 2926 1816 2941 ,
1842 2902 1991 2946 quaelibet
2012 2913 2120 2937 autem
2140 2905 2260 2938 sacrifi-

1314 2954 1389 2995 eia,
1416 2954 1475 2987 nili
1492 2953 1672 2988 voluntaria
1694 2952 1834 2993 fuerint,
1859 2953 2012 2996 reprobat
2026 2955 2136 2987 Deus.
2163 2954 2257 2990 Dum

423 1059 567 1097 Thomae
577 1059 803 1144 CantuariNenfi
814 1058 1093 1117 archi-Episcopo
1105 1062 1179 1096 suus

752 1122 870 1145 unclus
885 1135 894 1144 .
1037 1117 1040 1120 ⁴

369 1211 564 1251 Amantiffimo
587 1214 712 1244 Domino
720 1209 771 1253 suo
778 1209 851 1254 suus
875 1209 1081 1255 illesaelutem,
1110 1210 1225 1246 &bene

659 1259 775 1304 semper
799 1262 903 1296 valere
916 1286 923 1294 .

392 1361 433 1394 Er
445 1360 700 1395 misericordiam
726 1361 813 1402 Dei,
838 1371 909 1404 quae
933 1361 1096 1406 sperantes
1111 1361 1146 1395 in
1160 1362 1191 1395 se
1202 1372 1269 1396 non

409 1411 527 1445 deserit
544 1412 697 1451 ,fastum
720 1435 730 1451 ,
759 1422 795 1445 ut
814 1412 927 1446 eadem
950 1411 1006 1446 die
1028 1436 1039 1452 ‚
1065 1422 1129 1455 qua
1154 1411 1272 1445 Domi·

311 1472 374 1494 nus
395 1460 483 1503 Papa
495 1462 536 1495 de
548 1471 653 1495 morte
665 1460 838 1494 octaviani
854 1462 1051 1496 certificatus
1073 1461 1119 1495 est
1131 1486 1142 1502 ‚
1166 1471 1264 1495 vene·

313 1512 380 1544 rint
393 1510 571 1554 (A.1164.)
595 1510 636 1543 ad
648 1509 782 1543 Curiam
795 1511 920 1544 Nuncii
939 1511 1081 1545 Domini
1101 1510 1204 1555 Regis
1227 1512 1266 1545 R.

306 1561 343 1595 ἀ
356 1561 398 1594 Η.
414 1559 462 1593 Hi
476 1569 586 1593 autem
598 1581 610 1596 ‚
635 1568 733 1592 tantae
748 1559 944 1593 humilitatis
972 1560 1110 1602 speciem
1123 1571 1164 1593 ex
1179 1572 1266 1603 parte

306 1610 410 1655 Regis
425 1605 679 1653 praetendentes,
705 1618 769 1643 una
789 1619 870 1643 voce
901 1610 933 1643 ὃς
952 1609 1066 1642 litteris
1086 1609 1190 1643 verbis
1211 1621 1264 1644 eo-

305 1671 377 1694 rum
398 1657 658 1693 consonantibus
680 1657 868 1691 Dominum
895 1657 1017 1700 Papam
1038 1683 1050 1698 ,
1077 1658 1111 1692 δε
1136 1659 1264 1701 aliquos

306 1708 536 1745 Cardinalium
553 1705 636 1739 adeo
656 1706 791 1738 movisse
814 1707 869 1738 visi
893 1708 967 1739 sunt
993 1730 1004 1745 ,
1029 1707 1118 1750 quod
1146 1733 1157 1749 ‚
1183 1710 1263 1742 sicut

302 1771 347 1794 ex
358 1759 518 1793 relatione
528 1754 734 1800 quorundam
746 1778 756 1795 ,
783 1755 842 1797 qui
864 1754 959 1789 nobis
972 1755 1086 1789 favent
1100 1780 1111 1796 ,
1135 1758 1236 1790 didici
1253 1781 1263 1797 ,

303 1810 359 1853 ipsi
374 1810 428 1843 vix
444 1805 627 1849 lachrymas
648 1805 883 1839 continebant.
916 1804 993 1839 Post
1018 1805 1137 1839 multas
1161 1807 1262 1851 igitur

302 1859 522 1904 allegationes
537 1880 547 1896 ,
573 1854 715 1899 qualiter
739 1854 886 1895 scilicet,
911 1855 944 1889 ὅ(
963 1866 1031 1898 quo
1052 1855 1165 1890 affectu
1195 1857 1271 1899 ipse.

301 1913 380 1945 eum
402 1905 578 1949 receperit,
601 1914 759 1948 quantam
781 1906 995 1940 reverentiam
1021 1906 1051 1939 ei
1063 1907 1187 1950 semper
1207 1917 1261 1940 ex-

301 1958 471 1996 hibuerit,
496 1956 528 1989 δε
545 1955 704 1998 quamdiu
732 1956 828 1989 vivet·
843 1954 1012 1990 exhibebit
1027 1979 1038 1996 ,
1062 1956 1145 1989 &in
1171 1954 1260 1990 hunc

300 2007 440 2043 modum
469 2006 589 2040 multas
613 2004 826 2039 reddiderunt
847 2002 1002 2040 Domino
1023 2004 1118 2047 Papae
1139 2006 1259 2039 litteras

298 2058 342 2092 de
366 2057 554 2102 Legatione
579 2078 590 2094 ,
616 2064 696 2097 quas
719 2054 1012 2089 Archi-Diaconus
1031 2055 1129 2088 vester
1150 2055 1260 2088 minus

300 2106 458 2148 honeste,
484 2105 606 2139 &dum
620 2104 704 2148 apud
730 2115 786 2138 vos
810 2115 898 2139 eram
922 2105 956 2139 iu
982 2103 1132 2150 Anglia,
1159 2106 1258 2148 impe·

299 2158 417 2194 travit.
450 2153 691 2190 Conditionem
717 2154 801 2189 vero*
817 2155 939 2199 ipsam,
966 2155 1025 2189 sub
1045 2166 1107 2198 qua
1130 2166 1183 2189 eas
1202 2154 1260 2189 ob-

300 2209 402 2243 tinuit
415 2232 426 2246 ,
454 2206 622 2241 Dominus
641 2204 714 2239 Rex
727 2217 782 2249 per
806 2205 884 2239 istos
910 2205 1063 2239 Nuncios
1082 2215 1137 2248 per
1162 2206 1194 2239 se
1214 2205 1257 2238 fa-

301 2259 386 2292 &am
409 2257 460 2291 vel
481 2256 646 2301 quaesitam
667 2256 765 2290 -fume
789 2255 917 2298 penitus
939 2254 1070 2298 negavit
1091 2279 1098 2286 .
1139 2254 1256 2289 Domi·

301 2319 365 2343 nus
383 2305 471 2342 vero·
486 2306 574 2349 Papa
594 2316 670 2341 cum
695 2314 787 2338 tanto
811 2305 924 2338 affectu
938 2319 956 2343 ,τ
975 2305 1065 2338 &ita
1086 2303 1182 2338 avide
1203 2315 1256 2339 eas

301 2358 443 2401 recepit,
471 2366 627 2399 tanquam
654 2355 677 2387 fi
691 2354 815 2396 aliquid
829 2354 1039 2388 desideratum
1051 2354 1082 2387 ei
1104 2354 1253 2389 oblatum

302 2408 423 2448 fuerit,
449 2416 486 2440 ut
503 2404 694 2449 &quidam
714 2404 744 2438 ei
768 2404 936 2438 affidentes
958 2403 1133 2447 plurimum
1160 2406 1255 2439 mira-

302 2467 432 2493 rentur.
461 2455 500 2495 In
513 2454 694 2498 hocitaque
705 2454 844 2488 articulo
867 2454 995 2498 qualem
1011 2465 1075 2498 ego
1096 2465 1148 2488 me
1163 2455 1254 2488 exhi-

301 2509 428 2543 buerim
441 2531 451 2546 ,
477 2504 559 2550 quid*
571 2506 664 2548 super
686 2503 777 2538 hoca
789 2504 942 2538 Domino
965 2504 1052 2546 Papa
1065 2503 1146 2538 mihi
1159 2515 1252 2539 com-

303 2557 433 2592 missum
447 2557 484 2589 sit
499 2579 511 2595 ,
536 2555 622 2588 salva
635 2554 700 2587 fide
711 2565 781 2587 mea
798 2553 891 2588 vobis
912 2553 1091 2598 significare
1114 2565 1180 2588 non
1200 2566 1253 2598 po-

302 2610 373 2648 tui,
399 2608 506 2640 donec
519 2604 645 2638 Nuncii
658 2603 785 2638 &Curia
797 2603 1002 2638 receffiffent.
1033 2600 1247 2640 Postmodum

303 2657 383 2691 vero
404 2654 548 2690 Nunciis
559 2655 624 2688 illis
646 2665 720 2687 cum
731 2652 831 2686 multa
843 2652 1053 2687 festinatione
1072 2655 1104 2688 se
1117 2655 1196 2689 velle
1209 2667 1251 2689 re·

302 2708 372 2742 dire
399 2704 628 2740 simulantibus
650 2728 661 2744 ,
697 2714 759 2738 tres
786 2703 831 2736 illi
856 2702 1048 2738 Cardinales
1068 2727 1079 2744 ,
1115 2706 1251 2748 quivos

303 2757 412 2792 modis
431 2755 588 2790 omnibus
611 2755 843 2798 persequuntur
863 2776 874 2792 ‚
913 2753 1152 2797 Neapolitanus
1171 2755 1252 2789 scili·

303 2807 377 2847 cet,
402 2807 435 2840 δε
457 2805 664 2845 portuensis,
692 2805 724 2839 δι
747 2803 931 2849 Paphum,
960 2815 1080 2849 magna
1102 2804 1251 2839 instantia

299 2858 415 2892 conati
429 2858 502 2890 sunt
513 2857 531 2890 ὲ
543 2857 696 2890 Domino
711 2855 795 2898 Papa
808 2854 955 2889 obtinere
978 2855 1100 2888 litteras
1117 2865 1248 2899 genera·

302 2908 348 2941 les
374 2907 414 2940 de
425 2906 630 2950 Legatione,
660 2905 711 2939 vel
733 2905 844 2939 saltem
855 2904 1004 2945 easdem,
1030 2905 1251 2946 quaeiredditae

301 2959 431 2991 fuerant
453 2981 462 2996 ,
489 2954 529 2989 ad
553 2954 769 3001 mitigandam
793 2954 895 2998 Regis
905 2954 1174 2999 indignationem
1198 2955 1252 2989 ab·

303 3005 408 3041 solute
419 3031 426 3038 .
454 3004 556 3052 Qod
568 3007 644 3039 cum
656 3014 805 3040 neutrum
821 3003 966 3047 possent(
980 3005 1146 3040 Dominus
1157 3007 1247 3040 enirn

302 3054 388 3100 Papa
409 3056 499 3099 super
521 3054 584 3090 hoc
606 3058 749 3090 securum
775 3066 827 3088 me
848 3055 987 3092 fecerat,
1014 3053 1102 3095 quod
1127 3056 1249 3101 scilieet

304 3106 475 3150 nunquam
486 3106 623 3149 amplius
644 3107 683 3140 ad
698 3115 814 3140 manus
826 3105 894 3147 ejus
916 3102 1056 3137 redirent
1069 3129 1079 3144 ,
1105 3107 1138 3140 δε
1153 3107 1248 3142 secre-

304 3157 347 3191 to'
364 3153 447 3190 mihi
470 3156 673 3190 commiserat
689 3157 701 3198 )
717 3154 758 3189 ad
787 3154 959 3199 negotium
978 3152 1117 3188 Abbatis
1140 3156 1248 3190 Sanffi

302 3206 484 3251 Augustini
494 3207 636 3240 conversi
649 3207 743 3240 sunt.
770 3205 809 3238 In
832 3215 899 3247 quo
915 3203 1055 3245 qualiter
1074 3207 1248 3246 processum
1312 3204 1430 3247 pariter
1451 3203 1600 3245 porressae
1622 3203 1712 3241 sunt,
1741 3212 1942 3245 exponentes
1957 3201 2134 3255 diligenter
2154 3201 2188 3235 δε
2209 3202 2253 3238 de

301 3257 339 3289 fit
351 3280 361 3295 ,
373 3268 415 3290 ex
427 3255 540 3290 litteris
551 3257 715 3290 sociorum
730 3255 911 3289 nostrorum
927 3254 1155 3298 cognoscetis.
1185 3255 1248 3289 Ve-
1294 3248 1416 3293 {morte
1433 3252 1604 3286 Ostaviani
1616 3275 1627 3291 ,
1651 3251 1685 3284 &
1697 3252 1737 3286 de
1755 3246 1809 3286 his
1830 3263 1900 3295 quae
1919 3252 1953 3290 in
1974 3252 2069 3285 Italia
2087 3250 2251 3296 gereban-

305 3305 366 3338 stra
380 3305 626 3350 itaqueinterest
642 3304 739 3339 nobis
750 3303 888 3337 viriliter
909 3304 1078 3347 providere
1092 3327 1102 3342 ‚
1128 3305 1247 3349 &gra-
1292 3298 1382 3356 ‘tun
1409 3302 1541 3335 Dicitur
1565 3301 1675 3345 itaque
1689 3325 1699 3340 ,
1724 3302 1757 3335 ἀ
1770 3313 1836 3335 non
1860 3301 1962 3336 mod&
1979 3301 2131 3335 Domino
2155 3300 2250 3344 Papae

305 3352 359 3385 tiae
371 3354 434 3387 Dei
447 3379 458 3394 ‚
476 3353 651 3399 quaeultrd
661 3356 693 3389 se
704 3353 797 3390 vobis
808 3353 924 3393 offert,
945 3364 1014 3389 non
1026 3352 1129 3389 deeffe
1144 3379 1152 3388 .
1181 3355 1245 3391 Va·
1291 3352 1352 3436 lab
1372 3352 1484 3390 Italis,
1511 3349 1562 3386 sed
1583 3352 1615 3385 ὅ(
1629 3352 1710 3395 Regi
1725 3353 1924 3386 Francorum
1947 3350 2080 3385 aGallis
2101 3350 2142 3385 de
2155 3352 2251 3393 parti.-

305 3400 560 3440 leatPaternitas
584 3404 703 3442 vestra.
1311 3402 1369 3438 bus
1389 3401 1519 3448 Apulia
1544 3401 1753 3437 redeuntibus
1778 3426 1790 3444 ,
1826 3400 1915 3447 quod
1951 3401 2129 3448 Imperator
2154 3400 2251 3446 quin·⁴

408 3473 411 3475 ,
456 3473 460 3476 .
2124 3456 2201 3485 tana

1316 3005 1350 3038 in
1370 3003 1471 3037 Curia
1497 3004 1604 3037 sermo
1624 3003 1680 3036 iste
1701 3003 1926 3042 crebresceret,
1953 3014 2028 3037 ecce
2050 3003 2255 3039 NunciiDo

1313 3052 1398 3087 mini
1422 3053 1525 3097 Regis
1545 3053 1763 3092 advenerunt,
1793 3052 1942 3086 litterasa
1967 3052 2047 3086 Sede
2060 3052 2254 3097 Apostolica

1314 3104 1499 3146 impetratas
1511 3102 1730 3137 restituentes.
1763 3100 1828 3135 Vix
1852 3113 1905 3137 eas
1924 3102 2151 3146 reddiderant,
2175 3102 2252 3138 cum

1311 3155 1346 3188 in
1358 3152 1629 3187 continentialiae
1653 3153 1765 3185 litterae
1776 3151 1817 3186 ab
1828 3151 1921 3186 Italia
1941 3161 2119 3192 venerunt,
2143 3151 2253 3187 &fere
