2358 3776
353 74 451 110 2022

269 142 454 178 timendum
472 138 540 178 est,
565 141 686 171 netota
699 129 842 170 Ecclesia
865 133 972 169 labem
993 124 1212 168 contrahat&

271 193 556 230 maculamfamae.
583 187 665 230 Non
679 187 794 227 enim,
819 194 854 220 ut
867 185 952 220 nosti
965 209 977 226 ‚
1001 184 1119 220 dicunt
1142 181 1213 214 insi-

269 242 427 279 diatores:
456 246 516 274 Hoc
533 237 613 281 ficit
633 238 701 278 ille,
727 237 778 269 vel
803 237 874 270 ille.
903 235 983 269 Sed:
1013 237 1073 267 Hoc
1086 232 1214 274 faciunt

271 286 506 335 cantuarienses
517 314 528 331 ,
540 289 592 327 vel
602 285 766 325 Monachus
782 312 789 319 .
814 284 937 334 Qalis
945 280 1054 318 fabula
1066 283 1112 318 est
1124 292 1212 317 nunc

269 344 306 378 in
320 341 463 387 partibus
483 338 660 375 cismarinis
680 336 720 371 de
742 335 889 379 praedicto
912 333 1066 368 Manerio
1085 357 1096 374 ,
1122 332 1212 375 quus

266 403 389 429 nomen
403 391 527 426 celebre
548 389 593 424 est
614 400 654 423 ex
675 386 766 420 causa
783 382 954 422 criminis,
980 383 1070 427 quod
1093 383 1212 416 virtute

264 454 335 478 non
347 450 471 486 poterat
482 438 675 487 promereri?
700 433 805 481 Qod
817 433 841 466 fi
854 432 889 467 ei
898 431 983 467 falso
1006 432 1188 477 imponitur
1198 456 1209 472 ‚

263 486 418 532 nonme,
443 490 497 526 sed
508 483 859 535 Cardinalesaccuset,
884 481 942 527 qui
965 482 1007 518 de
1032 482 1129 527 ipsius
1151 494 1211 528 ap-

266 541 442 588 pellatione
453 541 517 577 scri
517 540 648 585 pserunt
659 560 667 570 .
1140 535 1151 538 ’“

449 689 480 725 E
505 689 534 725 P
558 689 573 724 1
599 690 622 726 S
647 687 686 722 T
710 688 745 722 Ο
770 686 801 720 L
826 683 860 719 A
948 684 1023 720 XL.

307 786 309 789 ⁴
334 788 520 826 Wilhelmo
545 789 713 835 Suppriori
746 784 972 822 Cantuariensi
993 785 1134 828 Ioannes

607 841 648 875 de
675 837 852 875 Saresberia
865 860 873 869 .

253 943 315 977 ‘Suo
326 943 447 977 Britom·
459 944 624 986 amicarum
630 939 747 984 suorum
764 943 906 972 minimus
928 934 1056 979 salutem
1067 959 1079 977 ‚
1104 935 1138 968 (π
1150 934 1207 968 Dei

393 1003 496 1037 gerere
502 989 664 1035 salubriter
674 996 708 1025 in
717 989 832 1033 futura
839 985 1051 1032 praescriptum
1062 1010 1069 1018 .

363 1090 550 1129 UDIENS
572 1092 633 1128 tibi
646 1090 820 1127 molestam
830 1099 975 1124 mearum
986 1087 1049 1122 esse
1059 1087 1206 1129 frequen·

386 1143 467 1177 tiam
479 1142 683 1185 litterarum,
708 1141 870 1177 calamum
881 1139 938 1174 diu
958 1136 1130 1180 suspendi,
1155 1134 1206 1168 de-

257 1200 486 1235 creveramque
506 1204 560 1228 me
583 1205 652 1234 non
686 1193 769 1227 ultra
803 1199 969 1225 novorum
990 1184 1205 1222 relationibus

256 1249 347 1276 tuam
357 1242 540 1287 perturbare
552 1245 695 1286 quietem
705 1268 714 1276 .
741 1241 804 1276 Sed
817 1239 894 1274 curn
905 1250 972 1274 tam
983 1249 1026 1272 ex
1048 1235 1207 1271 relatione

257 1288 393 1331 Osberti
406 1293 468 1328 mei
480 1317 492 1334 ‚
509 1293 608 1336 quam
618 1304 659 1327 ex
667 1291 875 1326 attestatione
887 1288 1001 1323 latoris
1010 1285 1205 1330 presentium

254 1349 310 1374 me
323 1341 400 1378 falsa
412 1343 620 1388 suggestione
638 1341 902 1376 circumventum
923 1337 1017 1372 fuiffe
1037 1345 1207 1380 cognove-

253 1388 320 1423 rim
332 1416 344 1432 ,
370 1403 446 1428 ecce
465 1401 560 1428 muto
581 1391 802 1437 propositum,
829 1388 1003 1432 scripturus
1023 1385 1066 1421 de
1087 1394 1203 1420 caetero

254 1438 334 1475 cuna
355 1441 455 1476 fuerit
474 1451 700 1486 opportunum
713 1464 724 1480 ,
748 1452 787 1475 ea
806 1450 916 1474 tamen
941 1434 1169 1471 moderatione
1192 1459 1204 1476 ,

252 1498 293 1524 ut
306 1501 348 1524 ex
358 1492 541 1535 frequentia
552 1490 757 1533 scriptitandi
769 1489 871 1523 nimia
882 1486 1036 1521 molestus
1060 1485 1123 1519 esse
1137 1495 1205 1518 non

253 1539 404 1574 debeam.
432 1541 552 1584 Neque
571 1538 662 1574 enim
683 1549 737 1573 me
757 1537 920 1572 scribendi
931 1533 1082 1570 cachetes
1093 1535 1136 1568 fic
1147 1533 1207 1567 im-

253 1590 418 1634 patienter
428 1590 593 1635 exagitat,
619 1597 655 1623 ut
666 1588 829 1623 calamum
845 1596 1004 1630 nequeam
1014 1584 1206 1627 continere,

253 1640 310 1674 sed
322 1641 468 1686 ingeram
487 1640 602 1675 invitis
616 1639 771 1680 auribus,
797 1637 888 1681 quod
908 1634 1098 1670 fastidiosus
1118 1632 1208 1668 audi-

255 1698 311 1725 tor
320 1690 362 1725 de
374 1691 498 1725 rimoso
515 1691 642 1733 pectore
662 1688 744 1730 juste
764 1688 943 1730 suspicetur
961 1686 1113 1720 effusum.
1145 1682 1206 1718 Tu

254 1740 337 1774 vero
347 1749 457 1784 ‚prout
468 1750 509 1773 ex
520 1737 678 1773 charitate
690 1736 883 1781 prodeuntia
903 1735 1018 1778 scripta
1029 1733 1185 1776 receperis
1196 1756 1208 1774 ,

255 1798 314 1824 aut
323 1789 446 1833 stylum
456 1786 631 1824 refrenabis
654 1810 685 1831 .‚‚
711 1786 796 1828 intra
806 1796 890 1829 quos
910 1782 1148 1821 moderationis
1161 1781 1204 1814 li-

254 1839 352 1876 mites
370 1839 481 1881 voles,
506 1846 562 1874 aut
574 1835 651 1884 fidei
671 1836 707 1871 &
726 1835 881 1871 amicitias
903 1833 1044 1868 stimulis
1055 1832 1207 1866 affeuum

257 1889 427 1935 diligentis
436 1889 537 1923 etiam
549 1897 619 1922 non
629 1887 772 1929 amantis
782 1886 817 1921 in
836 1884 934 1920 verba
954 1894 1054 1929 coges
1064 1892 1210 1925 erumpe-

256 1950 293 1975 re
308 1939 413 1973 .Nam
425 1948 461 1973 ut
473 1948 542 1973 tam
550 1936 738 1981 veroquam
752 1936 890 1980 vulgato
907 1933 1081 1978 proverbio
1093 1932 1209 1976 tritum

259 1990 317 2025 est:
331 1988 472 2032 Probum
483 1987 652 2023 dila-aeonis
662 2011 673 2028 ,
692 1984 836 2021 exhibitio
846 1984 885 2026 est
895 1988 991 2027 operis
1003 2008 1010 2016 .
1022 1982 1083 2018 Sed
1097 1991 1209 2023 vereor

256 2051 301 2076 ne
311 2040 456 2083 praesenti
467 2039 585 2084 scripto
604 2034 686 2073 mihi
708 2036 880 2081 proveniat
903 2033 996 2078 qnod
1016 2031 1172 2067 cavebam
1199 2053 1211 2071 ‚

258 2091 436 2125 scilicetne
451 2100 527 2124 vera
537 2089 670 2129 dicens,
699 2086 831 2121 Amicis
843 2083 973 2121 aurium
993 2078 1211 2119 teneritudine

259 2139 488 2180 laborantibus
506 2164 518 2182 ,
553 2137 737 2179 eorundem
758 2137 879 2182 jactura
901 2134 1063 2178 pericliter
1087 2145 1094 2165 :
1123 2135 1211 2165 Nam

223 2215 226 2218 -
258 2192 335 2234 quid
352 2199 426 2234 opus
442 2199 560 2226 teneras
585 2190 717 2223 mordaci
741 2189 846 2222 rodere
851 2186 938 2230 ferro
948 2184 1095 2218 auriculas
1115 2183 1128 2215 ?
1154 2179 1212 2215 Di·

260 2239 335 2276 carn
350 2251 460 2277 tamen
472 2240 562 2287 quod
573 2239 710 2285 debetur
719 2238 858 2277 officio„
883 2235 940 2270 etsi
962 2232 1075 2273 virtuti
1094 2230 1212 2264 succes-

260 2292 335 2327 sum
356 2303 423 2326 non
436 2287 505 2329 tam
517 2293 649 2325 fortuna
660 2285 923 2332 praetepturaiit,
933 2282 1032 2325 quam
1042 2280 1209 2323 ¹rationem

262 2340 448 2376 subvertens
457 2340 628 2384 opinionis
638 2336 767 2379 fallacia
776 2359 789 2373 .,
812 2333 901 2376 Saepe
912 2331 1044 2376 quidem
1061 2329 1178 2364 monui
1201 2352 1213 2370 ,

262 2402 324 2425 nec
344 2390 362 2424 ὲ
385 2389 545 2425 memoria
564 2398 620 2422 tua
641 2385 796 2421 debuerat
818 2382 993 2423 excidisse,
1022 2391 1059 2416 ut
1079 2390 1213 2424 operam
1236 2421 1240 2430 ,

263 2441 359 2475 dares
370 2439 404 2474 δι
416 2437 625 2484 diligentiam
632 2459 654 2483 ,a
672 2445 833 2478 quatenus
843 2429 1212 2479 Ecclesiassantuarien-

262 2491 325 2531 sis,
350 2498 422 2524 tum
445 2486 731 2535 contemplatione
749 2484 818 2527 Dei
827 2491 936 2531 ‚ptum
955 2482 1094 2528 propriae
1113 2480 1215 2515 hone·

265 2539 356 2575 statis
378 2540 503 2575 intuitu
521 2564 532 2580 ‚
557 2538 703 2582 aliquam
725 2528 1213 2579 consolationemjmpenderet

268 2590 358 2626 Patri
372 2615 383 2631 ,
409 2602 467 2634 pro
480 2588 602 2634 justitia
614 2588 647 2624 &
662 2585 809 2636 libertate
819 2583 969 2628 Ecclesia!
982 2582 1139 2625 exulanti.
1155 2579 1219 2623 Me

269 2640 374 2677 ventis
387 2640 480 2674 verba
494 2638 616 2682 dedisse
626 2663 637 2683 ‚
666 2648 714 2671 res
733 2634 856 2670 indicat
868 2658 879 2679 ,
904 2635 939 2677 ᾇ
954 2633 1000 2681 ἴὶςῑι·
1014 2630 1213 2668 contrarium

269 2701 426 2726 eventum
441 2713 451 2728 ,
484 2688 506 2720 si
529 2687 707 2720 multorum
730 2684 896 2720 assertioni
919 2682 1115 2720 credendum
1136 2681 1182 2715 est
1205 2704 1217 2720 ‚

271 2750 349 2773 vota
373 2740 550 2774 cesserunt.
578 2736 721 2783 Qoties
741 2736 830 2769 enim
857 2734 1051 2774 mandatum
1075 2731 1214 2768 Domini

271 2789 368 2834 Papae
389 2789 430 2823 ad
455 2787 631 2822 Ecclesiam
652 2784 788 2819 vestram
808 2785 965 2828 dirigitur
984 2809 996 2825 ‚
1016 2783 1154 2828 >quoties
1175 2781 1216 2816 de

272 2840 417 2875 utilitate
429 2834 701 2879 Archi-Episcopi
722 2835 827 2868 sermo
850 2835 894 2868 est
907 2835 1082 2874 intervos,
1108 2833 1216 2866 statim

274 2889 315 2924 nd
327 2885 777 2924 excommunicatumillum‚
804 2884 860 2928 qui
877 2885 1026 2919 Ecclesia:
1047 2882 1180 2918 incubat
1207 2906 1218 2922 ,

276 2941 376 2975 currit
387 2938 532 2978 delatio,
557 2937 673 2972 relatio
685 2934 864 2969 destinatur
884 2934 926 2969 ad
949 2936 1102 2978 Regem»,
1128 2931 1218 2976 Apo-

277 2990 410 3025 stolicus
422 2988 588 3025 accusatur
598 3011 609 3027 ,
635 2986 670 3020 ὃς
682 2984 740 3019 sub
751 2994 906 3027 praetextu
919 2985 1055 3027 publicae
1076 2983 1218 3018 Potesta-

278 3041 321 3075 tis
332 3036 725 3082 contrahitutimpietatis
735 3034 881 3075 occasio,
907 3034 940 3068 ὅ(
953 3035 1037 3077 quasi
1058 3034 1220 3068 neceffitas

278 3090 509 3135 delinquendi.
537 3089 682 3127 Nonne,
708 3084 753 3120 ob
763 3082 847 3118 hanc
862 3084 991 3118 causam
1003 3085 1162 3129 relegatus
1174 3083 1219 3118 est

281 3138 528 3184 Radulphusde
541 3137 711 3176 Arundel,
738 3134 862 3180 quiain
887 3133 1064 3176 Capitulo,
1092 3134 1168 3168 solis
1179 3134 1222 3168 as-

282 3191 466 3226 sistentibus
480 3189 624 3224 Ecclefiae
634 3187 728 3221 Filiis
746 3184 902 3228 uterinis,
923 3184 957 3218 δι
977 3182 1223 3226 quodammodo

283 3242 409 3277 intimis
419 3240 589 3276 visceribus
597 3236 703 3273 cordis
712 3261 723 3276 ,
745 3234 894 3270 Ecclefiae
905 3233 1092 3278 Anglorum
1105 3233 1224 3266 litteras

284 3290 493 3334 Apostolicas
514 3291 608 3325 ausus
630 3287 675 3323 est
700 3287 879 3330 presentare
899 3286 911 3318 ?
947 3283 1057 3317 Liberi
1081 3307 1091 3323 ‚
1118 3283 1225 3325 inquit

287 3342 385 3374 etiam
398 3342 547 3387 gentium
560 3341 613 3374 lex
625 3364 634 3380 ‚
662 3346 807 3382 parentes
819 3335 908 3369 alant
918 3358 930 3376 ,
955 3343 1013 3368 aut
1024 3332 1225 3367 vinciantur.

292 3389 335 3423 Et
347 3391 411 3425 haec
424 3393 536 3437 utique
545 3414 555 3431 ,
582 3389 662 3427 ficut
674 3384 790 3424 melius
802 3383 887 3420 nosti
897 3408 909 3428 ‚
934 3383 1103 3422 sanctione
1116 3382 1228 3419 utrius-

987 44 1150 98 E>P31
1186 39 1372 97 S.T..0
1405 41 1442 97 L
1477 43 1533 98 ἈΞ

1244 172 1246 177 .
1275 141 1340 174 que
1359 131 1568 168 Testamenti
1593 131 1760 167 firmatur.
1790 131 1897 170 Unde
1917 135 2086 183 colligitur
2104 161 2116 179 ,
2140 139 2225 175 entre

1274 179 1401 217 Patrem
1410 182 1557 218 habeatis
1569 193 1723 227 egentem
1734 207 1747 224 ‚
1771 184 1904 227 quod-ei
1912 186 2035 223 debetis
2046 189 2220 228 alimentaffi

1243 262 1248 274 .
1274 239 1331 267 aut
1341 233 1462 268 vobisa
1484 233 1560 267 Deo
1571 231 1734 268 debentur
1746 233 1899 268 vincula.
1924 235 2012 284 Qis
2031 239 2122 273 enim
2143 239 2216 274 sani

1243 316 1248 322 ,
1267 283 1388 330 ν«εςῳίιὶς
1406 281 1559 318 homines
1579 283 1710 325 credat,
1736 283 1795 328 qui
1813 284 1921 319 Patris
1933 295 1993 327 pro
2011 292 2078 322 tam
2092 289 2216 324 sincera

1272 335 1366 369 causa
1374 335 1442 369 sine
1455 333 1685 378 compaffionis
1696 335 1809 368 officio
1822 334 1976 375 videant,
1990 334 2114 378 immo,
2123 338 2216 383 quod

1272 384 1291 418 a
1313 381 1425 419 inultis
1443 385 1565 421 dicitur
1577 408 1589 425 ,
1614 386 1650 420 &
1671 384 1801 419 rideant
1819 385 1956 427 exilium
1975 405 1987 423 ,
2012 386 2216 431 proscriptio-

1275 444 1368 474 nem,
1393 435 1428 470 &
1462 434 1667 480 egestatem?
1694 433 1973 470 Animus-tamen
1998 434 2069 478 ejus
2090 458 2103 475 ‚
2127 438 2217 479 qnod

1274 484 1367 519 multi
1379 484 1560 526 mirantur,
1584 485 1603 520 a
1616 485 1709 520 vobis
1726 484 1978 521 alienatusnon
1999 484 2069 525 est,
2095 482 2217 528 sedpet

1273 533 1356 576 tela,
1382 534 1601 581 &perignes‚
1626 534 1795 570 &ultimae
1815 536 1890 570 vitae
1912 533 2101 570 discrimina
2126 533 2219 571 vobis

1270 583 1402 626 salutis,
1427 582 1564 621 honoris
1575 610 1585 626 ,
1612 587 1646 620 &
1656 586 1769 629 gloriae
1780 583 1947 621 thesauros
1961 586 2134 630 congerit,
2146 585 2219 628 qui-

1272 633 1351 674 bus,
1375 634 1513 671 authore
1523 635 1619 677 Deo,
1646 635 1883 671 Britannorum
1892 635 2005 671 Mater
2027 636 2063 669 in
2084 634 2233 670 Christo*

1272 683 1485 729 triumphabit
1496 685 1532 720 in
1548 685 1635 721 brevi
1646 686 1791 732 gloriosa
1804 710 1815 727 ,
1843 686 1916 731 plus
1933 685 2032 732 quam
2053 685 2152 719 fuerit
2164 696 2224 719 un-

1270 746 1368 778 quam
1381 735 1416 768 in
1426 732 1540 770 diebus
1550 737 1709 781 antiquis.
1736 736 1910 780 Numquid
1924 737 2011 772 solus
2021 734 2218 778 Radulphus

1270 784 1375 820 fidelis
1385 794 1452 820 erat
1471 785 1622 823 Domino
1636 787 1732 831 Papae
1742 812 1753 828 ,
1771 788 1803 821 ἀ
1817 784 2230 829 devotuss—ArchiAEpiscoae

1271 835 1336 879 po?
1363 835 1525 879 Nunquid
1536 835 1784 873 Provinciarum
1799 837 1952 881 Princeps
1963 837 1998 870 in
2023 834 2222 871 Christi..sui

1270 885 1412 929 pastione
1434 886 1589 923 clamavit
1608 899 1616 920 :
1643 891 1716 921 Non
1738 886 1878 921 babemus
1902 890 2028 921 Patrem
2040 891 2220 919 animarum

1271 937 1306 970 Θ
1321 935 1470 978 Pastorem
1478 960 1492 979 ,
1506 935 1573 978 rnili
1577 936 1728 980 cesarem
1739 939 1752 970 ἒ
1780 937 1871 981 Ergo
1881 939 1991 982 quaeso
2003 961 2016 977 ‚
2029 935 2148 970 dilec‘te
2161 935 2222 976 mi,

1269 985 1351 1020 dum
1363 996 1490 1030 tempus
1506 988 1551 1021 est
1564 1010 1576 1026 ‚
1598 998 1727 1022 moram
1746 986 1872 1022 redime
1883 1011 1905 1028 ,.
1920 988 1954 1022 δε
1979 985 2134 1029 persuade
2145 985 2225 1020 Fra-

1270 1035 1375 1070 tribus
1401 1059 1413 1076 ,
1446 1037 1503 1079 qui
1525 1037 1629 1071 futuri
1654 1036 1728 1071 sunt
1751 1036 2146 1076 sociiconsolationum,
2175 1040 2222 1070 'ut

1269 1086 1517 1121 communicent
1538 1085 1687 1120 Paterni:
1699 1085 1856 1130 angustiis
1868 1109 1880 1126 ‚
1905 1096 1946 1120 ne
1964 1085 2098 1119 tandem
2119 1085 2224 1128 poeni·

1269 1147 1336 1172 teat
1347 1147 1427 1176 eos,
1444 1136 1488 1171 »ἀ
1502 1136 1620 1179 pudeat
1641 1135 1727 1170 solos
1748 1136 1779 1169 se
1800 1146 1855 1179 per
1877 1134 2156 1170 inhumanitatem
2168 1144 2223 1167 ex-

1269 1188 1385 1230 cepisie
1396 1187 1414 1220 a
1427 1186 1642 1222 tribulatione
1654 1187 1825 1221 communi
1846 1208 1857 1224 ,
1884 1197 1954 1228 quae
1969 1184 2014 1218 est
2029 1183 2066 1217 in
2079 1183 2234 1218 Christo..

1271 1235 1425 1271 Authore
1449 1236 1525 1271 Deo
1547 1237 1741 1281 navigamus
1762 1237 1796 1270 in
1818 1246 1915 1279 portu
1930 1260 1940 1277 ‚
1966 1234 2000 1268 ἀ
2023 1234 2096 1278 post
2119 1232 2235 1268 tristia.

1270 1283 1422 1322 sabbatha
1435 1285 1515 1319 felix
1530 1284 1661 1320 irradiat
1672 1286 1756 1320 dies.
1783 1286 1874 1330 Lege
1891 1285 2043 1328 rescripta
2068 1295 2140 1328 quae
2156 1281 2224 1335 *i

1269 1337 1468 1376 mittuntur,
1494 1335 1628 1370 attende
1649 1333 1751 1369 verbis
1777 1346 1847 1379 quae
1858 1335 2008 1369 nondum
2030 1333 2161 1368 licitum
2173 1332 2221 1366 est

1270 1386 1451 1431 publicari,
1475 1396 1615 1430 quorum
1634 1385 1744 1429 aliqua
1767 1395 1835 1419 non
1848 1386 1906 1419 nisi
1926 1385 2011 1426 tibi,
2036 1382 2223 1418 &Oddoni

1270 1437 1355 1475 soli,
1379 1437 1479 1470 etiam
1490 1435 1548 1469 sub
1559 1435 1731 1469 assertione
1742 1434 1933 1480 Religionis
1952 1434 2080 1469 arctatis
2093 1457 2105 1474 ‚
2134 1443 2225 1467 com·

1269 1486 1435 1522 municare
1447 1486 1495 1519 fas
1505 1484 1567 1518 est.
1600 1483 1666 1518 His
1689 1483 1830 1524 auditis,
1856 1485 1997 1520 consilio
2020 1490 2134 1522 utere,
2160 1492 2223 1515 nec

1270 1536 1438 1580 suspiceris
1446 1559 1458 1576 ,
1485 1534 1575 1578 quod
1588 1531 1671 1568 mihi
1680 1533 1860 1579 quidquam
1872 1546 1980 1579 petam
1991 1558 2002 1575 ,
2029 1532 2085 1576 qui
2099 1531 2223 1576 gratias

1270 1597 1335 1631 ago
1348 1586 1423 1620 Deo
1437 1608 1448 1624 ,
1474 1584 1531 1628 qui
1543 1595 1597 1618 me
1609 1583 1744 1619 fibifere
1756 1585 1817 1618 soli
1828 1584 1864 1619 in
1886 1586 2015 1620 ratione
2035 1582 2106 1617 dati
2126 1582 2160 1616 dc
2172 1592 2223 1616 ao-

1270 1636 1358 1681 cepti
1371 1635 1477 1670 voluit
1493 1634 1637 1680 obligari
1649 1657 1656 1666 -
1685 1633 1805 1670 Valere
1817 1658 1825 1668 .
2060 1653 2062 1655 >
2079 1636 2083 1641 ’
2104 1638 2107 1641 “
2130 1640 2134 1644 “

2055 1690 2058 1694 ¹
2120 1703 2123 1716 ἰ
2155 1691 2164 1707 ⁸
2179 1714 2182 1717 .

1460 1781 1876 1818 EpisToLA
1949 1759 2040 1818 xm.

1325 1904 1327 1907 -
1370 1868 1437 1916 liex
1463 1882 1580 1927 Angliae
1604 1881 1726 1916 cuidam
1752 1882 1938 1925 cardinali,
1968 1884 2021 1918 vel
2036 1887 2123 1918 στω
2226 1899 2239 1917 ι.

1593 1952 1596 1955 Δ
1625 1933 1841 1966 cardinalium
1861 1957 1871 1966 .
1890 1946 1891 1950 ¹

1275 2081 1471 2169 SUPER
1497 2079 1573 2122 his,
1598 2092 1668 2126 quae
1679 2082 1852 2118 Dominus
1861 2082 2052 2127 Papavobis
2062 2083 2224 2130 fignifica-

1270 2135 1271 2138 ’
1361 2134 1427 2174 vit,
1455 2132 1690 2176 scilicet-quod
1715 2132 1756 2167 ab
1777 2143 1889 2169 amore
1909 2134 1945 2168 dc
1964 2133 2144 2169 devotione
2154 2133 2224 2168 Ro·

1274 2195 1379 2218 manae
1393 2183 1698 2221 Ecclefiaementem
1711 2183 1745 2217 ἀ
1755 2183 1906 2218 animum
1916 2194 2131 2219 averteramus
2143 2208 2155 2224 ,
2183 2184 2221 2218 in

1274 2233 1387 2277 primis
1399 2233 1632 2277 respondemus
1641 2258 1653 2274 ,
1682 2232 1772 2278 quod
1783 2234 1956 2278 prudentia
1966 2234 2070 2269 vestra
2077 2233 2223 2277 pleniffi·

1277 2282 1338 2321 me·
1352 2284 1536 2327 cognovit,
1562 2282 1660 2325 quam
1681 2283 1805 2319 sincero
1825 2283 2138 2320 affefiuififfelefinm
2153 2283 2226 2318 Ro-

1274 2343 1408 2367 manam
1421 2356 1432 2372 ,
1457 2333 1492 2367 &
1504 2334 1678 2375 personam
1694 2334 1837 2368 Domini
1849 2334 1943 2377 Papae
1967 2335 2091 2378 semper
2101 2333 2224 2369 dileto

1271 2383 1392 2423 rimus,
1417 2382 1452 2415 ἀ
1474 2392 1596 2425 quanta
1619 2394 1679 2425 pro
1699 2394 1741 2416 eo
1766 2383 1959 2423 fecerimus,
1983 2385 2018 2417 δε
2039 2383 2234 2418 sustinueri··

1275 2442 1365 2468 mus.
1397 2431 1564 2475 Siquidem
1583 2453 1593 2470 ,
1619 2441 1656 2464 ut
1677 2442 1789 2466 caetera
1809 2432 1938 2466 silentio
1961 2442 2183 2474 praetereamus
2210 2455 2223 2473 ,

1275 2484 1353 2523 cum
1372 2482 1413 2517 de
1434 2482 1531 2525 ipfius
1551 2482 1755 2524 susceptione
1774 2481 1991 2516 controversia
2013 2480 2185 2516 haberetur
2209 2505 2223 2522 ,

1278 2534 1382 2578 ipsum
1404 2543 1473 2567 non
1497 2533 1588 2569 traeti
1616 2532 1819 2574 recepimus,
1844 2531 1898 2566 sed
1920 2530 1961 2564 ad
1981 2542 2058 2565 eum
2070 2531 2228 2575 recipien-

1275 2584 1357 2618 dum
1371 2581 1454 2617 alios
1468 2607 1479 2622 ‚
1506 2582 1583 2616 licet
1596 2581 1717 2616 invitos
1729 2604 1740 2620 ,
1768 2579 1926 2616 traximus
1937 2581 1971 2615 ὅ(
1983 2581 2237 2625 compulimus.r

1277 2633 1351 2668 Nee
1363 2643 1423 2666 nos
1433 2632 1582 2666 animum
1595 2631 1744 2666 nostrum
1754 2633 1771 2666 a
1784 2630 1973 2666 dilectionis
1991 2632 2224 2676 elongavimus

1278 2682 1506 2729 plenitudine,
1533 2681 1586 2715 sed
1598 2681 1687 2724 ipse,
1713 2681 1792 2725 qui,
1820 2692 1856 2715 ut
1870 2681 1964 2716 vobis
1982 2680 2109 2723 liquet,
2134 2680 2156 2714 ὲ
2176 2691 2229 2715 re·

1279 2734 1411 2768 troastis
1430 2730 1631 2778 temporibus
1654 2730 1749 2766 nobis
1772 2742 1882 2774 praeter
1903 2729 2040 2765 modum
2065 2731 2227 2766 molestus,
2273 2729 2276 2731 ⁷

1279 2784 1428 2824 exstitit,
1455 2783 1532 2827 ficut
1551 2792 1687 2826 operum
1710 2782 1745 2815 in
1779 2781 2024 2825 quamplurimis
2047 2781 2226 2815 declaravit

1279 2835 1436 2870 executio
1446 2859 1456 2874 ‚
1483 2833 1517 2867 δε
1530 2843 1618 2867 nunc
1628 2832 1770 2866 maxime
1782 2830 1880 2865 verbo
1891 2832 1924 2867 ὄε
1941 2842 2039 2874 opere
2065 2856 2076 2871 ,
2101 2831 2224 2873 scripto

1280 2885 1380 2920 etiam
1391 2884 1534 2918 nostram
1551 2907 1562 2922 ,
1589 2882 1680 2925 quod
1703 2882 1903 2924 summopere
1924 2879 2113 2924 Principum
2138 2880 2225 2914 laedit

1280 2934 1408 2970 animos
1420 2957 1431 2974 ‚
1459 2945 1528 2968 non
1540 2931 1660 2967 desistit
1673 2931 1831 2965 infamare
1842 2932 2009 2974 personam
2021 2948 2037 2970 ,v
2057 2930 2135 2966 cum
2145 2930 2227 2965 scri-

1283 2995 1341 3030 pto
1353 2983 1412 3018 suo
1430 2984 1463 3018 &
1475 2983 1575 3017 verbo
1587 2992 1647 3016 nos
1659 2980 1804 3015 Ecclefiae
1814 2982 2048 3025 persecutorem
2060 2980 2230 3022 nominet,

1275 3037 1320 3070 ἀ
1330 3034 1547 3068 Gravatorem
1557 3030 1714 3076 appellet.
1745 3030 1908 3066 Attendat
1920 3040 2030 3066 autem
2053 3031 2225 3067 Dominus

1285 3085 1392 3128 Papa,
1421 3083 1519 3128 quam
1531 3080 1662 3126 paterne⁷
1672 3092 1748 3126 erga
1773 3092 1833 3116 nos
1848 3081 1982 3125 egerit,¹
1996 3081 2054 3124 qui
2077 3078 2224 3116 nobissr-

1286 3134 1475 3181 gnffieavir,
1499 3131 1588 3177 quod
1599 3131 1725 3166 summa
1747 3131 1941 3176 Principum
1965 3131 2061 3166 debet
2083 3131 2230 3165 effecau·

1287 3186 1350 3220 tela
1363 3185 1396 3219 δι
1408 3182 1597 3221 sollicitudo
1609 3205 1622 3222 ‚
1647 3182 1769 3217 famam
1782 3182 1870 3217 suam
1882 3182 2072 3217 conservare
2082 3180 2228 3220 illesam,

1288 3247 1347 3270 nec
1359 3233 1534 3268 Paternum
1544 3232 1629 3267 circa
1643 3244 1704 3267 nos
1715 3244 1825 3277 gerere
1837 3232 1967 3267 videtur
1977 3232 2125 3265 affestum
2140 3254 2150 3269 ,
2170 3228 2229 3273 qui

1290 3286 1383 3319 famae
1395 3283 1506 3318 nostrae
1516 3281 1599 3318 adeo
1612 3293 1709 3330 opere
1723 3284 1755 3317 ἀ
1780 3284 1927 3317 sermone
1948 3281 2105 3326 derogat.
2132 3278 2230 3315 Uni-

1294 3334 1428 3370 verfitati
1442 3334 1555 3376 utique
1572 3332 1679 3366 vestrae
1691 3334 1837 3367 constare
1850 3332 2000 3367 volumus
2014 3356 2024 3372 ,
2035 3329 2124 3374 quod
2136 3325 2228 3373 quid*

1293 3385 1371 3432 quid
1385 3380 1542 3426 honoris,
1561 3382 1783 3427 celsitudinis,
1802 3384 1837 3419 ἀ
1849 3381 2017 3428 potestatis
2038 3380 2192 3463 habetaus
2221 3400 2235 3418 2

2162 3436 2193 3460 e·
