2358 3776
487 89 527 134 S.
576 84 869 134 THOMAE
916 83 1320 134 CANTUAR.
1370 83 1507 131 LIB.
1555 87 1630 133 II.

81 183 120 211 ut
130 173 327 211 denuncient
347 176 463 210 fastam
483 176 547 210 esse
568 184 684 210 contra
694 185 752 209 vos
764 169 1020 219 appellationem

79 226 100 260 ὲ
112 224 250 270 personis
261 224 409 270 Angliae.
437 227 559 260 Ferunt
577 226 677 261 etiam
698 225 833 259 litteras.
861 221 1021 257 Cardina-

80 276 127 309 les
137 276 170 309 in
181 275 285 313 forma
296 276 355 311 ista
369 276 507 310 salutant
521 287 601 318 vos,
626 277 660 311 &
683 283 804 310 vocant
824 271 1022 317 Apostolicae

82 324 172 360 Sedis
184 323 345 371 Legatum
358 351 368 369 ‚
393 326 426 360 ὃς
443 327 478 360 in
499 327 566 361 fine
587 326 764 361 litterarum
785 324 914 358 suarum
930 321 1023 356 vobis

85 372 224 409 Domini
244 377 340 421 Papae
359 376 554 411 authoritate
575 374 765 420 praecipiunt
790 398 801 414 ,
836 383 873 407 ut
894 372 1024 407 nullum

83 423 289 461 interdictum
301 428 336 461 in
349 427 504 472 Regnum
516 425 647 471 Angliae
657 424 709 460 vel
721 425 869 469 personas
879 422 920 457 de
937 431 1026 457 carte·

80 481 122 507 so
134 478 278 517 ponatis.
306 477 474 512 Dominus
492 478 578 512 Otto
601 473 733 510 mandat
755 473 907 509 Domino
933 473 1027 517 Papae

85 523 208 560 secreto
222 551 232 567 ,
244 528 334 572 quod
345 527 553 571 depositionis
564 527 669 560 vestrae
682 536 742 559 nee
754 523 872 559 author
881 524 954 564 erit,
966 534 1026 557 nee

78 576 310 619 consentiens,
342 577 488 620 quamvis
501 576 574 610 Rex
587 574 770 609 nihilaliud
793 579 900 618 petere
923 573 1026 609 videa-

81 632 140 660 tur
150 649 169 666 ,2
188 628 245 662 nisi
256 636 351 672 caput
363 627 501 662 vestrum
515 626 549 659 in
562 624 669 661 disco.
684 624 820 659 Valere.

280 773 687 812 EPISTOLA
738 773 833 809 V11.

197 873 386 911 Alexander
411 875 499 919 Papa
525 873 671 909 Thomae
698 874 922 911 Cantuariensi

406 924 690 971 Archi-Episcopo
700 950 708 959 .

88 1025 261 1060 Alexander
271 1024 437 1069 Episcopus
449 1051 459 1067 ,
485 1028 596 1059 servus
617 1027 778 1061 Servorum
800 1028 875 1067 Dei,
905 1030 1034 1061 Venera-

149 1075 202 1111 bil}
215 1080 323 1110 Fratri
333 1075 688 1118 Thomae,Cantuarienfi
705 1075 947 1120 Archi-Episcopo
960 1101 973 1119 ,

235 1124 364 1170 salutem
377 1127 410 1160 (a
423 1125 610 1169 Apostolicam
625 1127 865 1163 Benedmtunem
873 1153 881 1161 .

214 1324 361 1358 nostrum
384 1325 545 1367 Joannem
555 1323 825 1359 saresberiensem
837 1325 1039 1369 Episcopum

226 1374 432 1414 ilexerimus,
459 1374 492 1407 ὅ(
505 1384 626 1417 quanta
646 1374 715 1418 ipse
736 1374 914 1410 devotione
937 1386 975 1409 ac
997 1375 1040 1409 fa-

90 1423 279 1458 miliaritate
291 1424 391 1457 etiam
403 1434 478 1458 ante
491 1424 604 1458 nostra>
628 1425 847 1467 promotionis
871 1425 967 1459 initia
979 1435 1039 1459 no-

93 1473 146 1507 bis
157 1472 321 1507 adslristus
330 1471 515 1514 adhaeserit,
541 1474 575 1508 ὅ(
588 1484 648 1508 nos
675 1474 757 1509 bene
784 1475 958 1509 recolimus
970 1499 981 1516 ‚
1007 1475 1042 1509 &

92 1529 186 1557 tuam
200 1523 360 1557 credimus
377 1523 584 1568 prudentiam
613 1535 682 1559 non
711 1524 825 1560 latete.
856 1526 945 1559 Inter
955 1536 1043 1559 caere-

93 1583 129 1607 ra
140 1571 298 1616 siquidem
309 1573 423 1608 nostrae
433 1574 474 1608 ad
485 1585 558 1608 eum
569 1574 714 1619 specialis
735 1574 846 1619 gratiae
867 1576 902 1609 &
923 1575 1044 1609 amoris

93 1622 220 1658 indicia
233 1620 314 1657 illud
325 1623 400 1657 satis
412 1634 503 1667 potes
514 1625 701 1658 memoriter
718 1625 855 1659 tenuisse
869 1650 880 1666 ‚
905 1634 1044 1669 quomo·

94 1672 141 1707 do
151 1672 507 1717 cumindignationem
519 1673 642 1707 &iram
660 1673 802 1719 Regiam
827 1675 1007 1709 incurrisset
1036 1699 1047 1716 ,

96 1731 189 1756 tuam
200 1732 260 1766 pro
270 1733 311 1756 eo
323 1723 558 1757 fraternitatem
572 1723 713 1757 sollicite
721 1724 754 1758 δι’.
771 1723 944 1759 affectuose
956 1735 1049 1768 roga-

95 1771 224 1811 vimus,
250 1781 287 1804 ut
299 1771 340 1804 ad
352 1772 450 1814 ipsius
470 1771 772 1810 reconciliationem
796 1782 900 1814 partes
921 1782 991 1806 tuas
1002 1772 1046 1806 ef-

91 1272 414 1406 QALITER
439 1275 504 1318 jam
517 1274 639 1317 pridem
651 1274 882 1309 Venerabilem
894 1275 1038 1309 Fratrem

91 1821 237 1864 ficaciter
246 1818 466 1863 interponeres
475 1841 486 1858 ‚
512 1819 547 1853 dc
557 1831 657 1854 omne
672 1819 814 1854 studium
825 1820 859 1854 &
871 1832 1004 1864 operam
1033 1845 1044 1861 ,
1070 1858 1075 1863 x

95 1869 195 1912 quarn
218 1869 323 1913 posses
343 1893 355 1909 ‚
381 1868 557 1914 diligenter
579 1870 780 1915 impenderes
801 1897 808 1904 .
845 1870 948 1917 Qod
971 1871 1047 1915 qui-

95 1920 174 1954 dem
187 1917 403 1963 diligenter&
414 1918 616 1955 laudabiliter
625 1921 761 1955 effecisti
773 1946 784 1961 ‚
809 1919 899 1964 quod
914 1933 967 1966 per
979 1921 1046 1955 Dei

98 1968 240 2015 gratiam
252 1969 517 2006 &interventum
530 1970 676 2005 nostrum
688 1993 699 2009 ,
724 1983 762 2005 ac
788 1970 1047 2006 sollicitudinem

96 2021 131 2054 &
142 2018 287 2054 studium
298 2028 392 2053 tuum
405 2030 515 2063 pacem
526 2019 560 2053 δε
571 2021 712 2065 gratiam
738 2021 841 2065 Regis
866 2021 1012 2055 obtinuit
1040 2045 1048 2052 .

100 2069 271 2104 Memores
283 2071 392 2114 itaque
403 2070 437 2104 &
447 2069 561 2105 nostrae
571 2071 612 2106 ad
622 2081 697 2105 eum
710 2070 916 2112 dilestionis‚
943 2071 976 2106 ἀ
987 2071 1049 2106 suae

100 2118 142 2153 ad
162 2130 224 2154 nos
243 2119 434 2154 devotionis
453 2120 488 2154 &
508 2120 738 2163 familiaritatis
759 2121 919 2163 antiquar,
945 2121 1049 2164 ipsum

103 2167 168 2203 tibi
189 2157 344 2204 duximus
364 2170 522 2204 attentius
543 2171 866 2210 commendandum,
891 2171 1051 2206 sincerita-

101 2228 169 2253 tem
181 2229 271 2254 tuam
282 2244 293 2260 ,
319 2220 361 2254 de
372 2230 434 2263 qua
444 2219 585 2254 omnine>
602 2220 804 2255 confidimus
814 2245 825 2262 ,
851 2231 905 2264 per
922 2222 1051 2265 praesen-

92 2268 150 2303 sia
161 2268 277 2312 scripta
289 2278 442 2313 rogantes
452 2270 634 2313 propensius
644 2295 656 2311 ‚
667 2281 842 2306 monentes
855 2282 951 2314 atque
962 2281 1051 2306 man-

101 2318 216 2353 dantes
223 2341 235 2358 ,
261 2318 418 2364 quatenus
429 2318 498 2362 ejus
511 2319 732 2356 imbecillitati
744 2333 783 2356 ac
793 2321 947 2356 senectuti
958 2332 1052 2356 com·

110 2367 263 2412 patiens,
288 2362 484 2402 &nontam
507 2370 601 2412 ipsius
622 2371 728 2410 aetati,
756 2370 855 2412 quam
876 2371 992 2405 nostrae
1016 2371 1049 2406 in

103 2429 146 2452 eo
165 2417 311 2452 deferens
336 2416 500 2452 voluntati
522 2441 534 2459 ‚
572 2419 665 2453 fimul
682 2419 782 2454 etiam
803 2421 1009 2456 considerans
1037 2446 1048 2462 ‚

101 2465 212 2509 qudd,
239 2466 321 2501 ficut
356 2467 518 2502 credimus
547 2493 559 2509 ,
581 2469 616 2502 δι
651 2469 748 2505 certis
774 2468 1047 2515 deprehendimus

103 2516 320 2560 conjessuris,
347 2527 414 2551 non
437 2518 495 2552 suo
515 2518 627 2562 spiritu
651 2520 773 2554 dicitur
797 2545 808 2561 ,
836 2521 888 2556 sed
911 2523 1050 2565 quadam

100 2567 148 2602 ob
161 2575 287 2600 metum
300 2566 464 2610 Principis
473 2578 587 2602 contra
604 2570 753 2605 animum
774 2571 868 2606 suum
890 2572 1049 2607 neceffita·

103 2626 140 2651 te
149 2617 306 2659 premitur
317 2616 351 2650 ἀ
360 2625 511 2662 urgetur,
538 2629 614 2655 eum
627 2619 661 2652 in
674 2620 838 2663 patientia
849 2633 886 2656 ac
908 2622 1052 2657 lenitatis

103 2666 218 2710 spiritu
238 2666 382 2712 benigne
402 2667 566 2711 supportes
583 2691 594 2707 ‚
629 2669 664 2703 ὅ(
683 2670 784 2713 usque
819 2670 860 2705 ad
880 2671 1051 2707 discessum

104 2715 312 2751 Nuntiorum
323 2718 506 2752 nostrorum
520 2741 531 2757 ‚
554 2729 636 2762 quos
651 2719 839 2754 adeundem
852 2720 979 2766 Regem
991 2734 1050 2766 pro

107 2777 164 2800 tua
175 2766 442 2802 reconciliatione
453 2769 683 2803 transmisimus
693 2795 704 2810 ‚
731 2771 835 2813 ipsum
848 2770 881 2804 in
897 2773 992 2805 nullo
1004 2784 1054 2816 pe-

107 2816 200 2851 nitus
210 2827 322 2862 graves
333 2842 343 2858 ‚
367 2818 647 2861 quemadmodum
658 2821 758 2854 etiam
771 2819 811 2854 de
823 2821 916 2864 ipsius
928 2822 1032 2866 Regis
1043 2847 1053 2862 ,

106 2865 288 2901 &aliorum
310 2867 452 2910 ejusdem
474 2868 583 2914 Regni
606 2870 744 2912 personis
762 2878 794 2904 te
819 2870 951 2905 interim
966 2872 1053 2906 volu-

108 2925 182 2949 mus
191 2915 376 2952 observare.
409 2917 541 2954 Exinde
554 2920 663 2953 verosi
677 2919 782 2954 tibi&
805 2920 1023 2957 Ecclefiaetuae
1043 2948 1052 2964 ,

109 2965 188 2999 ficut
207 2966 420 3002 desideramus
432 2968 549 3012 paritet
559 2970 591 3003 ἀ
607 2971 767 3013 speramus
782 2996 790 3011 ‚
803 2982 866 3013 pax
879 2973 973 3006 fuerit
986 2972 1053 3006 Au-

109 3013 205 3049 thore
215 3016 365 3051 Domino
375 3019 539 3059 restituta,
567 3021 709 3055 eundem
724 3021 921 3065 Episcopum
940 3035 997 3067 pro
1011 3035 1054 3057 re—

110 3065 256 3099 verentia
265 3064 356 3099 Beati
366 3066 452 3102 Petri
462 3080 499 3104 ac
510 3069 617 3104 nostra
633 3095 643 3111 ,
669 3071 702 3105 δε
714 3071 768 3105 sua
792 3072 989 3116 suorumque
1001 3073 1053 3107 de‘

110 3114 248 3150 votione
267 3126 304 3150 ac
315 3114 469 3152 fidelitate
481 3143 491 3160 ,
515 3130 555 3153 ex
578 3119 642 3154 hoc
666 3121 699 3155 in
725 3132 915 3165 perpetuum
928 3124 1053 3166 plenius

110 3162 291 3200 obtinenda
301 3190 312 3207 ‚
338 3167 432 3200 omni
445 3191 456 3207 ,
481 3169 503 3202 si
515 3180 611 3212 quem
625 3180 738 3205 contra
750 3182 824 3206 eum
838 3174 1015 3217 concepisti
1042 3198 1053 3214 ,

112 3225 246 3250 rancore
268 3216 414 3260 deposito
434 3216 574 3262 diligas,
602 3230 700 3254 manu
720 3232 827 3257 teneas
845 3249 855 3264 ‚
892 3224 926 3258 &
951 3223 1053 3258 hono·

113 3275 163 3298 res
177 3289 188 3305 ,
214 3265 318 3300 &nec
333 3278 388 3310 per
408 3276 440 3303 te
462 3267 588 3310 ipsum,
614 3280 673 3304 nec
695 3282 750 3314 per
769 3273 835 3316 jam
857 3271 976 3308 dictum
991 3274 1053 3307 Re-

113 3325 208 3359 gem,
234 3314 323 3357 cujus
341 3317 422 3351 iram
446 3318 628 3360 frequenter
644 3331 793 3365 expertus
814 3334 937 3358 veretur
960 3324 1052 3367 pluri7

113 3365 204 3399 mum
226 3377 263 3399 ac
275 3367 450 3408 formidat,
478 3367 579 3401 ullam
592 3368 650 3403 fibi
667 3371 848 3407 molestiam
870 3375 989 3419 irroges
1003 3375 1051 3407 vel

111 3423 284 3459 gravamen
297 3440 304 3447 .
333 3417 405 3459 Ipse
417 3417 458 3451 ad
470 3429 582 3460 pacem
593 3419 627 3452 ἀ
637 3422 938 3460 reconciliationem
949 3435 1053 3467 tuam,

213 3464 319 3508 christ.
341 3470 422 3511 Lupi
443 3470 542 3511 Opera
563 3472 642 3502 Tom.
663 3472 704 3505 X.

1868 91 1956 137 181

1080 181 1147 206 tam
1164 181 1218 217 per
1239 170 1292 218 se,
1318 167 1423 213 quim
1445 178 1501 212 per
1523 169 1648 203 amicos
1666 170 1680 211 ‚⁴
1708 172 1743 207 δε
1764 174 2028 222 consanguineos

1081 223 1156 256 suos
1166 219 1336 256 efficaciter
1350 218 1522 259 laborare,
1546 228 1680 254 omnem
1690 220 1730 253 ad
1750 221 1813 260 hoc
1837 226 2032 261 sollicitudi-

1084 282 1158 307 nem
1168 271 1200 305 &
1212 280 1343 315 operam
1354 269 1452 313 quam
1472 267 1612 314 poterit,
1638 268 1680 303 ad
1690 267 1800 307 hibere
1820 276 1967 319 curabit,
1991 284 2032 314 ut

1083 334 1124 358 eo
1135 321 1205 367 ipso
1216 320 1354 366 gratiam
1366 319 1511 355 nostram
1521 320 1556 354 δε
1576 318 1843 357 benevolentiam
1863 335 1952 362 tuam
1966 327 2031 372 ple.

1086 373 1158 408 nius
1178 381 1337 407 mereatur
1349 395 1360 412 ,
1385 371 1420 405 δε
1441 369 1576 405 ulterius
1602 371 1782 414 assequatur
1802 396 1809 402 .
1828 372 1988 412 Caeterum
2005 376 2030 411 fi

1085 423 1168 459 forte
1182 446 1194 463 ,
1215 422 1303 467 quod
1323 422 1414 456 Deus
1438 429 1585 462 avertat,
1610 419 1690 464 saeps
1710 418 1814 455 dietus
1835 420 1912 455 Rex
1929 427 1962 457 in
1977 429 2031 461 sua

1086 472 1216 509 duxerit
1228 471 1451 508 obstinatione
1462 469 1614 506 indurato
1633 470 1746 505 animo
1767 470 1995 515 persistendum
2021 498 2035 515 ‚

1089 534 1192 567 neque
1204 522 1265 558 hac
1276 522 1390 557 saltem
1401 521 1472 557 vice
1483 521 1519 555 in
1532 520 1804 555 reconciliatione
1815 530 1871 555 tua
1879 544 1890 560 ,
1920 521 1954 555 δε
1965 531 2037 556 tuo·

1089 585 1162 609 rum
1172 583 1268 618 atque
1285 573 1435 607 Ecclefiae
1445 582 1545 617 pace,
1570 570 1733 605 voluntati
1745 571 1898 613 Divinae,
1925 570 2040 606 admo-

1091 625 1212 660 nitioni
1225 623 1360 664 nostrae,
1384 623 1418 657 &
1436 620 1558 657 honori
1578 620 1637 655 suo
1661 620 1784 656 deferre
1806 621 1972 662 voluerit,
1996 632 2039 655 ex

1093 686 1170 711 tunc
1183 675 1206 708 fi
1221 675 1255 708 in
1267 675 1423 718 Regnum
1445 673 1480 707 δε
1500 671 1612 716 Regni
1632 672 1801 715 personas,
1829 679 1893 705 tuae
1915 671 2039 715 jurisdi-

1093 724 1216 762 stioni,
1243 734 1299 758 aut
1310 722 1511 766 Metropolis
1521 731 1578 756 aut
1599 720 1790 766 Legationis
1812 721 1904 765 jure,
1930 721 2040 756 subdi-

1094 787 1144 811 tos
1155 775 1293 809 ultionis
1306 773 1424 807 debitae
1431 772 1631 808 severitatem
1640 770 1772 806 duxeris
1790 769 2004 806 exercendam
2029 795 2042 813 ,

1094 827 1208 861 &tuas
1219 825 1252 859 &
1265 824 1411 858 Ecclesiae
1422 833 1485 858 tuae
1499 822 1635 868 injurias
1655 846 1666 863 ,
1691 821 1884 856 Pontificali
1905 822 2043 866 gravita-

1096 888 1128 913 te
1148 888 1185 911 ac
1206 874 1394 909 maturitate
1415 874 1559 914 servata,
1586 881 1683 916 prout
1701 871 1852 917 expedire
1874 874 2004 906 noveris
2030 894 2044 912 ‚

1098 923 1277 963 vindicabis
1303 937 1310 957 ι
1337 924 1415 968 quia
1427 925 1592 968 praefatum
1604 923 1802 967 Episcopum
1820 919 1980 966 speciali,
2006 931 2045 956 ut

1097 979 1260 1017 diximus,
1287 974 1328 1009 ab
1338 975 1477 1018 antiquo
1487 973 1607 1008 amoris
1618 972 1823 1018 prerogativa
1844 972 2040 1017 diligimus,

1097 1030 1119 1063 fi
1130 1039 1204 1063 cum
1215 1038 1258 1062 eo
1267 1025 1312 1060 ob
1324 1024 1537 1060 reverentiam
1548 1023 1640 1057 Beati
1654 1023 1742 1058 Petri
1755 1035 1793 1059 ac
1805 1022 1948 1058 nostram
1976 1046 1988 1063 ,
2010 1021 2049 1056 in

1099 1087 1258 1123 quantum
1276 1087 1352 1111 cum
1363 1076 1440 1110 Deo
1452 1075 1487 1109 &
1499 1073 1667 1108 honestate
1673 1074 1796 1118 poteris
1807 1098 1819 1114 ,
1845 1073 1958 1108 mitius
1975 1080 2050 1116 ege·

1100 1131 1162 1170 ris,
1189 1136 1318 1174 gratum
1330 1125 1426 1160 nobis
1448 1124 1546 1159 facies
1567 1123 1764 1159 omnimodo
1785 1124 1819 1158 &
1841 1133 2013 1166 acceptum
2040 1146 2050 1156 .

1101 1180 1167 1214 Pro
1188 1181 1377 1213 Decanatus
1395 1175 1472 1209 vero
1494 1174 1733 1209 Saresberienfis
1754 1173 1900 1208 Ecclesia:
1920 1172 2052 1207 conces-

1101 1229 1211 1269 fione,
1237 1237 1336 1268 quem
1354 1226 1395 1259 ab
1419 1226 1492 1268 ipso
1514 1225 1622 1258 invito
1644 1226 1678 1258 δε
1699 1223 1859 1257 renitente
1878 1218 2052 1266 Joannide

1100 1276 1292 1312 Oxeneford
1303 1275 1344 1308 ad
1357 1274 1583 1308 vehementem
1598 1272 1700 1315 Regis
1714 1273 1903 1306 instantiam
1915 1271 2053 1305 conces·-

1102 1330 1172 1362 sum
1188 1351 1198 1368 ,
1223 1324 1330 1360 immo
1342 1321 1448 1368 magis
1460 1330 1627 1356 extortum
1641 1331 1699 1363 pro
1711 1330 1801 1354 certo
1809 1320 2029 1363 comperimus
2043 1343 2054 1360 ,

1103 1388 1193 1413 tuam
1216 1388 1284 1410 non
1306 1373 1403 1409 debet
1425 1369 1693 1416 indignationem
1715 1370 1764 1404 vel
1787 1369 2056 1404 malevolentiam

1105 1428 1295 1466 incurrisse,
1320 1423 1396 1459 cum
1409 1423 1444 1457 &
1469 1422 1516 1455 vis
1537 1421 1642 1463 major
1663 1419 1785 1464 absque
1804 1420 1909 1454 dubio
1922 1420 2061 1454 interve-

1105 1479 1188 1513 nerit
1200 1502 1211 1517 ,
1236 1477 1269 1510 &
1283 1485 1342 1508 nos
1354 1475 1456 1508 etiam
1468 1472 1575 1505 eidem
1590 1471 1711 1514 Joanni
1721 1469 2058 1512 Decanatumipsum,

1105 1528 1182 1564 cum
1193 1536 1267 1560 eum
1286 1526 1321 1558 in
1334 1523 1451 1557 nostris
1474 1519 1626 1555 manibus
1639 1520 1804 1554 refutasset
1815 1543 1826 1560 ,
1852 1518 2057 1553 authoritate

1105 1577 1215 1613 nostra
1239 1573 1442 1610 dederimus.
1478 1571 1606 1606 Datum
1632 1569 1837 1610 Beneventi,
1863 1570 1984 1615 quinto
1994 1566 2060 1606 Idi·

1106 1629 1166 1664 bus
1180 1626 1264 1662 Maii
1281 1651 1287 1659 .

1276 1767 1689 1807 EPISTOLA
1762 1769 1892 1808 V111.

1199 1922 1370 1959 Vthbelmo
1395 1920 1534 1964 Papienfi
1547 1925 1692 1967 joannes
1719 1918 1967 1961 saresberiensis.

1152 2089 1156 2095 ·
1185 2070 1293 2107 AMA
1326 2072 1518 2117 divulgante
1544 2071 1721 2107 didicimus
1748 2081 1806 2106 vos
1841 2094 1852 2110 ,
1879 2069 1916 2103 &
1942 2069 2061 2104 Domi-

1210 2134 1289 2158 num
1303 2124 1468 2158 Ottonem
1482 2122 1594 2156 sanctae
1606 2123 1764 2157 Romanae
1778 2121 1927 2155 Ecclefiae
1936 2120 2060 2154 Diaco·

1113 2186 1193 2210 num
1214 2173 1426 2208 Cardinalem
1441 2197 1453 2214 ‚
1485 2172 1526 2207 ad
1547 2184 1654 2216 preces
1677 2173 1812 2207 illustris
1835 2170 1979 2205 Domini
2000 2181 2061 2204 no-

1112 2226 1167 2260 stri
1180 2225 1282 2268 Regis
1305 2222 1492 2267 Anglorutn
1506 2248 1516 2264 ‚
1542 2235 1583 2257 ex
1609 2223 1775 2258 Mandato
1796 2220 1940 2255 Domini
1964 2219 2061 2263 Papae

1112 2277 1147 2311 in
1168 2283 1272 2319 partes
1282 2273 1473 2316 Aquitaniae
1489 2271 1685 2307 descendisse
1708 2297 1719 2313 ,
1745 2282 1804 2312 ut,
1830 2269 1971 2306 authore
1990 2269 2065 2303 Do-

1112 2325 1205 2361 mino
1230 2348 1241 2366 ,
1277 2323 1300 2356 st
1322 2322 1391 2356 fieri
1414 2322 1517 2366 potest
1536 2346 1546 2363 ,
1583 2322 1779 2367 Anglicanae
1802 2321 1953 2355 Ecclesiae
1973 2319 2066 2354 debi-

1115 2386 1182 2411 tam
1194 2372 1334 2409 reddatis
1348 2372 1531 2407 libertatem
1545 2396 1556 2413 ,
1581 2372 1708 2407 &inter
1717 2371 1908 2406 Dominum
1929 2370 2065 2416 Regem

1113 2427 1148 2462 dc
1186 2423 1454 2460 Cantuariensem
1494 2420 1599 2456 Archi
1613 2423 1838 2465 -Episcopum
1878 2430 1990 2463 pacem
2028 2420 2064 2453 dc

1113 2474 1326 2512 concordiam
1348 2472 1546 2508 reformetis.
1574 2471 1606 2504 A
1624 2472 1754 2515 magnis
1779 2470 1880 2504 etiam
1913 2469 1947 2502 δε
1967 2468 1986 2501 a
2010 2479 2064 2502 ve-

1115 2523 1312 2562 nerabilibus
1333 2523 1482 2558 auditum
1505 2522 1549 2556 est
1572 2545 1583 2561 ‚
1609 2522 1698 2563 quod
1722 2521 1868 2565 praefatus
1890 2517 2061 2552 Dominus

1115 2576 1222 2612 noster
1233 2576 1308 2610 Rex
1319 2574 1403 2609 adeo
1424 2572 1466 2606 de
1485 2581 1597 2605 amore
1610 2569 1717 2603 vestro
1736 2568 1876 2604 confidit
1889 2593 1900 2609 ,
1922 2579 1958 2602 ut
1983 2578 2062 2602 con-

1114 2628 1184 2662 silio
1205 2626 1310 2661 vestro
1345 2625 1380 2657 in
1406 2620 1563 2656 omnibus
1591 2619 1813 2663 obtemperare
1845 2618 2023 2652 decreverit
2049 2643 2057 2650 .

1115 2677 1222 2713 Unde
1257 2674 1466 2709 vehementer
1500 2670 1698 2703 exhilaratus
1717 2669 1892 2703 consilium
1920 2668 2061 2702 vestrum

1115 2729 1148 2763 &
1173 2726 1335 2761 auxilium
1357 2720 1441 2756 mihi
1459 2721 1571 2755 censui
1595 2719 1839 2764 implorandum
1861 2744 1871 2759 ‚
1909 2718 2003 2752 vobis
2025 2719 2061 2751 in

1116 2777 1271 2813 omnibus
1294 2773 1472 2818 pariturus,
1508 2771 1583 2804 sana
1606 2770 1824 2805 indemnitate
1845 2769 2059 2802 conscientiae

1115 2829 1149 2863 &
1161 2825 1350 2862 honestate.
1378 2819 1528 2857 Confido
1540 2820 1629 2854 enim
1642 2822 1675 2854 in
1692 2821 1847 2855 Domino
1863 2818 1977 2862 ‚quod
1990 2828 2063 2852 tan-

1115 2888 1147 2913 ta
1160 2889 1228 2912 non
1240 2875 1301 2910 erit
1312 2872 1400 2918 apud
1412 2882 1469 2907 vos
1482 2871 1629 2914 acceptio
1654 2870 1864 2914 personarum
1886 2870 1919 2904 &
1948 2879 2062 2902 mune-

1116 2939 1199 2967 rum,
1212 2937 1248 2960 ut
1273 2922 1399 2968 aliquid
1421 2920 1636 2956 committatis
1650 2946 1659 2961 ‚
1685 2919 1771 2955 unde
1793 2919 1924 2954 laedatur
1949 2918 2061 2952 Eccle-

1116 2979 1156 3012 sia
1169 3002 1180 3018 ‚
1206 2974 1389 3010 scandalum
1400 2981 1570 3017 generetur
1583 2973 1616 3004 in
1631 2971 1757 3006 mundo
1770 2995 1781 3011 ,
1808 2969 1982 3004 offuscetur
1996 2968 2062 3002 cla-

1116 3029 1191 3062 ritas
1204 3025 1350 3061 nominis
1360 3022 1454 3058 vestri
1468 3048 1475 3054 .
1504 3023 1584 3056 Haec
1594 3022 1682 3055 enim
1696 3022 1769 3054 sunt
1787 3031 1885 3063 opera
1906 3029 2018 3052 eorum
2048 3041 2059 3056 ,

1116 3077 1174 3123 qui
1193 3086 1250 3111 aut
1271 3076 1377 3120 legem
1390 3073 1539 3108 nesciunt
1564 3096 1574 3111 ,
1602 3081 1657 3105 aut
1681 3071 1763 3116 legis
1789 3069 1979 3105 Dominum
1991 3079 2059 3101 non

1117 3137 1289 3162 verentur.-
1316 3124 1510 3159 vosautem
1524 3133 1589 3155 non
1605 3121 1669 3162 fic,
1695 3122 1787 3164 cujus
1811 3119 1908 3154 fidem
1930 3119 1964 3152 ὃς
1991 3127 2060 3160 pru-

1112 3177 1262 3213 dentiam
1289 3174 1374 3210 adeo
1400 3172 1565 3209 Dominus
1593 3171 1786 3215 approbavit
1808 3195 1818 3210 ‚
1855 3180 1891 3203 ut
1928 3178 1986 3200 vos
2024 3167 2060 3198 in

1116 3228 1221 3272 capite
1251 3225 1375 3260 Mundi
1404 3226 1497 3267 supet
1520 3220 1749 3256 candelabrum
1785 3229 1917 3253 aureum
1938 3217 2060 3258 septem

1117 3276 1336 3323 lampadarum
1359 3274 1514 3316 tanquam
1548 3272 1715 3306 lucernam
1735 3269 1892 3305 eximiam
1921 3265 2064 3299 colloca-

1118 3339 1188 3369 ret,
1215 3337 1252 3362 ut
1268 3327 1326 3369 qui
1351 3322 1581 3368 ingrediuntur
1603 3322 1714 3355 lumen
1736 3318 1870 3352 videant
1892 3339 1901 3348 .
1937 3315 1983 3371 ln.
2002 3325 2061 3370 vos

1117 3379 1194 3425 ergo
1202 3376 1353 3412 omnium
1365 3373 1454 3407 oculi
1469 3372 1655 3415 diriguntur
1668 3394 1679 3410 ‚
1705 3370 1889 3410 timentque
1902 3364 2032 3409 plurimi
2048 3388 2059 3404 ,

1118 3441 1160 3466 ne
1194 3426 1326 3464 Lucifer
1356 3422 1469 3460 denuo
1502 3431 1644 3457 tentatus
1674 3418 1898 3462 exstinguatur
1923 3415 1957 3448 ὅ(
1994 3426 2062 3448 cor·-

1586 3470 1637 3516 (ζ
1920 3473 2013 3503 ruat,
