2358 3776
310 154 373 223 3‘6

1026 155 1384 208 VITA

243 250 485 296 chi-Episcopus
495 247 632 284 breviter
645 248 687 283 sic
703 246 867 293 respondit
886 259 894 279 ε
924 244 1046 279 Utinam
1057 248 1110 281 vel
1117 259 1176 282 meo
1238 247 1304 283 lem
1316 248 1350 283 δε
1360 258 1485 285 tantam
1499 249 1613 286 muudi
1622 250 1761 296 gloriam
1774 276 1786 293 ,
1796 249 1874 287 dum
1885 251 1992 289 adhuc
2003 256 2175 298 ordiretur,

235 300 380 349 ‘sanguine
390 300 527 335 liberetur
540 322 549 332 .

398 396 768 437 CAPUT
865 395 1023 431 XXXI.

363 505 409 536 De
434 503 626 535 coronatione
652 498 771 533 Hemlci
797 499 886 546 Regu
903 499 1034 538 J‘um'ori!
1047 523 1054 530 .

451 600 496 628 W
522 599 536 631 1
563 598 593 634 L
617 598 655 633 H
683 597 712 631 E
739 596 769 634 L
794 596 836 631 M
863 596 904 633 U
929 596 968 631 S.

344 699 405 735 EX
418 709 524 734 autem
536 698 723 743 Anglorum
733 695 802 731 cito
812 696 881 741 post
891 695 1103 742 supradictum
1113 697 1176 732 col-

369 749 517 793 loquium
531 749 563 782 in
578 747 735 792 Angliarn
748 748 964 782 transfretavit
974 774 981 782 .
1003 748 1178 782 imminen-

239 812 274 836 te
289 800 362 834 vero
374 801 578 834 solemnitate
588 798 678 831 Beati
693 797 826 841 Joannis
838 796 985 841 Baptistae
998 822 1009 838 ‚
1035 798 1091 832 sub
1101 808 1174 840 prae·

238 860 330 886 textu
340 849 513 884 ordinandi
526 848 633 895 Regni
648 848 840 882 convocatis
849 847 958 893 Regni
968 847 1174 888 proceribus,

237 901 460 945 primogenito
482 899 552 933 filio
571 900 627 932 suo
639 898 748 942 Regni
772 898 818 932 sui
831 897 992 933 commisit
1010 895 1153 933 habenas
1167 923 1174 930 .

238 950 283 984 Et
295 960 385 984 erant
404 950 458 992 qui
471 950 635 988 dicerent,
660 948 736 991 quia
747 947 926 983 successuro
948 948 1003 983 sibi
1018 947 1091 982 Rex
1104 960 1174 991 prae—

236 1000 359 1034 caverit
383 997 494 1033 haeredi
506 1022 517 1039 ,
542 997 789 1033 asseverantibus
803 997 876 1032 aliis
889 1022 900 1039 ‚
925 998 1001 1042 quia
1013 996 1046 1033 in
1060 997 1174 1032 odium

237 1048 501 1084 Archi-Praesulis
516 1073 526 1090 ,
549 1049 583 1083 δε
605 1048 639 1082 in
660 1045 819 1082 laefionem
835 1048 1006 1093 dignitatis
1028 1047 1175 1082 Ecclefiae

238 1099 476 1133 Cantuariensrs
488 1099 551 1133 hoc
573 1097 680 1132 fieret.
707 1097 865 1141 Imposuit
885 1107 993 1131 autem
1005 1097 1173 1131 cimanum

236 1146 529 1192 Archi-Episcopus
540 1147 748 1182 Eboracenfis
759 1147 793 1181 in
806 1146 1029 1180 cantuariensi
1045 1146 1173 1180 Dioece-

236 1199 277 1240 si,
304 1199 337 1231 iu
349 1198 488 1232 Ecclesia
501 1197 647 1232 videlicet
661 1198 752 1231 Beati
764 1197 849 1230 Petri
862 1197 947 1240 apud
962 1196 1176 1230 Westmona-

236 1248 369 1282 sterium
381 1258 492 1281 contra
510 1247 703 1291 dignitatern
723 1246 867 1280 Ecclesia:
888 1244 1126 1281 Cmtuarienfis
1144 1245 1175 1279 ὅ(

236 1299 402 1341 antiquam
413 1295 679 1332 consuetudinem
693 1320 703 1335 ,
730 1295 1009 1331 affistentibussibi
1033 1297 1064 1330 &
1075 1295 1179 1329 suffra.

234 1347 387 1394 gantibus
399 1346 589 1380 Praesulibus
608 1346 833 1381 Londonienfi
851 1345 1089 1386 ‚saresberiensi
1111 1367 1124 1385 ,
1144 1346 1177 1380 ἀ

235 1398 381 1434 Roffenfi
394 1421 405 1437 ,
418 1397 517 1442 nejus
530 1396 676 1431 Ecclesiae
687 1396 928 1430 Cantuarienfis
938 1398 1095 1430 laederetur
1106 1406 1179 1439 pro-

237 1447 431 1483 testantibus
442 1443 464 1488 ,'
477 1446 516 1481 ad
528 1447 619 1491 cujus
629 1446 823 1491 dignitatem
834 1446 866 1480 δε
875 1446 926 1488 jus
938 1471 948 1486 ,
962 1446 1094 1490 Regum
1108 1443 1179 1480 An·

234 1498 366 1543 giorum
378 1497 562 1530 Coronatio
573 1497 614 1530 ab
628 1498 765 1539 antiqu'o
782 1497 940 1540 pertinere
953 1495 1174 1542 dignoscitur.

235 1544 313 1581 Post
324 1544 586 1578 Coronationem
599 1545 760 1579 celebrato
772 1545 927 1580 convivio
941 1570 951 1587 ,
980 1546 1054 1580 Rex
1071 1545 1177 1590 Regi,

234 1595 330 1631 Pater
338 1592 408 1626 filio
418 1590 573 1637 dignatus
597 1594 640 1626 est
655 1593 856 1633 ministrare,
873 1594 907 1628 ἀ
922 1598 952 1630 se
965 1595 1093 1640 Regem
1108 1606 1176 1630 non

233 1645 298 1679 effe
316 1641 499 1686 protestari.
526 1642 686 1677 Poenituit
708 1643 785 1677 dieti
809 1646 954 1687 processu
974 1646 1128 1689 temporis
1142 1645 1177 1680 &

235 1695 309 1732 fasti
322 1717 334 1733 ,
358 1692 538 1736 didicitque
561 1691 604 1726 rei
626 1692 918 1734 comprobatione,
956 1705 1022 1726 non
1049 1696 1177 1727 tantum
1192 1702 1196 1730 ;

235 1741 501 1779 Cantuariensern
515 1741 692 1776 Ecclesiam
704 1741 809 1775 laefiffe
819 1766 831 1781 ,
857 1740 1018 1785 quantum
1030 1743 1064 1775 in
1077 1738 1196 1792 vindi-l

230 1796 319 1830 etam
330 1801 441 1827 eorum
451 1817 462 1833 ‚
488 1802 574 1836 quos
584 1793 766 1835 persecutus
774 1791 838 1834 est,
883 1791 1098 1827 adversarium
1122 1790 1195 1832 fibil

235 1845 292 1889 ipsi
309 1844 350 1878 de
361 1844 416 1877 suo
428 1844 565 1877 foemore
576 1842 734 1876 suscitasse
743 1866 751 1873 .

284 1893 431 1927 Audiens
443 1890 508 1925 haec
519 1890 749 1926 Archi-Praesul
762 1891 795 1925 in
819 1891 931 1935 primis
953 1892 1008 1927 vix
1021 1891 1158 1927 credidit
1169 1917 1177 1924 .

234 1944 305 1988 Ipse
326 1942 484 1986 fiquidem
502 1942 658 1985 tanquam
680 1942 727 1975 vir
739 1942 913 1984 providus,
938 1943 973 1977 ὃς
994 1942 1046 1976 cui
1061 1942 1102 1976 de
1115 1942 1179 1976 suis

235 1992 429 2029 Adversariis
439 1993 580 2036 suspecta
591 2001 682 2026 erant
697 1991 809 2024 omnia
824 2014 835 2030 ,
862 1992 879 2026 a
891 1992 1048 2027 Romano
1062 1991 1178 2026 Ponti-

233 2043 408 2078 fieeliteras
418 2042 640 2085 impetraverat
652 2065 662 2081 ,
682 2039 722 2075 ad
737 2040 976 2076 Eboracensem
990 2040 1200 2121 Archi-Epi]

188 2099 191 2103 '
231 2095 365 2137 scopum
388 2093 422 2126 δε
442 2090 525 2126 alios
548 2091 734 2136 Anglorum
750 2090 929 2134 Episcopos
948 2101 1025 2125 ante
1036 2090 1198 2136 Corona—¹

233 2146 359 2179 tionem
376 2143 530 2182 directas,
563 2141 684 2185 quibus
711 2138 912 2175 authoritate
936 2140 1129 2185 Apostolica
1147 2141 1180 2173 in
1195 2137 1200 2145 ⁵

233 2195 351 2231 virtute
360 2193 479 2227 Sanstae
496 2190 693 2226 obedientiae
702 2200 793 2224 erant
804 2189 938 2225 inhibiti
962 2213 974 2230 ,
999 2202 1040 2224 ne
1059 2189 1093 2222 in
1109 2200 1179 2232 prae-

236 2243 393 2289 judicium
407 2240 679 2286 Archi-Episcopi
693 2239 954 2280 Cantuariensis,
978 2238 1038 2283 qui
1050 2249 1180 2282 propter

237 2294 391 2339 justitiam
403 2292 555 2327 exulabat
576 2317 587 2333 ‚
608 2291 710 2336 Regis
720 2290 791 2324 filio
804 2289 952 2323 diadema
965 2289 1180 2333 imponerent.

235 2345 279 2378 Et
292 2343 424 2377 dimetas
437 2342 493 2378 has
503 2342 560 2376 fibi
581 2340 688 2375 literas
709 2339 845 2384 quidam
859 2338 1095 2383 Episcoporum
1106 2347 1182 2373 ante

235 2394 482 2428 ‘coronationem
495 2393 700 2435 susceperunt
712 2414 719 2422 .
748 2388 819 2423 Alii
829 2388 871 2423 de
883 2389 1039 2424 mandato
1051 2399 1181 2432 praemo-

237 2443 297 2477 niti
308 2443 444 2485 recipere
455 2443 637 2476 noluerunt.
650 2439 756 2476 Unde
767 2440 800 2474 ὅ(
810 2450 927 2473 contra
941 2438 1183 2473 inhibitionem

236 2491 458 2536 Apostolicam
470 2490 690 2527 Coronationi
702 2490 928 2524 interfuerunt.
939 2490 1000 2524 Sed
1012 2488 1180 2524 modicum

237 2541 402 2576 attendere
413 2541 530 2582 libeat,
544 2541 639 2586 quam
653 2539 822 2585 prophana
834 2539 948 2574 unctio
957 2565 969 2582 ‚
980 2540 1077 2584 quam
1089 2538 1181 2572 odio·

239 2594 290 2631 sa,
316 2592 555 2634 quaminimica
575 2592 671 2626 fuerit
683 2589 979 2625 haecconsecratio.
1006 2590 1040 2623 Si
1069 2600 1179 2624 tamen

240 2641 317 2674 Con
323 2640 457 2673 sectatio
467 2662 477 2677 ‚
488 2641 695 2682 magis'quam
706 2641 868 2675 execratio
876 2640 943 2674 dici
959 2639 1076 2674 debeat
1091 2639 1120 2673 A
1128 2650 1183 2682 po-

240 2688 354 2724 stolica
366 2687 591 2721 benedictione
602 2687 752 2722 destituta
767 2713 779 2728 ‚
808 2689 912 2724 immo
923 2690 956 2723 in
971 2689 1185 2734 transgreffio·

241 2751 284 2774 ne
297 2748 408 2772 contra
422 2736 523 2770 virum
536 2735 767 2780 Apostolieum
782 2739 863 2772 fasta
898 2763 905 2771 .
930 2740 1016 2787 Qiae
1033 2740 1133 2774 etiam
1145 2749 1185 2773 ex

243 2799 334 2822 mero
355 2787 457 2827 odio,
483 2786 529 2820 ira
550 2810 560 2826 ‚
586 2786 621 2820 δε
642 2786 874 2830 indignatione
896 2789 1070 2831 processit:
1095 2788 1186 2823 odio

243 2837 346 2872 Patris
357 2836 524 2879 spiritualis
535 2836 552 2868 a
568 2834 661 2870 Patre
672 2836 792 2870 carnali
805 2840 992 2882 excogitata
1007 2864 1014 2871 .
1040 2838 1185 2873 Probant

243 2887 311 2922 haec
325 2886 496 2930 lugubres,
522 2884 718 2920 &omnibus
734 2885 804 2929 post
826 2888 943 2922 futuris
963 2889 1084 2923 saeculis
1095 2889 1187 2923 dete-

245 2936 372 2975 standi,
383 2937 438 2978 qui
450 2947 490 2969 ex
504 2934 564 2969 hac
578 2935 831 2970 Consecratione
842 2949 1062 2980 provenerunt
1074 2965 1084 2980 ‚
1095 2949 1188 2973 even·

246 2997 299 3021 tus
308 3010 316 3017 .
341 2986 554 3020 Sacerdotum
567 2984 713 3019 videlicet
724 2987 883 3029 suspensio
893 2988 926 3022 ὅ(
938 2988 1188 3024 anathematiza-

247 3038 317 3071 tio.
345 3034 605 3068 Archi-Praesulis
624 3035 764 3078 occisio,
790 3038 885 3071 semel
907 3039 940 3072 ἀ
965 3039 1081 3073 iterum
1104 3038 1188 3073 inter

247 3086 377 3120 Patrem
407 3085 440 3118 &
464 3084 570 3119 filium
589 3084 746 3126 rebellio,
773 3086 807 3119 ἀ
823 3087 858 3120 in
883 3087 948 3121 fine
960 3089 1083 3132 egregii
1099 3088 1190 3122 illius

249 3137 338 3179 pueri
351 3135 576 3168 consecratisic
589 3135 622 3168 in
651 3135 866 3170 adolescentia
887 3137 1041 3172 omnibus
1051 3140 1120 3180 post
1136 3138 1189 3171 fu-

250 3185 330 3218 turis
342 3184 458 3219 saeculis
469 3191 660 3228 praematurae
679 3187 790 3219 mortis
801 3185 985 3221 detestanda
999 3187 1173 3231 praeventio
1185 3211 1191 3218 .

251 3234 348 3268 Unde
364 3234 397 3268 δε
414 3234 658 3279 plangendum,
683 3235 718 3269 &
738 3236 989 3271 exclamandum
1012 3249 1019 3269 :
1046 3237 1080 3271 Ο
1104 3247 1191 3270 mors

251 3293 309 3315 tua
347 3307 358 3323 ,
382 3284 528 3318 Henrice
566 3308 578 3324 ,
604 3284 638 3318 O
660 3295 746 3318 mors
783 3309 795 3326 ,
819 3286 916 3329 quam
953 3287 1021 3321 dira
1057 3310 1069 3327 ‚
1094 3286 1188 3328 quam

252 3331 331 3368 dura
364 3334 377 3365 ?
413 3334 456 3367 Et
476 3334 573 3380 quam
603 3344 709 3369 amara
736 3336 894 3371 memoria
916 3346 971 3371 tua
1005 3361 1018 3379 ,
1056 3347 1128 3381 qua:
1147 3346 1202 3371 ta·v

1243 297 1382 333 incidisti
1392 304 1402 336 ,¹
1413 301 1524 350 Qam
1535 299 1762 336 inconsiderata
1774 326 1785 344 ,
1796 303 1891 345 quam
1905 302 2094 347 inhumana,
2103 317 2175 350 quae

1242 349 1385 382 cunctam
1398 375 1409 391 ‚
1436 361 1472 384 ut
1483 349 1655 396 putabatur
1670 375 1682 391 ,
1709 351 1822 385 mundi
1842 353 1949 396 spem,
1968 353 2047 389 dum
2069 354 2176 390 adhuc

1243 400 1360 433 fructus
1370 400 1401 433 in
1414 399 1494 435 flore
1506 403 1582 443 esset
1603 410 1670 436 tam
1695 401 1842 444 praeclaro
1854 426 1866 442 ,
1892 403 1956 438 una
1967 403 2001 438 in
2014 403 2102 438 brevi
2121 405 2176 438 fla-

1243 459 1292 482 tus
1305 449 1352 482 tui
1373 448 1580 486 vehementia
1591 450 1766 486 exsufflasti
1777 455 1786 486 l
1798 452 1847 486 Sit
1857 462 1941 487 mors
1949 453 2072 488 maille
2083 478 2095 495 ,
2116 450 2177 497 qui

1242 509 1327 532 mors
1339 496 1451 534 mortis
1461 501 1507 534 est
1516 526 1528 542 ,
1553 506 1589 535 nt
1601 502 1650 535 vel
1663 512 1716 544 per
1726 511 1758 536 te
1769 503 1904 536 transeat
1916 503 1955 538 ad
1967 503 2067 538 vitam
2080 528 2091 544 ,
2118 503 2177 548 qui

1243 560 1309 584 non
1322 547 1380 583 fibi
1392 573 1405 590 ‚
1430 548 1483 584 sed
1499 550 1626 587 mundo
1638 551 1818 594 sperabatur
1828 553 1965 587 visturus
1976 578 1983 585 .
1997 553 2094 588 Plura
2106 553 2178 597 qui-

1241 599 1313 631 dem
1325 596 1367 632 de
1377 597 1499 634 actibus
1507 601 1646 635 Henrici
1660 601 1753 644 hujus
1761 627 1773 643 ‚
1797 602 1853 637 etsi
1866 613 1940 638 :etas
1948 613 2054 638 tenera
2068 626 2080 643 ‚
2106 601 2179 637 stre-

1241 647 1428 683 nuistamen
1441 673 1452 689 ,
1481 651 1514 684 &
1524 651 1564 685 de
1577 649 1679 686 modo
1689 651 1756 696 ejus
1767 654 1876 687 exitus
1887 653 1972 688 avita
1982 653 2178 687 inseruissem

1240 696 1294 732 hic
1307 723 1318 739 ,
1336 699 1394 732 nisi
1406 699 1482 744 quia
1491 710 1587 743 quam
1597 701 1798 737 scribendam
1809 703 2004 747 suscepimus
2017 703 2069 737 lex
2080 700 2180 737 histo-

1239 750 1291 783 ria:
1298 748 1409 784 obviat
1421 774 1429 784 .
1454 750 1560 796 Igitur
1569 751 1610 786 ad
1623 762 1767 795 coeptum
1777 751 1929 789 ordinem
1939 762 2130 790 revertamur
2143 778 2150 783 .

1459 848 1549 884 CA
1577 851 1605 886 P
1633 851 1737 887 UT
1785 852 1967 888 XXXII.

1466 951 1513 983 De
1521 947 1698 995 fiaespenfione
1719 951 1944 996 Episcoporum.
1970 986 1972 989 ,

1299 1045 1435 1082 ClENS
1451 1047 1560 1093 itaque
1568 1051 1699 1085 tandem
1714 1063 1772 1094 pro
1781 1060 1872 1087 certo
1882 1053 2014 1087 Sanetus
2026 1049 2182 1086 Thomas

1324 1096 1584 1133 Coronationem
1600 1102 1714 1135 fastam
1730 1102 1771 1136 sic
1783 1126 1795 1143 ,
1820 1113 1877 1146 per
1898 1101 2052 1136 Nuncios
2069 1103 2144 1136 suos
2169 1125 2182 1143 ,

1230 1156 1397 1188 ¹quatenus
1409 1159 1470 1191 pax
1486 1151 1668 1192 processerit
1680 1175 1690 1190 ,
1717 1151 1749 1185 dc
1767 1152 1801 1186 in
1827 1149 1945 1196 quibus
1956 1150 2078 1185 finibus
2089 1152 2185 1184 stete-

1239 1196 1279 1228 rit
1294 1219 1305 1235 ,
1329 1196 1363 1229 ὅ(
1377 1197 1418 1232 de
1433 1198 1662 1235 Coronatione
1679 1201 1759 1235 faeta
1772 1226 1782 1242 ,
1798 1202 1953 1239 Romano
1962 1199 2118 1234 Pontifici
2133 1208 2183 1232 to·

1240 1256 1309 1279 tum
1322 1245 1465 1282 &verbo
1477 1249 1511 1282 ὅ(
1523 1250 1640 1293 scripto
1657 1250 1824 1286 intimavit
1838 1276 1849 1292 ‚
1877 1248 2063 1284 humillime
2086 1249 2119 1284 &
2133 1249 2184 1283 la-

1238 1293 1485 1338 chrymabiliter
1507 1300 1709 1342 supplicans,
1736 1313 1770 1335 ut
1792 1301 1843 1335 vel
1859 1312 1947 1336 nunc
1976 1302 2006 1334 se
2018 1307 2182 1336 excuteret

1239 1346 1441 1380 excussorum
1455 1347 1535 1382 alius
1547 1373 1557 1389 ,
1583 1351 1616 1384 δε
1629 1353 1662 1384 in
1682 1352 1781 1386 falsos
1791 1352 1902 1385 fratres
1920 1349 2062 1384 maxime
2076 1349 2184 1383 insur-

1239 1390 1326 1438 geres
1337 1420 1347 1435 ,
1373 1398 1428 1439 qui
1442 1408 1532 1433 tanta
1542 1399 1667 1434 laesione
1678 1400 1773 1443 patris
1787 1401 1835 1435 sui
1848 1425 1859 1441 ,
1871 1411 2002 1444 propter
2020 1400 2108 1443 ipsos
2118 1397 2186 1433 exi-

1241 1444 1322 1477 lium
1345 1446 1379 1480 δι
1401 1445 1669 1492 proscriptionem
1694 1451 1902 1491 sustinentis,
1937 1450 1970 1485 ἀ
1991 1449 2102 1483 matris
2124 1449 2185 1482 suae

1241 1494 1481 1531 Cantuariensis
1507 1497 1673 1542 Ecclesiae,
1698 1511 1765 1535 tam
1790 1497 1951 1536 manifesti
1974 1508 2066 1534 erant
2086 1498 2187 1533 etiam
2214 1528 2218 1532 ,

1243 1544 1426 1587 Apostolici
1439 1549 1585 1583 mandati
1604 1551 1842 1596 transgressores
1854 1576 1862 1583 .
1889 1550 1952 1585 Vir
1972 1558 2081 1583 autem
2099 1547 2190 1591 Apo-

1242 1593 1374 1630 stolicus
1384 1597 1520 1631 audiens
1531 1599 1676 1633 universa
1686 1625 1697 1641 ,
1724 1612 1794 1647 quat
1806 1601 1839 1635 ὅ(
1849 1600 1985 1646 qualiter
1993 1599 2120 1634 fuerant
2133 1607 2191 1642 ge-

1242 1643 1286 1677 sta
1298 1667 1309 1684 ‚
1336 1645 1369 1678 &
1385 1646 1419 1678 in
1432 1645 1556 1690 Regem
1571 1648 1649 1682 &in
1664 1648 1842 1691 Episcopos
1852 1648 2056 1685 vehementer
2073 1658 2185 1687 motus

1240 1692 1304 1732 est,
1320 1694 1354 1727 ὅ(
1368 1693 1614 1729 Archi-praesuli
1628 1696 1734 1731 multo
1749 1697 1819 1740 plus
1831 1696 1927 1740 quam
1940 1696 2027 1740 prius
2047 1704 2186 1742 paterno

1241 1744 1421 1783 compassus
1444 1743 1489 1774 est
1507 1745 1621 1776 affectu
1635 1768 1642 1775 .
1669 1746 1868 1778 Sollicitavit
1889 1745 1988 1778 etiam
2012 1756 2087 1778 eum
2114 1746 2189 1779 Rex

1241 1790 1443 1824 Francorum
1464 1792 1499 1824 in
1514 1793 1629 1826 virture
1639 1794 1759 1827 amoris
1772 1817 1782 1833 ,
1808 1793 1844 1828 <Sc
1863 1793 2062 1836 subimpensi
2079 1803 2183 1836 prote·

1242 1839 1381 1874 statione
1393 1840 1542 1885 obsequii
1558 1866 1568 1882 ,
1587 1852 1628 1875 ne
1640 1843 1773 1877 ulterius
1784 1842 1958 1878 dilationes
1968 1842 2187 1877 frustratorias

1243 1901 1448 1936 prorogaret,
1477 1892 1554 1926 ficut
1570 1891 1724 1937 Regnum
1737 1893 1936 1928 Francorum
1950 1892 2113 1938 diligebat
2124 1916 2135 1934 ‚
2153 1892 2188 1927 dc

1241 1939 1403 1975 honorem
1418 1941 1611 1984 Apostolicae
1624 1942 1707 1977 sedis
1721 1969 1727 1975 .
1752 1943 1930 1977 Miseratus
1946 1943 2047 1977 etiarn
2061 1941 2188 1987 Angli-

1241 2001 1329 2025 canae
1341 1990 1485 2024 Ecclefiae
1504 1990 1740 2026 desolationem
1765 1992 1962 2028 Wilhelmus
1995 1992 2190 2029 Senonensis

1244 2040 1392 2074 Antistes
1414 2038 1529 2075 ‘sedem
1552 2042 1779 2084 Apostolicam
1800 2044 1918 2087 petiit,
1942 2043 1976 2078 δε
1994 2041 2011 2076 ὲ
2029 2043 2186 2077 Romano

1243 2089 1620 2134 Pontificeimpetravit‚
1646 2103 1681 2125 ut
1695 2092 1768 2127 Rex
1784 2094 1993 2138 Anglorum,
2021 2095 2114 2127 omni
2131 2103 2185 2135 ap-

1245 2139 1418 2184 pellatione
1430 2141 1571 2175 cessante
1582 2165 1594 2181 ‚
1618 2141 1824 2185 subjiceretur
1834 2142 2034 2178 anathemati
2053 2143 2110 2183 ,&
2124 2142 2190 2177 Re-

1244 2200 1347 2273 gniuim
1372 2188 1543 2224 interdicto
1564 2215 1576 2233 ‚
1619 2190 1677 2225 nisi
1699 2192 1926 2230 Cantuariensi
1948 2192 2097 2228 Ecclefiae
2120 2200 2187 2238 pax

1245 2251 1277 2273 se
1323 2247 1446 2273 eretur.

1442 2339 1979 2378 HERIBERT‘US.

1292 2432 1500 2472 SCRIPSIT
1520 2439 1628 2483 itaque
1642 2439 1814 2473 Romanus
1833 2440 1989 2475 Pontifex
2004 2438 2189 2475 Rothoma-

1243 2488 1331 2533 gensi
1355 2487 1636 2534 Archi-Episcopo
1649 2489 1846 2524 Rotherodo
1856 2513 1867 2530 ‚
1892 2491 1926 2525 ἀ
1950 2490 2111 2534 Episcopo
2124 2490 2189 2524 Ni·

1243 2538 1385 2572 vernensi
1397 2537 1563 2574 Bernardo
1573 2564 1584 2581 ,
1596 2539 1755 2573 mandans
1766 2538 1837 2582 ipsis
1846 2540 1880 2573 in
1897 2541 2015 2575 virtute
2029 2540 2188 2575 obedien-

1243 2589 1318 2628 tiae,
1345 2587 1532 2632 praecipiens
1558 2599 1594 2623 ut
1620 2590 1745 2634 Regem
1767 2588 1955 2635 Anglorum
1971 2601 2029 2633 pro
2040 2601 2117 2633 pace
2128 2588 2187 2624 Ec-

1243 2638 1342 2672 clesiae
1359 2638 1585 2672 distristiffime
1607 2640 1842 2680 convenirent,
1867 2639 2020 2682 adjiciens
2047 2639 2135 2683 quod
2161 2639 2184 2674 li

1245 2689 1314 2722 Rex
1338 2688 1372 2722 in
1394 2689 1617 2724 obstinatione
1628 2687 1801 2733 perdurans
1810 2688 1917 2724 adhuc
1929 2698 2040 2732 pacem
2054 2690 2158 2723 nollet
2173 2713 2186 2731 ,

1245 2749 1312 2772 tota
1324 2738 1416 2781 ipsius
1428 2748 1510 2773 terra
1520 2765 1531 2780 ,
1544 2751 1612 2774 tarn
1625 2740 1852 2779 transmarina,
1862 2739 1959 2783 quam
1968 2740 2157 2773 cis-marina
2173 2763 2186 2781 ‚

1234 2787 1302 2826 ‚sub
1313 2788 1487 2823 interdisto
1498 2799 1671 2834 poneretur
1686 2813 1697 2830 ‚
1723 2788 1816 2823 omni
1831 2788 1977 2823 Ecclesiae
1988 2790 2126 2824 cessante
2137 2789 2188 2823 of·

1244 2839 1334 2879 ficio,
1347 2848 1456 2881 praeter
1467 2838 1624 2884 baptisma
1634 2839 1840 2883 parvulorum
1850 2839 1883 2873 δε
1893 2840 2103 2884 poenitentias
2117 2850 2189 2872 mo-

1247 2888 1400 2922 rientium
1411 2912 1418 2920 .
1447 2888 1640 2924 Ebora-censi
1667 2887 1744 2922 vero
1768 2887 2048 2933 Archi-Episcopo
2071 2890 2102 2923 &
2112 2889 2187 2923 aliis
2236 2932 2241 2937 ,

1250 2937 1417 2982 Episcopis
1429 2961 1440 2977 ,
1467 2940 1523 2982 qui
1547 2938 1768 2974 Coronationi
1793 2939 2005 2973 interfuerant
2027 2964 2038 2980 ‚
2079 2940 2187 2972 literas

1247 2987 1367 3023 direxit
1387 2987 1614 3031 suspensionis.
1641 2987 1814 3035 Qosdam
1833 2988 1932 3022 etiam
1952 2989 2186 3032 Episcoporum

1248 3039 1281 3072 δε
1290 3038 1335 3073 ob
1345 3036 1377 3071 id
1389 3037 1477 3081 quod
1490 3037 1709 3072 Coronationi
1723 3038 1934 3072 interfuerant
1945 3063 1957 3079 ,
1992 3039 2026 3073 &
2047 3040 2092 3073 ob
2107 3039 2187 3073 alias

1249 3088 1357 3122 causas
1367 3085 1653 3122 anathematizavit
1664 3112 1671 3119 .
1691 3087 1733 3121 Et
1748 3086 1805 3121 has
1815 3087 2026 3131 suspensionis
2036 3113 2047 3129 ‚
2064 3089 2099 3123 δε
2109 3098 2186 3122 ana-

1250 3137 1402 3172 thematis
1413 3137 1518 3171 literas
1527 3137 1628 3172 Beato
1639 3136 1783 3171 Thomae
1797 3137 1969 3173 destinavit
1980 3161 1990 3178 ‚
2015 3148 2051 3173 ut
2063 3138 2128 3171 illis
2140 3136 2186 3172 lo·

1252 3200 1293 3223 co
1305 3189 1363 3222 suo
1373 3187 1408 3222 δε
1418 3196 1482 3222 tem
1485 3197 1564 3232 pore
1577 3196 1721 3223 uteretur
1737 3211 1745 3220 .

1510 3337 1648 3379 Explicit
1661 3336 1750 3372 Liber
1757 3335 1918 3380 [beandus]

2011 3539 2150 3570 INCI-
