2358 3776
388 92 487 129 200

310 161 414 207 derit,
440 165 503 204 fic,
531 158 663 204 inquam
673 181 686 201 ‚
710 154 840 194 misistis
858 155 899 194 ad
920 155 1049 202 Regem
1070 181 1083 199 ,
1108 166 1145 191 ut
1169 154 1259 200 quod

279 240 282 243 Δ
312 215 357 261 ad
378 225 454 249 eum
473 221 541 245 non
563 210 721 254 pertinet,
750 208 865 244 Priore
888 218 1022 244 mortuo
1042 207 1136 242 vobis
1158 207 1259 241 alium

275 252 280 261 ἒ
315 264 520 308 subrogaret.
549 258 642 314 Qid
651 259 760 301 aliud,
782 261 911 304 quaese,
937 258 1014 292 fecit
1034 257 1129 292 lsrael
1149 256 1260 292 absen-

255 308 258 311 ⁴
310 323 349 350 te
358 312 500 356 Moyse,
524 310 566 346 ab
578 314 690 346 Aaron
703 320 860 353 expetens
882 317 919 342 ut
941 308 1034 342 Deos
1053 307 1221 342 fabricaret
1248 330 1260 347 ,

316 363 416 407 quise
426 359 635 408 praecederent
647 362 683 395 in
697 360 823 395 deserto
842 357 1022 393 secundum
1044 369 1170 393 morem
1183 369 1259 402 gen·

311 414 400 449 tium
411 437 423 455 ,
447 413 688 454 &extorquens
697 419 794 453 caput
808 408 904 452 bovis
912 418 971 451 pro
982 409 1118 442 numine
1132 433 1143 449 ,
1154 408 1188 442 ὃ(
1201 417 1259 451 pro

312 463 477 507 majestate
487 461 627 497 adorans
636 459 768 495 Idolum
785 484 793 492 .
819 457 882 492 Sed
894 458 974 492 sicut
985 457 1067 491 illud
1078 459 1258 493 contritum

309 512 357 548 est
366 513 486 557 Moyse
497 511 672 550 redeunte,
698 509 744 544 ita
762 509 798 544 ἀ
817 507 921 549 illud,
947 507 1179 552 quodcumque
1204 519 1258 541 vo-

309 562 361 598 bis
372 562 484 597 datum
498 561 594 596 fuerit
609 585 619 601 ,
647 559 779 595 Idolum
789 558 1038 594 convalescente
1051 559 1122 602 lege
1135 558 1257 592 Dorul-

309 613 347 648 ni
360 634 372 653 ,
399 612 482 646 &ad
496 610 672 646 Ecclesiam
689 609 846 645 redeunte
864 607 1009 652 justitia,
1034 618 1224 643 conteretur
1248 631 1257 640 .

306 661 395 697 lllud
406 663 440 696 in
450 661 616 706 pulverem
626 660 868 696 comminutum
880 658 1022 702 sparsum
1034 658 1079 692 est
1100 657 1135 692 in
1151 658 1256 700 liquo-

308 723 377 747 rem
386 737 398 754 ,
423 723 521 757 quern
535 712 674 756 p'opulus
698 710 856 746 bibiturus
865 719 932 744 erat
947 718 1012 750 ,put
1024 709 1067 742 sic
1079 709 1169 752 quod
1181 709 1256 742 ado·

306 771 459 798 raverant
469 773 596 808 egerere
605 762 877 806 compellerentur
885 783 893 791 .
921 760 965 794 Et
983 759 1128 803 quisquis
1139 759 1196 793 ille
1205 758 1254 798 sit,

289 843 292 846 Δ
309 812 416 847 carnis
428 823 531 856 opus,
555 824 624 847 non
641 813 728 851 Dei,
752 811 896 844 sitamen
918 808 1001 844 bene
1020 820 1098 844 cum
1118 809 1179 843 illo
1188 808 1257 854 agi-

289 860 293 862 *
307 871 363 897 tur
372 887 384 903 ,
409 862 451 897 de
460 862 566 907 capite
575 870 714 897 vertetur
724 859 758 894 in
770 860 907 895 caudam
917 883 930 901 ,
956 860 990 895 ἀ
999 860 1060 894 erit
1085 858 1256 895 abomina-

305 913 357 946 tio
369 912 558 948 timentium
568 913 677 947 Deum
686 936 694 944 .
722 910 811 945 Nam
824 910 847 945 si
860 909 946 945 male
955 935 967 953 ‚
991 912 1060 945 non
1069 909 1256 945 invenietur

294 961 400 998 *locus
410 963 478 1007 ejus
488 964 522 998 in
533 972 615 999 terra
626 963 807 997 sanctorum
819 984 832 1002 ,
857 972 956 1006 quam
968 959 1173 1005 dignoscitur
1183 969 1256 1003 pro·

306 1011 480 1057 phanaffe.
504 1013 568 1048 Sed
589 1023 656 1057 quo
678 1012 772 1056 pasto
791 1011 935 1053 accidit,
960 1010 1051 1055 quod
1062 1010 1159 1054 primi
1170 1009 1256 1043 inter

305 1073 423 1097 omnes
435 1063 590 1098 Ecclefias
599 1061 701 1098 totius
713 1061 823 1107 Regni
834 1060 985 1096 Priorem
996 1061 1016 1095 ὲ
1031 1060 1256 1104 Principecre-

301 1109 430 1145 didistis
439 1113 503 1147 effe
514 1113 714 1156 petendum?
740 1112 816 1147 Hac
827 1111 962 1147 fortasse
972 1110 1100 1146 cautela
1110 1135 1121 1151 ,
1151 1121 1193 1144 ne
1209 1109 1251 1144 de

303 1222 362 1255 pus
372 1211 579 1248 increatione
589 1212 713 1247 Prioris
725 1236 733 1244 .
759 1213 843 1248 Non
853 1212 894 1246 fic
912 1212 1038 1246 Fratres
1051 1235 1062 1251 ‚
1090 1221 1159 1244 non
1172 1211 1216 1244 fic
1243 1233 1255 1250 ,

299 1262 382 1306 quin
394 1263 504 1306 potius
514 1261 691 1298 verendum
703 1263 828 1303 fuerat,
853 1273 895 1296 ne
914 1261 965 1304 jus
985 1260 1147 1295 amittatis
1171 1260 1255 1294 anti-

301 1321 405 1355 quum
419 1337 431 1353 ,
457 1311 583 1347 durnin
603 1310 808 1357 prophanam
830 1310 964 1356 pergitis
983 1309 1193 1350 abusionem,
1218 1309 1254 1343 &

298 1361 511 1407 privilegium
519 1361 754 1397 demereamini
775 1361 964 1405 proprium,
989 1359 1066 1395 cum
1086 1358 1254 1403 praeripitis

297 1411 445 1446 alienum
464 1437 474 1445 .
513 1411 660 1447 Utinam
693 1411 848 1454 perniciei
882 1409 977 1452 huius
1000 1419 1069 1444 non
1091 1409 1254 1444 dedissetis

297 1461 490 1504 exemplum
511 1485 524 1502 ,
559 1461 654 1496 Beati
675 1459 841 1495 Benedicti
863 1459 1013 1504 regulam
1033 1458 1215 1493 deserentes
1242 1482 1254 1498 ‚

303 1520 395 1555 terga
405 1519 567 1545 vertentes
576 1510 618 1544 ad
641 1509 786 1553 Legem,
811 1509 966 1553 neglectis
989 1507 1252 1542 Constitutioni-

301 1559 383 1602 bus,
409 1559 527 1603 quibus
548 1561 658 1595 Sanffl
671 1558 781 1594 Patres
790 1557 973 1593 docuerunt
984 1555 1179 1592 Christianis
1191 1557 1254 1591 effe

299 1610 475 1645 vivendum
489 1635 497 1643 .
523 1610 658 1659 Qibus
670 1617 780 1646 autem
792 1608 974 1645 rationibus
984 1606 1110 1642 aboleri
1132 1606 1253 1650 poterit

301 1659 438 1696 celebris
459 1661 494 1695 δε
513 1663 646 1706 vulgata
667 1660 811 1704 opinio?
837 1660 952 1695 Priore
976 1667 1112 1693 mortuo
1124 1656 1254 1692 misistis

300 1711 342 1747 ad
353 1712 481 1757 Regem
492 1734 504 1752 ,
527 1708 569 1745 de
579 1708 863 1752 Archi-Episcopo
876 1720 937 1743 nec
962 1709 1090 1744 mentio
1110 1708 1193 1743 fana
1206 1707 1252 1742 est

299 1761 472 1796 intervos.
500 1758 683 1795 Prudenter
694 1759 831 1802 utique,
859 1768 895 1792 ut
905 1758 1085 1793 absolveret
1104 1757 1250 1792 defuncti

301 1810 408 1853 fratris
425 1810 571 1846 animam
593 1809 670 1844 Rex
682 1833 695 1850 ,
719 1809 759 1844 ad
779 1819 876 1851 quem
893 1807 964 1851 jura
990 1806 1169 1842 Sacerdotii
1189 1817 1253 1841 cre·

300 1860 386 1897 dunt
416 1886 429 1902 ,
454 1860 511 1903 qui
542 1858 728 1903 desipiunt,
755 1857 934 1903 pertinere.
961 1856 1127 1900 Alioquin
1164 1856 1250 1891 ratio

302 1923 374 1947 non
394 1909 560 1950 occurrit,
585 1919 684 1953 quare
700 1919 812 1943 curam
823 1908 1010 1942 animarum
1033 1906 1185 1951 suscipiat
1198 1906 1255 1941 ali-

300 1961 376 2006 quis
397 1960 438 1996 de
456 1970 559 1995 manu
580 1958 670 2003 ejus,
697 1957 818 1994 nedum
830 1957 1005 1993 vestrarum
1017 1981 1030 1998 ‚
1055 1957 1116 2000 qui
1134 1956 1252 1991 merito

297 2012 463 2051 scientiae,
488 2008 701 2055 Religionis,
725 2009 759 2044 δε
778 2007 973 2054 dignitatis,
1002 2006 1078 2041 estis
1100 2006 1253 2050 incapite

302 2063 439 2108 Regni,
464 2061 568 2105 prima
578 2060 660 2095 Sede
671 2059 916 2094 Britanniamm
929 2082 940 2098 ‚
966 2058 984 2092 a
1001 2056 1157 2091 Domino
1175 2066 1254 2090 con·

299 2112 425 2153 nitati,
450 2122 519 2155 quo
529 2120 599 2146 tota
611 2109 706 2154 poffit
717 2110 827 2145 Insula
842 2120 899 2154 per
910 2119 969 2143 vos
987 2106 1138 2142 illustrari
1150 2128 1161 2146 ,
1185 2116 1251 2140 tam

300 2162 451 2198 doctrinae
467 2160 590 2202 verbo,
615 2160 713 2205 quam
734 2161 843 2194 sanstae
865 2157 1123 2194 conversationis
1148 2167 1253 2190 exem-

301 2214 376 2259 plo.
403 2212 463 2247 Ille
473 2222 606 2257 quoque
617 2210 784 2255 sapiens&
797 2209 971 2255 religiosus
984 2208 1117 2246 Frater,
1146 2206 1252 2240 nomi-

300 2265 354 2299 nis
362 2263 483 2298 etenim
495 2273 564 2298 non
575 2261 726 2296 recordor
736 2284 748 2301 ,
772 2260 859 2294 inito
869 2258 1010 2293 consilio
1021 2267 1099 2290 cum
1123 2254 1250 2289 Princi-

300 2313 395 2359 pibus
405 2313 619 2348 Sacerdotum
629 2334 641 2351 ,
666 2311 700 2344 ἀ
711 2310 785 2343 aliis
794 2331 805 2347 ‚
829 2318 913 2351 quos
924 2306 966 2340 de
979 2304 1135 2339 industria
1146 2313 1252 2343 taceo,

299 2362 524 2399 studiofiffime
533 2359 717 2405 procuravit
727 2382 738 2399 ‚
750 2368 791 2391 ne
807 2357 930 2396 vestra,
959 2356 981 2389 fi
994 2366 1058 2399 qua
1070 2363 1180 2390 tamen
1191 2353 1251 2396 est,

301 2414 399 2459 poffit
408 2411 607 2450 innocentia⁸
621 2420 676 2454 per
694 2406 830 2450 alicujus
851 2406 963 2441 Amici
974 2404 1184 2451 diligentiam
1200 2415 1251 2439 ex·

301 2462 428 2504 cafari,
454 2469 570 2497 contra
608 2457 735 2493 Archi·
747 2458 947 2502 Episcopum
974 2455 1110 2491 nomine
1148 2454 1251 2490 totius

302 2514 497 2551 Conventus
506 2508 761 2555 appellationem
771 2509 938 2550 formans,
963 2507 999 2542 &
1022 2506 1164 2540 statuens
1175 2516 1252 2539 eum

302 2563 522 2599 adversarium
534 2559 702 2598 Ecclefiae,
729 2557 817 2600 quasi
827 2556 921 2594 vobis
944 2557 980 2591 in
1000 2556 1114 2600 aliquo
1126 2555 1253 2590 nocuis-

305 2616 353 2649 set
369 2638 380 2654 ,
404 2622 459 2647 aut
469 2611 631 2646 constaret
645 2620 721 2643 eum
743 2607 887 2643 nocendi
913 2607 1113 2651 propositum
1135 2617 1251 2641 conce·

308 2664 407 2707 piffe.
435 2663 529 2698 Usus
538 2660 582 2693 est
594 2659 698 2694 borno
710 2658 860 2702 prudenti
872 2657 1034 2698 consilio,
1058 2656 1114 2701 qui
1135 2656 1251 2691 maluit

305 2724 366 2748 vos
378 2711 496 2746 habere
508 2710 638 2743 Patrem
648 2709 682 2742 ὅ(
693 2709 882 2743 Dominum
895 2707 1124 2743 Adversarium
1133 2731 1144 2748 ,
1154 2708 1251 2751 quam

308 2762 489 2798 Amicum.
516 2759 640 2798 Multi,
666 2760 722 2802 qui
746 2759 905 2798 aderant,
930 2757 1102 2793 hominem
1133 2755 1252 2792 deluse-

309 2824 411 2855 runt,
435 2807 771 2854 &imprecationibus
782 2809 945 2852 prosecuti
955 2810 1052 2850 sunt,
1076 2805 1255 2842 ubisentie·

310 2865 391 2903 bant
402 2873 507 2898 tutam
518 2861 581 2896 esse
592 2859 775 2895 libertatem
786 2858 1024 2902 colloquendi,
1048 2856 1194 2893 dicentes
1209 2858 1254 2892 nil

311 2914 462 2951 accidisse
482 2912 624 2951 mirum,
649 2909 727 2953 quia
748 2908 910 2943 Monachi
932 2908 1179 2944 Cantuarienses
1193 2908 1256 2943 hoc

314 2956 403 3010 guasi
441 2962 683 2997 haereditarium
719 2958 863 3000 habent,
888 2968 926 2993 ut
954 2957 1257 3003 Archi-Episcopos

313 3019 390 3050 suos
410 3014 555 3049 odirent.
580 3012 626 3046 Et
641 3028 662 3051 ,κ
681 3019 717 3044 ut
730 3009 828 3044 verbo
852 3007 970 3044 faciam
994 3009 1116 3050 fidem,
1143 3010 1258 3044 Auses-

316 3078 395 3105 mo,
422 3061 680 3106 inquiunt‚;bis
693 3070 751 3104 pro
761 3059 881 3103 justitia
905 3058 1078 3100 exulanti,
1103 3058 1261 3094 nibilun-

313 3126 413 3161 quam
451 3114 556 3150 solatii
585 3110 814 3150 contulerunt,
839 3110 1102 3151 contempserunt
1139 3109 1259 3143 Radul-

316 3166 419 3211 phum
431 3189 442 3205 ,
469 3160 874 3200 oderuntGuiihelmum,
902 3156 1103 3192 Theobaldo
1117 3160 1258 3194 tetende-

317 3226 393 3251 runt
405 3215 557 3256 insidias,
579 3214 610 3248 ἀ
626 3223 701 3247 ecce
720 3222 808 3245 nunc
821 3209 992 3244 Thomam
1010 3209 1111 3253 gratis
1134 3210 1261 3244 insatia-

318 3267 428 3302 biliter
456 3268 706 3310 persequuntur.
729 3260 816 3309 Qis
853 3259 1047 3295 Amicorum
1076 3259 1226 3293 Ecclefiae
1251 3284 1262 3300 ‚

321 3317 441 3351 nedum
452 3317 623 3355 alumnus,
644 3312 757 3346 haecin
774 3311 927 3354 compitis
950 3309 1145 3349 Ascalonis,
1174 3310 1206 3343 &
1229 3309 1263 3343 in

321 3371 426 3403 triviis
442 3365 530 3402 Geth
553 3365 618 3400 sine
639 3361 756 3397 dolore
776 3360 818 3396 ab
840 3359 1071 3395 incircumcisis
1093 3358 1202 3394 audiet
1213 3359 1265 3394 de-

300 1170 419 1196 eaetero
430 1162 599 1198 vendicare
609 1162 667 1197 sibi
680 1161 849 1207 quidpiam
870 1161 967 1206 possit
989 1159 1113 1195 Archi·
1125 1160 1245 1194 Eo

1017 67 1573 119 EPISTOLAE

1320 155 1511 192 continere?
1536 157 1628 193 Deus
1656 153 1742 192 mihi
1782 156 1872 193 testis
1901 159 1950 195 est
1969 185 1982 203 ,
2006 161 2096 207 qnod
2132 163 2264 202 fratrem

1322 206 1437 247 illum,
1461 207 1607 252 quisquis
1618 208 1672 247 fit,
1700 208 1735 242 in
1758 209 2011 251 praesumptionis
2032 212 2263 257 hujusinsania

1321 259 1459 293 consilio
1477 258 1673 292 Conventus
1695 258 1792 293 usum
1814 258 1931 299 fuisse,
1956 269 2026 295 non
2039 263 2157 299 eredo.
2183 264 2265 299 Hoc

1321 315 1429 342 tamen
1453 308 1525 342 aliis
1546 307 1642 342 facile
1662 308 1842 351 persuaderi
1865 319 1935 343 non
1958 311 2097 353 poterit,
2120 315 2264 350 sitarum

1322 355 1495 394 habueritis
1509 358 1599 404 quod
1610 359 1731 394 fastum
1751 358 1798 394 est
1813 382 1826 400 ,
1851 358 1874 392 fi
1898 359 1934 393 in
1955 360 2212 405 praesumptorem
2224 364 2264 399 il-

1322 407 1389 447 lum
1402 420 1470 444 non
1484 408 1760 445 animadvertistis
1769 408 1986 454 castigatione
2001 408 2174 450 crudeli,fi
2183 425 2262 450 con-

1321 457 1396 494 filio
1416 459 1466 494 vel
1490 459 1620 494 auxilio
1642 459 1829 495 adstiteritis
1851 458 1943 501 illis,
1966 460 2025 503 qui
2043 465 2276 503 qnaemntania

1322 518 1408 542 marn
1420 509 1525 545 Patris
1535 509 1650 552 vestri,
1676 521 1713 545 ut
1723 510 1870 546 auferant
1881 520 1972 546 eam.
1999 504 2261 558 Alioquin‘fflp-

1321 557 1437 593 bimini
1458 559 1622 595 mandasse
1652 584 1665 601 ,
1688 561 1723 596 δε
1745 561 1933 596 consentire
1957 559 2166 596 dicentibus.-
2191 565 2265 597 Nm

1320 607 1463 644 babemus
1476 614 1586 659 Rjegem
1597 610 1655 654 mfi
1661 609 1814 654 Caesaerem
1823 636 1835 653 ,
1858 610 1992 655 crucifige
2004 635 2015 652 ,
2040 610 2172 656 crucifige
2185 613 2261 646 Pon-

1319 658 1446 701 tificem,
1467 663 1523 702 qui
1548 661 1629 696 stare
1649 662 1747 696 ausus
1768 662 1814 697 est
1837 672 1898 706 pro
1919 661 2067 697 Ecclefiae
2077 660 2228 697 libertate
2249 685 2264 704 ,

1319 710 1375 752 qui
1397 710 1502 754 legem
1525 712 1591 746 Dei
1609 711 1845 747 traditionibus
1869 710 2139 747 humanisafferit
2150 712 2265 755 praefe-

1318 758 1470 795 rendam.
1497 760 1658 804 Nescitis,
1683 762 1763 807 quid
1775 762 1879 807 pariat
1899 773 2036 798 ventura
2046 761 2134 797 dies.
2164 761 2211 796 Et
2221 772 2267 797 ez

1319 809 1689 856 litterisDominiPapae
1697 812 1880 856 conjicietis
1895 836 1907 853 ,
1933 812 1968 848 in
1992 821 2120 858 quanto
2133 811 2265 856 pericu·

1316 859 1351 895 lo
1362 861 1456 904 positi
1466 861 1551 903 sint,
1575 873 1657 907 quos
1679 862 1980 908 Archi-Episcopus
1998 861 2267 899 excommunica-

1317 920 1424 952 verat,
1451 912 1485 946 ἀ
1507 911 1644 947 universi
1668 912 1839 957 participes
1856 923 1990 948 eorum.
2018 912 2093 947 Nec
2108 912 2265 946 tntisunt

1317 961 1502 1004 appellandi
1513 962 1738 1008 subterfugio,
1762 963 1841 998 cum
1860 963 2013 998 Summus
2039 962 2198 998 Pontifex
2211 971 2264 1006 ap-

1318 1009 1510 1055 pellationes
1534 1012 1710 1053 excludat,
1735 1012 1771 1046 δε
1791 1013 1929 1057 Legatis
1947 1013 2015 1057 jam
2041 1012 2228 1058 preceperit
2250 1035 2265 1053 ‚

1317 1071 1354 1095 ut
1365 1072 1443 1101 eos,
1469 1062 1526 1105 qui
1539 1062 1733 1096 videbantur
1742 1061 1908 1103 absoluti,
1932 1071 2092 1106 reponant
2113 1063 2151 1096 in
2174 1070 2266 1097 ante·

1317 1112 1436 1146 riorem
1450 1111 1642 1146 sententiam
1655 1136 1666 1153 ,
1692 1111 1751 1145 nisi
1763 1110 1974 1145 satisfecerint
1993 1110 2226 1146 incontinenti
2253 1135 2263 1144 .

1317 1159 1618 1206 Archi—Episcopus
1629 1161 1705 1196 vero
1715 1161 1748 1195 ὅ(
1762 1159 1962 1205 Episcopum
1972 1159 2241 1195 Londoniensem
2253 1184 2265 1202 ,

1315 1210 1441 1246 &alios
1458 1211 1564 1254 plures
1587 1211 1800 1246 denunciavit
1823 1210 2056 1245 Cardinalibus
2076 1220 2266 1245 excommu-

1318 1261 1444 1295 nicatos
1464 1261 1550 1301 effe,
1575 1262 1749 1304 causasque
1771 1260 1909 1304 subjecit
1930 1282 1942 1300 ‚
1976 1271 2055 1304 quas
2070 1251 2270 1294 enumerare'

1315 1310 1454 1356 longum
1475 1309 1541 1344 est.
1568 1308 1667 1345 Plura
1689 1310 1785 1345 vobis
1805 1310 1993 1349 interdum,
2018 1310 2051 1344 ἃ
2075 1310 2094 1343 a
2117 1308 2266 1355 pluribus

1315 1361 1548 1401 scriberentur,
1584 1359 1643 1394 nisi
1659 1361 1759 1405 quia,
1794 1371 1866 1405 quae
1886 1360 1981 1394 vobis
2002 1358 2114 1394 Amici
2140 1359 2264 1404 signifi-

1315 1419 1391 1446 cant
1401 1410 1441 1445 ad
1451 1411 1612 1444 cautelam
1624 1433 1635 1449 ‚
1660 1421 1718 1444 vos
1732 1409 1821 1444 velut
1835 1410 1966 1445 inimici
1986 1409 2122 1445 defertis
2142 1410 2184 1444 ad
2197 1409 2266 1445 Re·

1314 1472 1410 1506 gem.
1437 1459 1558 1494 Valere
1578 1459 1775 1494 dilestiffimi
1796 1460 1946 1500 Fratres,
1970 1460 2006 1494 δι
2036 1459 2202 1499 Domini,
2227 1459 2264 1495 dc

1314 1510 1479 1554 operosius
1496 1511 1604 1554 agite,
1624 1519 1660 1543 ut
1683 1509 1799 1545 Amici
1819 1508 1933 1551 vestri,
1958 1509 2016 1554 qui
2042 1509 2226 1554 paucisunt
2249 1532 2264 1551 .

1315 1560 1471 1605 proficere
1482 1559 1601 1604 poffint
1611 1559 1646 1594 in
1657 1558 1870 1596 excusatione
1886 1559 2087 1595 innocentia
2108 1558 2219 1595 vestre
2228 1581 2239 1593 .

1461 1705 1875 1745 EPISTOLA
1937 1687 2120 1744 xxxvii„

1575 1807 1661 1842 Idem
1685 1805 1825 1850 Magistro
1848 1807 1976 1842 nicolao
1992 1832 2001 1841 .

1410 1957 1524 1993 UOD
1550 1957 1613 1993 tibi
1625 1957 1725 1993 rarius
1735 1955 1869 1999 scribam
1881 1981 1893 1999 ,
1917 1969 1960 1994 ex
1971 1958 2070 1995 variis
2079 1959 2180 1996 causis
2190 1959 2238 1997 est
2249 1985 2264 2004 ,

1434 2019 1514 2050 quas
1537 2009 1649 2041 referre
1670 2019 1739 2043 non
1758 2018 1890 2051 oportet
1913 2021 1922 2041 ε
1949 2018 2023 2045 tum
2050 2011 2132 2053 quia
2153 2011 2262 2056 plures

1421 2069 1531 2092 earum
1550 2055 1609 2092 tibi
1621 2068 1707 2092 notae
1720 2058 1813 2099 sunt,
1838 2059 1998 2103 numquis
2009 2060 2091 2095 alias
2112 2073 2181 2097 non
2203 2073 2280 2104 exr

1316 2108 1405 2153 pedit
1417 2108 1600 2153 publicare.
1629 2107 1732 2142 Nunc
1748 2109 1888 2143 autema
1913 2108 2086 2145 scribendo
2107 2122 2169 2146 nee
2191 2121 2263 2146 ma-

1316 2170 1395 2193 num
1408 2170 1469 2193 nec
1480 2157 1628 2192 animum
1642 2158 1734 2201 potui
1754 2157 1934 2200 cohibere,
1957 2158 2036 2195 cum
2054 2159 2092 2195 in
2116 2160 2265 2197 adventu

1313 2210 1432 2243 Fratris
1443 2207 1713 2250 meididicerim,
1737 2208 1828 2252 quod
1849 2219 1891 2243 ex
1913 2207 2118 2245 liberalitatis
2138 2212 2266 2255 tusju-

1315 2258 1403 2293 dicio
1413 2259 1444 2292 ei
1456 2258 1606 2294 innotuit
1618 2283 1630 2299 ,
1656 2270 1754 2303 quem
1765 2257 1807 2293 ad
1817 2269 1871 2293 me
1881 2258 1914 2294 dt
1931 2270 2023 2295 meos
2041 2258 2195 2296 suenum
2207 2259 2265 2296 ha-

1317 2308 1411 2342 beas.
1437 2309 1589 2355 Qantas
1609 2308 1840 2352 itaquepoffum
1850 2309 1893 2344 de
1910 2308 2115 2345 humanitate
2136 2310 2186 2346 illi
2207 2320 2266 2356 pet

1316 2369 1449 2392 manum
1464 2359 1506 2392 R.
1519 2382 1526 2389 .
1537 2383 1544 2390 .
1557 2382 1564 2390 .
1576 2358 1618 2393 de
1636 2359 1787 2393 Lineseia
1805 2357 1972 2400 exhibita,
2010 2360 2177 2397 dilectioni
2199 2371 2267 2398 tun

1313 2408 1434 2453 gratias
1455 2418 1544 2451 ago,
1570 2407 1792 2451 quandoque,
1818 2407 1959 2441 authore
1980 2409 2158 2450 Domino,
2182 2422 2265 2447 eon-

1313 2458 1429 2503 dignas
1449 2459 1596 2492 asturus.
1620 2457 1741 2501 Magni
1762 2455 1876 2500 utique
1896 2457 1983 2492 facio
2004 2457 2095 2502 quod
2115 2459 2221 2495 fecisti
2247 2484 2264 2504 ‚

1314 2508 1368 2543 sed
1379 2507 1420 2542 eo
1430 2507 1562 2551 majoris
1571 2530 1582 2546 ,
1607 2505 1675 2550 quo
1687 2508 1787 2541 fidem
1799 2507 1834 2540 in
1846 2506 2004 2542 omnibns
2020 2508 2112 2550 juxta
2125 2509 2265 2555 prophe-

1313 2558 1394 2594 tiam
1409 2556 1657 2602 Evangeliijam
1679 2560 1831 2591 rariorem
1849 2557 1912 2591 effe
1924 2580 1936 2597 ,
1961 2556 2225 2601 perspicuumest
2251 2587 2260 2596 .

1314 2608 1490 2643 Praesertim
1502 2607 1579 2641 cum
1591 2606 1625 2640 in
1635 2617 1670 2640 ea
1684 2617 1776 2641 aetate
1787 2607 1822 2642 δε
1839 2617 1938 2651 gente
1955 2607 2038 2642 editi
2058 2608 2177 2649 simus,
2201 2609 2260 2647 ubi

1314 2659 1378 2694 sine
1386 2657 1558 2701 dispendio
1574 2656 1646 2691 fidei
1660 2658 1712 2692 vix
1723 2657 1843 2702 aliquis
1853 2656 1950 2691 fidem
1968 2658 2048 2692 facit
2065 2658 2143 2694 fidei
2157 2660 2221 2696 suas
2245 2686 2255 2696 .

1315 2708 1538 2744 Certiffimum
1551 2718 1692 2751 namque
1701 2716 1930 2752 argumentum
1955 2707 2033 2742 fidei
2054 2708 2101 2743 est
2115 2719 2267 2748 contem-

1316 2770 1370 2804 pta
1383 2758 1475 2793 sides.
1502 2758 1544 2792 Et
1555 2758 1612 2802 qui
1622 2758 1698 2792 Deo
1710 2757 1896 2802 promissam
1906 2756 2006 2792 fidem
2018 2757 2060 2792 ad
2086 2758 2261 2797 arbitrium

1317 2809 1493 2845 mundanae
1503 2807 1678 2843 Potestatis
1689 2819 1758 2843 non
1779 2807 1859 2842 facit
1879 2807 2001 2841 irritam
2011 2831 2023 2848 ,
2049 2806 2262 2845 convincitur

1319 2859 1480 2895 infidelis.
1508 2860 1542 2894 Si
1555 2858 1638 2893 mihi
1653 2869 1721 2892 non
1732 2857 1859 2897 credis,
1887 2858 1940 2891 vel
1949 2858 2100 2901 operibus
2121 2859 2205 2894 habe
2226 2860 2265 2896 Γι-

1318 2911 1393 2945 dem
1406 2934 1418 2951 ,
1443 2920 1532 2953 quae,
1559 2919 1595 2943 ut
1615 2907 1661 2942 ait
1681 2907 1862 2951 Magister,
1887 2918 1985 2951 quem
2005 2908 2121 2945 denuo
2131 2909 2263 2945 crucifi·

1319 2969 1421 3006 gunt,
1449 2958 1619 3003 perhibent
1639 2956 1784 2991 moribus
1804 2956 2032 2993 testimonium
2052 2960 2171 2995 certius
2190 2984 2205 3004 ‚
2225 2961 2263 2999 ὰ
2333 2982 2336 2986 -

1321 3011 1423 3053 majus
1435 3009 1580 3053 Joanne.
1610 3006 1700 3041 Bene
1711 3017 1822 3040 tamen
1834 3007 1944 3052 agitur
1953 3018 2030 3043 curn
2043 3008 2263 3052 nostratibus,

1320 3062 1353 3096 δε
1366 3060 1478 3094 mitius
1491 3060 1638 3094 tractatur
1648 3055 1695 3091 ibi
1706 3055 1886 3102 Magister,
1910 3057 1932 3091 fi
1943 3068 2054 3094 tamen
2072 3059 2202 3096 veraess
2213 3068 2263 3095 et·

1322 3109 1448 3146 testatio
1462 3134 1472 3150 ,
1497 3119 1595 3153 quam
1621 3107 1655 3142 in
1678 3105 1915 3151 Appellatoriis
1939 3109 2003 3144 suis
2020 3107 2160 3151 dicunt,
2181 3116 2264 3154 quas

1325 3171 1424 3204 nuper
1460 3158 1654 3197 ediderunt,
1680 3157 1851 3202 Principes
1886 3158 2096 3194 Sacerdotum
2115 3184 2127 3200 ,
2153 3159 2267 3203 pmdi·

1324 3221 1433 3246 cantes
1452 3235 1463 3251 ‚
1489 3208 1661 3243 scribentes
1682 3232 1693 3248 ,
1730 3208 1765 3244 ἀ
1789 3206 1831 3242 ad
1851 3207 2008 3252 majorem
2027 3208 2261 3246 authoritatem

1326 3261 1506 3296 assertionis
1529 3259 1589 3293 suae
1609 3258 1722 3302 sigillis
1734 3256 1878 3302 pluribus
1900 3268 2063 3302 patentem
2074 3258 2262 3303 scripturam

1326 3311 1550 3356 consignantes
1566 3321 1574 3341 ε
1602 3308 1692 3357 Qia
1704 3309 1873 3346 Dominus
1886 3308 1959 3342 Rex
1978 3309 2062 3344 dulce
2075 3317 2175 3353 putat
2189 3304 2265 3352 obse·

1327 3367 1431 3404 quium
1460 3361 1524 3395 cam
1543 3369 1700 3399 monetur,
1738 3368 1772 3393 ut
1791 3365 1919 3403 corrigat
1938 3357 1965 3400 Ιί
1978 3361 2054 3403 quid
2081 3361 2210 3402 demum
2231 3363 2267 3391 m

326 3420 451 3455 cantari
473 3421 487 3451 ³
520 3416 609 3464 Qis
631 3412 778 3450 fidelium
795 3409 918 3447 Christi
941 3409 1060 3458 poterit
1084 3407 1267 3455 lachrymas
1330 3415 1446 3451 Deum,
1471 3410 1512 3447 ad
1525 3409 1666 3446 formam
1679 3407 1810 3454 iustitiae
1820 3409 2029 3449 nbentiffime
2039 3408 2260 3447 satisfacturus

2195 3458 2235 3493 δί’
