2358 3776
428 90 519 137 182

1059 79 1621 133 EPISTOLAE

350 180 447 213 ruat,
473 168 566 205 veriti
586 177 628 202 ne
648 165 873 209 familiaritas,
899 179 998 213 quam
1021 179 1097 204 cum
1121 167 1214 210 Rege
1228 189 1239 205 ,
1264 176 1302 202 ut

347 217 635 262 dicitur‚ulteriu3
646 217 853 256 contraxistis
866 244 878 264 ‚
901 219 995 253 vobis
1006 218 1045 252 fit
1056 217 1182 253 occasio
1196 214 1301 252 delin-

345 268 491 316 quendi.
521 269 564 304 Et
577 268 722 313 pmfessid
731 281 834 303 omne
843 269 948 306 animi
968 267 1084 301 vitium
1108 263 1202 299 tanto
1215 277 1299 300 con-

347 321 484 365 {pestius
493 318 529 355 in
540 321 705 358 secrimen
718 317 816 353 habet
824 343 836 362 ‚
861 316 991 360 *quanto
1003 316 1107 361 major
1118 340 1129 356 ‚
1156 316 1212 358 qui
1226 328 1296 360 pee-

344 380 402 408 αι
417 395 430 412 ,
455 370 592 408 habetur
613 394 621 403 .
648 369 812 405 Caeterum
834 378 899 410 ego
913 367 1045 402 interim
1068 367 1181 411 spero,
1207 367 1297 411 quod

344 419 415 458 haec
427 421 568 459 vestra&
584 419 728 457 Domini
742 417 844 462 Regis
853 416 1056 455 familiaritas
1066 441 1078 459 ‚
1101 428 1172 461 quae
1185 418 1297 455 multis

341 471 428 509 adeo
437 471 579 514 suspesta
598 470 666 511 est,
693 469 856 505 srussuosa
875 468 936 502 erit
960 467 1132 509 Ecclesiae,
1158 471 1294 506 necessa-

338 523 390 560 tia
404 520 519 562 nobis,
544 519 676 555 salubris
687 518 760 558 illi,
787 519 821 556 &
845 517 938 553 vobis
959 517 1100 562 gloriosa
1110 542 1121 554 ,.
1148 519 1181 552 Si
1202 520 1293 555 enim

1560 212 2105 259 EPISTOLA1X.

1409 315 1532 353 Thomae
1553 315 1766 357 cantuarienfi
1795 315 2044 364 Archi-Eplftopo
2069 323 2252 362 walkelmus

1747 367 1922 414 Pepieffi¹›

1367 500 1369 503 ,
1438 466 1556 504 ICET
1578 468 1938 515 ,temporum-qualitate
1950 468 2094 512 variata,
2120 458 2302 514 ane-Roma-

1465 530 1505 554 na
1527 519 1668 556 Ecclefia
1689 520 1869 556 Schismate
1879 520 2033 557 laborans
2044 524 2195 567 graviora
2205 526 2303 564 detri-

346 583 407 608 vos
418 570 602 605 audieritin
616 579 670 608 eo,
681 567 770 611 quod
781 569 859 612 juris
870 567 1291 613 neceffitascogit,&quod
1355 577 1465 602 menta
1484 570 1662 605 incurreret
1675 595 1687 612 ‚
1715 571 1749 604 in
1773 572 1861 606 varia
1884 582 1959 616 erga
1984 582 2042 606 vos
2054 573 2146 615 juxta
2159 585 2303 619 quorun.

335 623 406 659 fine
417 621 528 658 salutis
541 620 602 655 suae
614 619 785 663 dispendio
807 620 907 653 vitare
928 630 999 655 non
1022 619 1128 666 potest
1138 644 1149 661 ,
1177 621 1289 663 procul

336 671 442 710 dubio
467 670 637 715 poenitebit
649 694 663 716 ‚
689 669 900 707 confitebitur
920 669 1049 713 culpam
1062 694 1074 710 ,
1100 670 1135 704 δε
1159 668 1289 706 humili·

336 732 385 759 ter
400 721 597 761 satisfaciens
609 721 759 757 Ecclefiae
772 731 883 763 pacem
903 720 941 757 ,δι
963 720 1168 761 libertatem,
1193 720 1289 756 nobis

333 772 443 810 ablata
454 784 532 809 cum
546 772 733 816 integritate
743 769 885 808 restituet
893 795 904 810 ,
932 770 967 804 δε
978 771 1159 807 fraternum
1170 771 1285 805 odium

331 821 375 857 de
386 823 488 860 corde
497 824 628 866 prorsus
638 821 754 855 avellet
767 846 774 853 .
803 821 968 866 Alioquin
988 821 1062 869 ,quis
1072 833 1149 858 eum
1161 822 1284 865 eripere

331 873 438 915 potest
447 873 467 911 a
479 874 598 918 laqueo
611 873 723 906 mortis
734 870 751 902 ἒ
776 871 853 909 Scio
867 873 981 918 utique
995 896 1006 912 ,
1019 871 1177 916 quoniam
1192 873 1283 905 indu-

331 922 475 960 bitanter
488 934 599 969 verum
612 923 656 956 est
666 946 680 967 ‚
704 922 805 958 etiam
818 923 851 959 ὅς
866 923 1070 961 notiffimum
1080 946 1091 965 ,
1118 922 1209 967 quod
1222 934 1282 958 nec

331 972 450 1009 Petrus
460 975 527 1020 ipse
549 973 634 1009 hanc
656 972 783 1016 accepit
802 971 822 1009 ,a
835 973 987 1010 Domino
1009 972 1219 1016 potestatem,
1244 983 1281 1009 ut

327 1023 575 1068 impoenitentes
586 1023 680 1067 poffit
692 1022 876 1060 absolvere,
899 1023 943 1060 Et
957 1023 1071 1067 procul
1080 1022 1186 1060 dubio
1197 1035 1281 1058 con·-

328 1068 392 1107 flat
401 1096 415 1117 ,
438 1074 517 1117 ,quia
529 1074 549 1106 si
558 1085 609 1111 res
618 1073 727 1111 ablata
740 1073 828 1110 reddi
842 1074 1047 1116 promittitur
1059 1098 1070 1115 ,
1095 1085 1155 1107 nec
1177 1072 1278 1109 reddi-

323 1131 378 1159 tur
389 1146 399 1164 ‚
414 1133 481 1158 non
493 1124 604 1168 agitur
614 1124 804 1167 poenitentia
815 1148 825 1166 ‚
837 1124 891 1159 sed
900 1124 1042 1171 ‘fingitur
1051 1149 1062 1160 ,
1080 1123 1154 1159 Ubi
1166 1134 1276 1159 autem

326 1171 491 1217 Principis
504 1173 738 1217 Apostolorum
750 1173 921 1210 cohibetur
944 1172 1127 1211 authoritas
1147 1198 1159 1215 ‚
1186 1173 1274 1207 nulla

322 1223 452 1257 ratione
474 1223 668 1261 crediderim
690 1225 916 1262 convalescere
940 1227 1028 1268 poffe
1046 1224 1277 1270 cujuscumque

320 1271 470 1310 hominis
482 1273 673 1316 porestatem
687 1298 694 1305 -
721 1275 840 1310 Fateor
853 1286 982 1314 autem„
1008 1275 1042 1311 ὅ(
1058 1284 1170 1310 verum
1189 1274 1235 1307 est
1262 1298 1272 1315 ,

319 1323 475 1358 Domino
488 1323 574 1367 Regi
588 1346 598 1362 ‚
625 1322 740 1365 utpote
751 1323 979 1368 gloriofiffimo
992 1323 1137 1366 principi
1149 1348 1160 1363 ,
1173 1326 1271 1368 quam

321 1373 500 1416 plurimum
510 1373 724 1409 deferendum
737 1396 748 1415 ‚
774 1373 826 1408 sed
840 1374 885 1409 ita
898 1385 933 1408 ut
944 1374 1034 1408 Deus
1045 1375 1151 1410 necin
1170 1374 1271 1408 mini—

317 1432 375 1456 mo
386 1421 570 1459 offendatur
583 1447 590 1454 .
618 1423 781 1466 Alioquin
800 1423 921 1466 species
943 1424 1137 1459 idololatria»,
1156 1425 1200 1457 est
1215 1424 1272 1458 sub

314 1472 550 1515 cujuscumque
570 1472 720 1505 utilitauis
742 1481 892 1514 praetextu
918 1477 1098 1510 creatur-ain
1119 1474 1268 1508 Creatori

315 1531 502 1564 praeponere
514 1545 524 1561 ,
535 1521 614 1554 ficut
627 1519 746 1554 Beatus
757 1521 858 1555 docet
869 1521 1049 1564 Apostolus
1063 1536 1070 1556 :
1093 1524 1178 1555 Mala
1190 1530 1270 1557 emm

308 1570 456 1613 facienda
467 1582 524 1603 non
529 1568 602 1612 firm
614 1579 667 1609 ,ut
675 1575 863 1612 proveniant
871 1572 951 1606 bona
972 1595 978 1604 .
1003 1572 1089 1606 Non
1113 1572 1189 1606 licet
1213 1574 1269 1607 ali·

314 1621 369 1655 cui
381 1620 561 1665 dispensare
582 1631 699 1656 contra
721 1631 917 1665 praecepmm
941 1621 1104 1662 Domini,
1131 1622 1219 1666 quod
1235 1624 1267 1656 in

312 1671 387 1716 lege
398 1671 449 1706 vel
460 1671 493 1706 in
509 1670 692 1712 Evangelio
705 1681 893 1713 perpetuam
908 1669 1005 1705 habet
1031 1673 1159 1707 causam
1172 1697 1179 1704 .
1213 1672 1267 1708 Ut

311 1732 423 1756 autem
436 1719 558 1763 poffitis
571 1717 654 1751 mihi
666 1719 876 1753 commodius
891 1720 1060 1762 providere
1072 1747 1082 1762 ‚
1094 1732 1132 1755 ut
1143 1723 1268 1757 clamor

310 1769 611 1813 pauperisintroeat
622 1768 657 1801 in
669 1778 758 1801 aures
771 1768 886 1806 vestras
898 1793 909 1810 ‚
934 1780 1069 1812 quartus
1093 1772 1186 1804 exilii
1202 1775 1264 1806 mei

314 1830 421 1854 annus
432 1819 557 1861 elapsus
567 1817 612 1851 est
624 1842 636 1860 ,
659 1816 739 1853 cum
748 1827 859 1855 ,tamen
872 1818 1024 1853 Domino
1038 1819 1126 1864 Regi
1146 1832 1200 1864 per
1213 1832 1265 1856 me

308 1872 345 1905 ἀ
358 1881 412 1913 per
419 1868 504 1903 alios
516 1867 593 1910 saepe
605 1866 782 1903 obtulerim
799 1893 810 1909 ‚
826 1869 902 1912 quia
915 1868 991 1903 licet
1004 1871 1202 1905 conscientia
1216 1883 1258 1906 re·

309 1921 357 1953 ste
369 1931 436 1953 non
450 1916 623 1951 meruerim
634 1917 716 1953 iram
728 1917 794 1959 ejus
804 1941 814 1957 ,
841 1928 948 1953 tamen
963 1930 1022 1962 pro
1043 1921 1261 1963 recuperanda

309 1969 415 2014 gratia
426 1967 491 2010 ejus
505 1965 642 2001 libenter
655 1968 795 2004 facerem
810 1966 968 2013 quidquid
980 1970 1009 2004 ei
1025 1969 1163 2012 placeret
1172 1994 1183 2010 ,
1202 1971 1262 2004 sal.

308 2030 347 2052 va
357 2018 563 2055 conscientia
575 2017 610 2053 ἀ
622 2018 712 2052 fame
725 2017 918 2062 integritate,
940 2019 1061 2055 Actum
1073 2020 1116 2053 est
1131 2031 1262 2054 mecum

308 2081 366 2113 per
378 2068 536 2112 quosdam
550 2066 739 2102 mediatores
749 2091 761 2109 ,
787 2079 823 2103 ut
835 2068 1016 2105 recederem
1027 2070 1045 2106 a
1060 2070 1217 2107 fidelitate
1227 2070 1261 2106 ὅς

305 2118 467 2163 obsequio
478 2117 620 2154 Domini
634 2117 878 2154 Cantuariensis
891 2144 900 2160 ,
911 2119 1052 2164 jurarem
1065 2119 1259 2156 fidelitatem

308 2170 420 2214 Regi,
431 2169 465 2203 δε
478 2168 720 2206 observantiam
733 2169 1010 2208 consuetudinum
1023 2169 1132 2213 Regni
1146 2194 1156 2209 ,
1168 2170 1257 2214 quod

306 2221 383 2264 quia
396 2219 499 2253 facere
511 2230 638 2263 nequeo
651 2231 712 2254 nec
735 2219 812 2253 volo
825 2243 835 2259 ,
860 2221 1018 2263 quoniam
1047 2230 1161 2254 contra
1182 2231 1260 2253 con*

304 2270 478 2305 scientiam
491 2269 535 2303 est
550 2272 582 2304 ἀ
596 2268 798 2303 honestatem
811 2293 821 2308 ,
833 2269 1027 2310 proscriptus
1038 2269 1138 2302 exulo
1153 2294 1163 2310 ‚
1177 2271 1210 2303 ὅ(
1223 2269 1255 2302 li-

308 2321 424 2355 benter
432 2319 576 2355 exulabo
587 2320 666 2351 dum
678 2320 756 2353 Deo
780 2318 935 2360 placuerit
950 2342 956 2349 .
985 2318 1147 2361 Nunquid
1170 2321 1258 2353 enirn

304 2369 486 2406 obediendi
497 2368 714 2404 neceffitatetn
737 2378 888 2410 rumpens
900 2391 910 2407 ,
937 2368 971 2401 in
984 2369 1131 2411 periculo
1148 2370 1259 2404 Eccle-

304 2420 354 2455 fiae
365 2443 376 2458 ‚
402 2419 436 2453 in
449 2420 544 2453 causa
555 2419 622 2452 Dei
631 2418 763 2453 Patrem
777 2419 810 2454 ὅ(
824 2417 1010 2454 Dominum
1033 2418 1173 2454 deseram
1187 2444 1197 2461 ‚
1224 2421 1257 2455 ἀ

305 2471 342 2503 in
354 2467 736 2510 consuetudinesjurabo
746 2492 756 2508 ,
783 2479 863 2509 quas
884 2467 962 2503 sacri
985 2469 1140 2503 Canones
1154 2481 1259 2513 repro-

305 2519 387 2556 bant
412 2544 423 2560 ‚
449 2519 485 2554 ἀ
498 2517 665 2553 Dominus
688 2517 775 2562 Papa
792 2518 836 2553 de
855 2517 995 2555 consilio
1008 2519 1156 2555 Fratrum
1171 2520 1256 2563 apud

306 2572 456 2605 Senonas
469 2593 479 2609 ,
503 2567 684 2610 vobisipsis
697 2589 707 2605 ,
731 2578 767 2602 ut
777 2568 899 2612 opinor
910 2591 921 2608 ,
948 2568 1156 2605 audientibus
1181 2581 1255 2604 con-

304 2618 499 2655 demnavit?
514 2617 611 2652 Certe
622 2617 861 2654 observantiam
871 2617 1049 2654 canonum
1061 2644 1071 2660 ,
1093 2631 1148 2654 aut
1160 2620 1257 2664 ipfius

304 2671 408 2704 etiam
424 2668 595 2713 Evangelii
610 2679 678 2701 non
690 2667 828 2710 jurarem
841 2693 852 2709 ‚
872 2669 1031 2712 quoniam
1042 2695 1054 2714 ,
1067 2680 1104 2704 ut
1116 2671 1255 2714 Aposto-

311 2721 363 2754 lus
375 2719 563 2764 ingemiscit
576 2743 586 2758 ‚
614 2725 647 2751 in
658 2719 760 2752 multis
770 2717 943 2759 offendimus
950 2730 1050 2755 omnes
1063 2745 1074 2761 ,
1102 2721 1135 2755 &
1150 2722 1257 2758 minus

307 2770 432 2806 malum
479 2768 525 2804 est
557 2767 753 2813 praevaricari
793 2792 804 2808 ,
841 2770 938 2812 quarn
962 2770 1255 2813 praevaricationem

306 2821 475 2855 cumulare
497 2819 635 2865 perjurio
646 2843 653 2850 .
681 2819 757 2852 Scio
780 2828 892 2852 autem
917 2821 1006 2862 quod
1028 2820 1176 2866 perjurii,
1203 2834 1258 2856 aut

306 2869 539 2906 inobedientia:
554 2894 564 2911 ,
601 2878 657 2902 aut
674 2867 902 2912 cujuscumque
920 2871 1135 2914 turpitudinis
1161 2883 1259 2908 nemo

304 2932 363 2955 vos
374 2919 504 2955 habebit
515 2917 683 2954 authores.
711 2918 773 2954 Sed
790 2920 867 2963 quia
880 2919 982 2955 timeo
992 2945 1003 2962 ‚
1017 2932 1059 2957 ne
1071 2933 1129 2958 vos
1140 2922 1254 2959 taedeat

305 2970 503 3007 verbositatis
515 2981 604 3008 meae,
616 2968 721 3003 verbis
733 2966 821 3004 hunc
835 2970 920 3004 facio
933 2971 1033 3005 finem
1045 2997 1057 3015 ‚
1070 2972 1256 3016 supplicans

305 3032 342 3056 ut
365 3033 424 3055 vos
451 3021 600 3055 Ecclefiae
621 3017 744 3054 diutius
767 3020 989 3062 naufragantis
999 3021 1152 3057 studeatis
1165 3023 1258 3059 finire

304 3071 465 3106 miseriam
482 3095 492 3111 ‚
518 3070 553 3106 ἃ
567 3081 635 3112 quae
648 3069 743 3103 nobis
754 3068 874 3114 jugiter
885 3069 1070 3107 inferuntur
1083 3097 1094 3113 ‚
1121 3073 1257 3117 injurias

303 3121 489 3166 propulsare
505 3146 515 3155 .
537 3119 655 3154 Valeat
677 3120 798 3162 semper
809 3119 1041 3162 Dominus,&
1061 3125 1253 3168 proscripto·

301 3183 373 3207 rum
387 3170 509 3206 Christi
523 3171 710 3206 misereatur
719 3195 726 3202 .
739 3170 910 3205 Intercedo
919 3171 1008 3205 enim
1022 3172 1091 3205 vice
1102 3174 1253 3209 omnium

299 3222 572 3257 coexulantiurn:
600 3221 635 3255 ἀ
647 3221 668 3254 fi
682 3219 764 3255 mihi
779 3232 847 3255 non
859 3221 956 3256 fuerit
968 3220 1118 3256 exhibita
1140 3226 1253 3258 conso-

300 3271 396 3311 latio,
426 3271 511 3306 mihi
534 3281 644 3307 tamen
670 3270 830 3313 reputabo
853 3271 1035 3316 impensum
1048 3296 1059 3312 ,
1091 3273 1252 3317 quidquid

301 3320 372 3354 aliis
390 3321 580 3368 proscriptis
603 3318 731 3357 Christi
754 3331 812 3367 per
830 3332 890 3357 vos
913 3333 1036 3358 novero
1045 3322 1108 3358 else
1120 3321 1252 3361 exhibi-

302 3378 375 3407 tum
387 3394 394 3403 .

1348 617 1428 651 dam
1439 621 1634 663 opinionem
1647 621 1813 669 videamur
1833 620 2010 658 declinasse
2032 623 2196 666 proposita
2207 649 2219 666 ,
2242 639 2300 663 no·

1353 667 1399 702 vit
1410 678 1541 711 tamen,
1567 670 1796 715 quiinspestor
1821 673 1866 707 est
1888 671 2037 708 cordium
2052 698 2062 713 ,
2087 674 2300 712 dilestionem.

1350 717 1564 756 vestrInostro
1577 722 1611 755 in
1622 724 1753 767 peaore
1770 722 1931 759 continue
1950 724 2115 759 resedisse.
2140 725 2300 762 Sicutau-

1350 777 1418 804 tem
1430 767 1620 814 Vigilantiae
1633 772 1744 808 vestrae
1754 773 1828 816 saepe
1841 784 1900 807 nos
1913 774 2088 809 recolimus
2099 775 2261 812 intimasse
2286 801 2299 818 ,

1349 819 1565 861 suspicionem
1578 820 1718 858 Domini
1733 822 1835 870 Regis
1846 823 1977 868 Angliae
1990 848 2000 864 ,
2014 834 2174 868 quatenus
2186 826 2298 868 licuit,

1349 869 1451 906 vitare
1463 872 1671 913 curavimus,
1698 884 1734 906 ut
1759 874 1953 916 procedente
1975 884 2122 919 tempore
2143 875 2229 910 inter
2240 888 2299 911 vos

1342 918 1495 962 &ipsum
1507 921 1610 955 amica
1622 923 1867 959 interventione
1879 925 2043 961 efficacius
2067 924 2208 959 mediare
2223 928 2295 969 pos-

1345 969 1472 1010 semus,
1498 972 1534 1007 &
1550 974 1634 1009 tanti
1646 972 1809 1017 Principis
1819 973 2033 1010 devotionem
2062 976 2137 1011 Sedi
2152 977 2297 1020 Aposto-

1344 1017 1414 1053 licae
1427 1023 1618 1057 conservare
1631 1047 1638 1054 .
1666 1022 1767 1058 Nunc
1789 1033 1902 1059 autern
1924 1025 1967 1059 ad
1983 1025 2177 1068 quaestiones
2189 1050 2200 1067 ‚
2226 1038 2297 1070 qun

1342 1068 1428 1104 inter
1442 1080 1500 1106 vos
1511 1072 1544 1106 &
1559 1074 1663 1117 ipsum
1677 1083 1848 1107 vertuntur
1860 1095 1871 1112 ,
1894 1073 1975 1107 ficut
1989 1074 2138 1111 Ecclefiae
2150 1077 2216 1111 Dei
2231 1088 2297 1110 ma-

1340 1119 1393 1167 gis
1403 1121 1554 1163 expedire
1569 1121 1741 1158 viderimus
1751 1147 1762 1165 ‚
1790 1122 2014 1158 terminandas
2028 1123 2064 1160 in
2077 1133 2192 1159 terram
2203 1126 2295 1160 suam

1342 1171 1406 1203 una
1419 1182 1495 1205 cum
1507 1171 1697 1212 Venerabili
1711 1173 1821 1207 Fratre
1835 1172 1946 1208 nostro
1958 1175 2090 1211 Ottone
2110 1172 2294 1210 Cardinale

1340 1219 1496 1254 Diacono
1508 1221 1660 1256 destinati
1675 1222 1896 1268 Vigilantiam
1909 1224 2046 1257 vestram
2067 1223 2293 1266 exhortamur,

1338 1270 1372 1302 &
1386 1271 1554 1306 suademus
1564 1272 1719 1310 attentius
1729 1298 1740 1313 ,
1768 1283 1930 1316 quatenus
1940 1271 1993 1307 his
2015 1297 2025 1314 ‚
2043 1284 2116 1318 quae
2126 1274 2297 1317 amplioris

1337 1319 1456 1357 diffidi?
1468 1322 1578 1357 causas
1588 1332 1744 1366 generare
1757 1323 1861 1359 solent
1874 1347 1884 1363 ,
1895 1333 2058 1365 quantum
2083 1325 2117 1357 in
2134 1323 2229 1358 vobis
2246 1320 2294 1359 est

1335 1370 1487 1411 evitatis,
1511 1371 1553 1408 ad
1565 1383 1623 1412 ea,
1646 1383 1720 1418 quae
1732 1371 1918 1410 concordia:
1928 1373 2099 1416 cooperari
2123 1375 2254 1410 valeant
2278 1397 2292 1414 .

1335 1419 1509 1455 studiosius
1519 1423 1635 1456 curetis
1660 1423 1849 1459 intendere.
1878 1423 1952 1458 Nos
1975 1423 2111 1457 enim&
2136 1425 2230 1467 paci,
2257 1426 2293 1460 δε

1333 1470 1529 1515 Ρτοῖεὸὶίὸιιε
1541 1470 1672 1514 vestris,
1698 1472 1859 1516 quatenus
1870 1474 1975 1518 gratia
1997 1474 2123 1510 Divina
2150 1474 2292 1508 indulse-

1332 1521 1374 1554 rit
1385 1544 1396 1560 ,
1423 1531 1546 1556 remota
1583 1522 1798 1565 personarum
1837 1524 2056 1567 acceptione,
2086 1522 2291 1559 studebimus

1332 1571 1525 1613 cooperari,
1551 1571 1638 1608 nihil
1652 1571 1749 1607 studii
1762 1574 1904 1610 relicturi
1918 1598 1930 1614 ,
1957 1574 2037 1607 ficut
2056 1571 2198 1608 authore
2218 1575 2292 1609 Do-

1332 1621 1425 1653 mino
1442 1632 1548 1655 rerum
1571 1632 1766 1666 argumenta
1789 1623 2016 1657 monstrabunt
2029 1647 2041 1664 ,
2065 1621 2156 1666 quod
2173 1623 2214 1658 ad
2226 1622 2290 1660 ho·

1329 1681 1443 1708 norem
1455 1670 1546 1715 Dei,
1556 1671 1589 1709 ὃς
1604 1671 1754 1708 Ecclesia
1776 1673 1840 1710 suae
1852 1672 2016 1708 valeamus
2040 1673 2252 1719 impendere.

1556 1770 1950 1809 EPISTOLA
2013 1772 2057 1808 X.

1327 1866 1482 1905 Thomas
1504 1868 1751 1957 Cantuariensg
1774 1850 2076 1957 drcssi-Episcopus
2097 1846 2285 1914 wilhelmo

1747 1933 1843 1967 apren
1857 1934 1868 1956 1
1882 1946 1892 1957 .

1424 2021 1559 2057 salutem
1584 2021 1620 2057 Θ
1642 2029 1749 2055 contra
1778 2023 1962 2063 Pam-lpum,
1989 2021 2198 2068 insolentiam,
2246 2061 2249 2063 ,
2272 2056 2274 2058 ,

1671 2070 1891 2116 fortitudinem
1909 2098 1918 2106 .

1325 2166 1625 2254 LITTERAS
1652 2171 1868 2208 Celfitudinis
1899 2172 2009 2207 vestrae
2028 2183 2132 2217 nuper
2153 2173 2283 2218 accepi·

1434 2230 1523 2260 mus,
1553 2221 1639 2264 spem
1663 2223 1770 2257 mellis
1792 2223 1892 2257 initio
1916 2225 2130 2267 propinantes
2142 2248 2154 2265 ,
2180 2233 2279 2258 vene·

1325 2280 1403 2302 num
1415 2270 1448 2302 in
1463 2270 1573 2304 medio
1584 2296 1595 2310 ‚
1621 2273 1734 2308 oleum
1747 2273 1779 2307 in
1792 2273 1858 2307 fine
1869 2298 1876 2305 .
1906 2273 1944 2307 In
1956 2273 2074 2318 quibus
2087 2273 2279 2313 continetur

1324 2329 1381 2352 vos
1394 2318 1432 2352 ad
1447 2330 1552 2361 partes
1566 2320 1639 2356 istas
1650 2333 1739 2360 nunc
1763 2323 1918 2368 temporis
1940 2323 2141 2361 descendisse
2161 2323 2203 2360 ad
2215 2334 2279 2359 tet-

1323 2368 1495 2402 minandas
1517 2371 1711 2414 quaestiones
1734 2373 1818 2405 inte-r
1843 2372 2028 2406 Dominum
2053 2374 2184 2418 Regem
2204 2374 2278 2408 An·

1322 2417 1513 2464 gliae&nos
1528 2443 1540 2460 ‚
1575 2430 1672 2464 prout
1695 2421 1848 2463 expedire
1873 2421 2038 2457 videbitis.
2068 2422 2152 2457 Non
2174 2423 2277 2458 credi-

1323 2479 1395 2503 mus
1407 2480 1464 2503 vos
1474 2469 1514 2503 ad
1526 2468 1592 2504 haee
1604 2470 1724 2504 veniffe
1738 2495 1748 2511 ,
1776 2481 1835 2506 nec
1844 2471 1930 2507 certe
1953 2482 2012 2506 vos
2033 2469 2073 2507 ad
2100 2471 2166 2507 hoc
2178 2472 2275 2507 susci-

1323 2519 1446 2562 pimus,
1459 2520 1570 2554 multis
1580 2531 1623 2553 ex
1634 2521 1732 2557 caulis
1745 2544 1755 2560 ,
1769 2531 1847 2561 quas
1861 2521 1935 2553 loco
1944 2520 1981 2556 &
1994 2530 2275 2565 temporeoppor-

1324 2580 1408 2606 tuno
1418 2569 1716 2606 manifestabimus.
1744 2571 1976 2606 Veruntamen
1989 2571 2012 2605 si
2032 2570 2115 2615 quid
2136 2569 2274 2609 boui&

1321 2621 1407 2663 pacis
1422 2631 1476 2663 per
1490 2631 1625 2654 manum
1640 2622 1777 2655 vestram
1790 2620 1887 2655 nobis
1907 2620 2086 2661 acciderit,
2113 2621 2274 2667 Doogm-

1321 2671 1426 2704 tias&
1439 2670 1550 2704 vobis.
1579 2670 1699 2706 Valeat
1713 2669 1881 2709 Celfitudo
1893 2670 2020 2720 vestra,
2045 2680 2083 2705 ut
2106 2669 2185 2707 inde
2204 2682 2271 2714 no·

1319 2719 1370 2757 bis
1383 2720 1421 2757 sit
1433 2721 1552 2757 melius
1561 2745 1572 2755 .

1518 2819 1930 2860 EPISTOLA
2000 2819 2069 2857 XI.

1317 2920 1472 2959 Thomas
1484 2922 1729 3007 Cantuarienfilg
1741 2920 1848 3006 Arch‘i
1857 2940 1868 2946 -
1883 2920 2065 2966 Episcopus
2078 2920 2266 2960 vilhelm·

1729 2983 1824 3019 aplen
1837 2983 1849 3007 l
1867 2994 1877 3005 ι

1317 3072 1487 3108 Venerabili
1498 3077 1623 3109 Domino
1631 3096 1641 3112 ‚
1668 3074 1705 3108 s&
1719 3076 1817 3107 Amico
1827 3074 1865 3106 de
1874 3078 1992 3107 merim
2003 3074 2155 3116 diligendo
2170 3075 2262 3112 'vvil-

1363 3122 1458 3157 helma
1469 3147 1480 3165 ‚
1507 3128 1672 3168 Deigratta
1681 3125 1764 3157 tituli
1771 3121 1873 3165 sanc‘li
1892 3127 1977 3157 Petri
1998 3124 2044 3156 ad
2051 3124 2173 3158 Vincula
2184 3132 2262 3166 pre-

1366 3172 1476 3212 thyrero
1488 3173 1651 3207 Cardinalt
1663 3197 1673 3213 ,
1699 3175 1732 3207 (7
1743 3172 1907 3215 Apostolrcae
1921 3175 2008 3209 sedis
2031 3177 2144 3216 Legata
2156 3198 2165 3212 ,
2187 3174 2262 3208 Tho·

1363 3234 1430 3257 mas
1436 3225 1544 3259 eadem
1552 3229 1656 3269 gratia
1667 3223 1892 3267 Cantuarienfis
1903 3221 2036 3263 Ecclefiae
2061 3222 2190 3264 Minister
2203 3224 2262 3259 bu·

1363 3273 1444 3308 milis
1458 3297 1468 3313 ,
1488 3272 1619 3318 salutem
1641 3297 1653 3314 ‚
1686 3275 1721 3308 (9·
1742 3284 1847 3308 contra
1870 3276 2045 3316 Principum
2069 3273 2259 3318 insolentiam

1355 3323 1574 3365 fortitudinem
1588 3348 1595 3356 .

1413 3373 1591 3410 RATIAS
1618 3371 1777 3410 habemus
1802 3373 1973 3409 dilectioni
2011 3373 2120 3410 vestra:
2131 3398 2142 3416 ,
2166 3373 2258 3417 quod

1445 3424 1563 3460 litteris
1596 3423 1809 3461 Cellitudinis
1841 3424 1951 3461 vestrae
1981 3426 2170 3508 Pammsim
2201 3434 2261 3459 no·

2138 3484 2208 3510 ram
