2358 3776
540 99 579 145 S.
617 95 903 144 THOMAE
941 90 1351 140 CANTUAR.
1387 92 1530 142 LIB.
1581 100 1639 146 V.

124 193 279 229 pompam
300 182 469 218 verborum
481 182 567 218 nihil
583 181 736 217 hactenns
745 180 914 225 potuimus
924 189 1062 222 reporta-

124 246 174 268 re.
201 233 273 267 Nec
288 242 396 268 tamen
407 233 472 269 hoc
485 233 562 268 ideo
574 234 712 268 dicimus
725 256 736 272 ‚
761 232 841 276 quin
852 230 934 264 dum
955 229 1060 264 adhuc

123 284 257 317 effemus
267 284 301 317 in
312 284 449 319 Francia
460 306 471 322 ‚
484 285 519 318 in
532 284 643 318 multis
659 280 800 318 eundem
811 282 938 324 Regem
953 279 1063 315 libera-

120 332 185 367 lem
202 344 276 378 erga
299 344 358 368 nos
378 335 570 369 senserimus
587 345 623 368 ac
648 332 823 367 devotum.
850 329 911 365 Sed
924 329 969 363 ob
998 329 1062 364 hoc

122 395 192 418 non
203 383 359 418 debemus
367 385 542 426 omittere,
567 385 648 428 quin
661 382 759 416 tantis
773 391 832 416 nos
847 381 1063 424 transgreffio-

122 432 220 467 nibus
234 434 268 468 &
281 445 337 477 pro
347 434 455 479 gloria
468 435 531 468 Dei
546 459 557 474 ,
583 435 617 468 δε
633 444 688 477 pro
702 434 803 466 salute
827 431 923 474 ipfius
950 431 983 464 δε
1007 443 1061 464 no-

121 486 182 518 stra
193 508 204 524 ,
229 485 305 518 zelo
317 485 519 518 restitudinis
543 495 602 518 nos
624 492 843 526 opponamus.
875 480 976 514 Nunc
1003 481 1059 525 igi·

120 544 176 567 tur
189 535 265 577 quia
283 535 478 569 secularium
494 534 597 578 culpae
624 534 732 567 nullos
747 531 850 575 magis
863 556 873 571 ,
900 531 998 574 quam
1009 530 1062 564 de-

120 583 199 617 sides
212 583 381 625 praelatos,
409 584 673 629 negligentesque
687 583 860 626 respiciunt
872 606 881 621 ‚
906 582 961 624 qui
976 581 1059 615 mul.
1107 595 1111 641 1

124 642 193 668 tam
214 634 294 677 [πρὸ
315 635 462 669 nutriunt
482 633 718 678 pestilentiam,
755 631 833 665 dum
858 631 1059 665 necessariam

123 681 277 718 adhibere
294 685 469 729 negligunt
487 684 714 722 Medicinam,
752 682 788 716 &
812 681 881 725 post
903 683 1058 724 exspeiia-

124 734 253 767 tionem
275 734 440 769 diutinam
451 735 544 768 nullo
560 732 673 767 dolore
686 742 799 766 contra
823 743 880 765 vos
898 733 1002 774 ips03,
1028 733 1061 765 ὃς

124 782 219 816 nullo
230 785 357 817 fervore
366 796 480 818 contra
494 784 564 817 illas
577 785 705 824 iniquas
727 783 951 825 usurpationes
968 792 1060 815 exur-

123 832 226 876 gitis,
252 844 314 867 nos
329 834 370 868 de
380 833 547 868 commissa
560 832 654 865 nobis
675 833 692 866 a
715 832 794 866 Deo
813 831 969 875 potestate
983 856 993 872 ,
1020 832 1063 865 de

123 879 322 917 authoritate
345 883 540 926 Apostolicae
563 883 679 921 Sedis,
703 885 756 916 cui
772 881 846 916 licet
868 881 1024 915 immeriti
1051 904 1062 919 ‚

122 930 202 966 Deo
220 932 438 975 disponente,
478 932 631 966 servimus
651 955 661 970 ,
695 932 737 966 ab
760 933 853 966 omni
877 932 1060 975 Episcopali

122 991 182 1014 vos
196 981 604 1026 suspendimusdignitate.
639 981 718 1016 Illos
744 992 858 1016 autem
883 983 1021 1016 vestrum
1049 1006 1059 1021 ‚

121 1030 393 1066 Londoniensem
411 1031 560 1067 videlicet
583 1032 618 1066 δε
637 1032 906 1068 Satesberiensem
931 1033 1060 1075 Episco-

121 1091 185 1123 pos
196 1105 207 1120 ,
233 1082 287 1124 qui
301 1093 361 1125 pro
371 1082 542 1126 impetrata
550 1082 635 1126 apud
651 1094 713 1117 nos
723 1083 826 1128 gratia
841 1109 849 1123 ‚
864 1083 956 1125 juxta
974 1082 1061 1124 spem

122 1130 268 1165 nostram
282 1132 321 1167 ad
333 1132 639 1167 reconciliationem
650 1136 757 1179 magis
776 1133 925 1167 laborare
944 1131 1060 1166 debue-

122 1189 196 1213 rant
208 1205 221 1220 ,
242 1182 303 1215 &a
322 1182 465 1224 jamdicti
482 1182 608 1216 Archi·
622 1183 772 1226 Episcopi
795 1181 991 1226 gravamine
1009 1180 1062 1214 ab·

122 1229 263 1271 ssinere,
288 1232 451 1276 sipraefatae
463 1232 681 1267 Coronationi
706 1231 829 1267 favoris
849 1233 895 1265 sui
919 1229 1059 1264 ministe-

123 1280 211 1314 rium
230 1281 452 1323 praebuerunt,
476 1282 510 1316 in
523 1283 719 1316 sententiam
740 1282 958 1315 anathematis
971 1290 1057 1313 revo-

124 1339 258 1370 camus,
283 1330 317 1364 ὃς
335 1331 411 1364 ficut
422 1332 731 1364 excommunicatos
749 1329 950 1372 praecipimus
961 1329 1061 1361 evita·

122 1364 409 1413 rifDeRoffensi
432 1380 510 1412 vero
532 1378 693 1422 Episcopo
717 1379 751 1411 δε
773 1377 944 1412 Gaufredo
967 1376 1059 1410 Ridel

130 1426 357 1462 cantuariensi
384 1427 484 1462 Archi
500 1447 508 1452 -
523 1429 702 1468 Diacono,
741 1430 796 1471 qui
822 1428 898 1461 cum
922 1427 1060 1469 amplius

122 1475 349 1510 Cantuarienfi
367 1477 688 1511 Ecclesiaedebitores
707 1477 859 1517 exstant,
887 1478 918 1508 in
942 1478 1059 1509 minori

123 1527 303 1560 reverentia
315 1528 347 1561 ὅ(
359 1524 486 1560 honore
496 1528 561 1569 jam
573 1528 694 1561 dit‘tum
720 1526 822 1559 Archi
836 1542 853 1549 -
868 1526 1062 1569 Episcopum

122 1573 408 1611 habet-edicuntur
417 1603 428 1618 ‚
439 1578 472 1611 ἀι
484 1579 564 1612 alter
576 1588 687 1612 eorum
703 1601 713 1617 ,
742 1577 902 1610 Roffeniis
915 1575 1062 1610 videlicet

122 1624 329 1669 Episcopus,
358 1627 404 1660 illi
427 1627 647 1662 Coronationi
671 1628 818 1661 interfuit
843 1651 854 1667 ,
880 1627 965 1660 alter·
987 1625 1063 1659 vero

124 1674 163 1708 in
175 1676 596 1712 &excommunicationisa
609 1679 740 1721 praefato
756 1676 856 1711 Archi
872 1695 881 1701 -
899 1677 1062 1719 Episcopo

124 1723 432 1761 latamsententiam
445 1729 566 1771 spernit
578 1752 589 1768 ,
618 1726 700 1762 illud
720 1729 739 1760 a
760 1727 859 1761 vobis·
875 1738 997 1760 remota
1011 1736 1063 1769 ap-

119 1775 306 1818 pellatione
319 1778 483 1811 observari
494 1779 714 1821 praecipimus,
747 1777 835 1820 quod
847 1778 889 1809 ab
900 1789 944 1809 eo
956 1772 1062 1808 Cano·
1084 1776 1086 1778 ’

124 1823 203 1859 nice
220 1825 318 1858 fuerit
337 1826 572 1859 constiturum.
603 1828 674 1860 Nos
697 1827 785 1859 enirn
811 1835 868 1857 eos
887 1849 897 1863 ‚
941 1823 1065 1868 quanto

124 1874 256 1918 gravius
276 1873 429 1909 videntur
457 1876 645 1917 offendere,
673 1875 769 1910 tanto
791 1874 905 1907 durius
924 1873 1062 1906 decerni·

126 1924 408 1959 mnsaddicendos
424 1948 432 1957 .
458 1926 511 1958 Ad
536 1924 603 1958 haec
618 1950 631 1965 ,
653 1924 811 1969 quidquid
836 1923 985 1956 adversus
1001 1924 1065 1956 Ro—

125 1971 258 2008 bertum
279 1974 453 2009 Vicariutn
472 1974 716 2009 Cantuarienfis
747 1972 872 2006 Archi·
886 1972 1032 2006 Diaconi
1059 1993 1068 2009 ‚

127 2033 390 2067 contemptorem
406 2025 575 2057 sententias
587 2026 647 2059 suae
658 2049 672 2065 ,
695 2023 781 2057 idem
797 2021 899 2055 Archi
912 2041 920 2046 -
938 2022 1064 2063 Episco-

126 2073 371 2117 pusitatuerit,
396 2074 572 2108 firmiter&
585 2073 819 2108 inviolabiliter
833 2097 845 2112 ‚
866 2072 955 2105 nulla
967 2072 996 2105 ei
1011 2072 1063 2104 sus

127 2123 278 2166 fragante
288 2124 535 2166 appellatione,
556 2124 714 2158 custodiri
739 2123 955 2166 praecipiendo
982 2133 1066 2155 man-

129 2172 258 2206 damus.
292 2173 438 2207 Clericos
453 2184 560 2206 autem
574 2175 729 2218 Hugonis
755 2172 899 2206 Comitis
921 2196 934 2213 ,
960 2173 1069 2205 Nico-

130 2223 243 2262 laum,
270 2222 443 2256 'rhomam
456 2222 699 2263 Wilhelmum,
728 2223 764 2256 ὄζ
783 2233 915 2256 caeteros
938 2222 995 2264 qui⁴
1013 2232 1069 2254 ex-

132 2270 367 2319 communicati
388 2274 407 2306 ὲ,
432 2273 579 2314 ρῐεεάἰὲὶο
610 2273 739 2307 Archi·
755 2273 922 2316 Episcopo
949 2271 1071 2304 Divina

132 2322 273 2355 scienter
289 2321 744 2366 celebrarepraesumpserunt,
773 2324 793 2355 fi
820 2323 866 2356 ita
891 2321 935 2355 est
949 2333 977 2360 ,¹
1000 2333 1072 2355 ana-

132 2370 287 2406 thematis
298 2372 433 2406 vinculo
448 2373 598 2407 innodari
621 2399 630 2412 ‚
658 2383 839 2414 eorumque
863 2372 1073 2404 communio-

133 2432 231 2460 nem,
250 2422 329 2454 ficut
341 2421 918 2465 excommunicatorum·praecipimus
932 2421 1045 2454 evitari
1068 2444 1075 2451 .

131 2470 260 2506 Datum
269 2471 438 2505 Ferentini
448 2470 580 2505 decimo
590 2473 682 2507 sexto
692 2471 857 2506 Calendas
869 2469 1022 2504 Octobris
1034 2482 1045 2503 ⁷.

260 2568 667 2605 EPISTOLA
774 2568 977 2627 'LXVII-

135 2670 312 2705 Alexander
334 2673 426 2714 Papa
449 2667 626 2709 Eborac-cufi
650 2669 736 2702 archi
750 2669 923 2713 oEpiscopo
949 2671 984 2704 ὁ·
1012 2673 1075 2703 Du·

431 2718 569 2761 nelmenfi
594 2719 735 2763 Epist-opo
753 2745 760 2753 .

220 2820 336 2856 ICET
360 2819 682 2856 commendabiles&
704 2818 787 2864 grati
811 2819 905 2854 nobis
919 2819 954 2852 in·
978 2820 1075 2862 pluri-

245 2874 305 2906 mis
326 2872 468 2906 existatis
479 2895 495 2912 ‚-
516 2871 703 2915 &sincerae
742 2881 799 2903 vos
835 2870 1066 2913 amplectamur

139 2921 281 2956 brachiis
297 2921 487 2960 charitatis,
514 2931 642 2964 propter
662 2918 726 2953 hoc
755 2930 866 2954 tamenv
889 2931 956 2954 non
971 2918 1073 2953 debe-

139 2980 212 3005 mus
221 2972 371 3005 omittere
381 2997 395 3011 ,.
417 2971 498 3014 quin
511 2981 547 3003 ea
561 2982 631 3015 quae
645 2981 820 3014 perpetrata
833 2971 867 3004 ὅτ.
892 2970 1067 3004 incorresta

141 3031 299 3065 generant
308 3031 448 3055 mortemv
457 3044 472 3060 5
491 3019 526 3053 ὃ(
536 3022 734 3064 requiramus
746 3020 780 3052 in
791 3019 884 3054 vobis
895 3021 928 3054 dc
939 3020 1010 3053 zelo
1025 3031 1072 3053 re-

140 3070 312 3105 ctitudinis
329 3071 528 3114 corrigamus
547 3095 558 3110 ,
584 3070 713 3104 dicente
737 3071 888 3104 Domino
913 3082 967 3114 per
992 3069 1074 3104 Pro-

141 3119 293 3166 phetani:
321 3122 351 3153 δὲ
371 3121 502 3161 loquente
517 3131 568 3153 me‘
584 3120 630 3151 ad
651 3126 774 3163 impium
795 3129 887 3153 morte
911 3127 1046 3154 morieris
1060 3146 1070 3160 ,

144 3181 201 3203 non
211 3175 444 3204 annunciaveris
459 3174 484 3202 ei
494 3180 585 3213 neque
595 3172 700 3204 locutus
705 3171 803 3212 fueris
816 3195 826 3210 ,
855 3168 916 3212 ipse
924 3170 1071 3213 siquidem

144 3225 178 3252 in
194 3219 373 3263 peccarosuo
394 3225 532 3252 morietur
544 3243 556 3259 ,
577 3218 752 3263 sanguinem
761 3233 798 3254 au
806 3230 864 3254 tem
875 3222 938 3261 ejus
953 3221 990 3254 de
1004 3232 1072 3252 ma-

145 3277 243 3302 numa
262 3276 433 3313 requiram.
463 3269 633 3312 Depreffio
657 3269 811 3313 siquidem
837 3270 984 3304 Ecclesia:
1007 3271 1074 3304 An-

144 3320 281 3364 glicanae
292 3321 327 3354 dc
337 3320 515 3354 diminutio
525 3318 679 3353 libertatis
690 3344 701 3360 ‚
726 3332 794 3364 quae
809 3333 861 3364 per
875 3321 1002 3364 Regem
1026 3330 1076 3353 ve·

145 3370 246 3403 strum
258 3369 319 3403 five
330 3370 461 3412 proprio
474 3378 586 3406 motu.
607 3369 667 3402 sive
686 3371 796 3413 potins
815 3371 885 3405 aliis
907 3370 1076 3415 suggerem

146 3418 252 3462 tibus,
279 3420 360 3455 fasta
369 3417 575 3465 dignoscitur
586 3442 598 3460 ‚
609 3420 782 3464 plurimum
794 3421 860 3466 jam
871 3420 996 3467 pridem
1010 3420 1076 3455 ani-

1914 119 2006 164 355

1124 186 1217 211 mum
1230 175 1376 210 nostrum
1397 177 1520 211 afflixit
1534 202 1545 218 ,
1572 179 1606 212 ὅ(
1627 191 1694 216 non
1731 185 1901 222 modicum
1918 189 2073 227 sollicitu-

1126 227 1220 262 nis&
1241 225 1505 272 dolorisingeffit
1525 251 1532 258 .
1562 228 1649 262 Cum
1671 234 1760 269 enim
1782 238 1965 281 oportuerit
1989 242 2067 276 eutii

1124 277 1165 313 de
1185 278 1457 322 corrigendisiis‚
1485 287 1553 321 quat
1565 277 1608 311 ab
1628 278 1891 321 Antecefloribus
1905 290 1970 323 suis
1983 292 2067 326 male

1125 330 1294 362 commissa
1309 329 1440 363 fuerant
1454 352 1464 367 ‚
1491 327 1635 372 cogitare
1648 353 1661 369 ‚
1687 331 1753 373 ipse
1764 338 1870 375 potius
1882 342 2065 381 praevari‘ca-

1128 378 1274 412 tionibus
1297 379 1574 420 praevaricationes
1585 377 1757 421 adjiciens,
1784 393 1850 417 tam
1872 389 1980 432 iniqua
1995 392 2065 425 Sta·

1126 437 1195 462 tuta
1209 428 1264 461 sub
1287 428 1400 473 Regiae
1412 428 1597 472 Dignitatis
1609 429 1746 464 obtentu
1760 431 1794 465 <Sc
1823 436 1928 475 posuit
1951 440 1983 472 ὃς
2007 442 2067 475 fir*-

1126 479 1250 518 mavit,
1278 479 1339 512 sub·
1358 478 1475 522 quibus
1509 478 1545 512 ἀ
1571 479 1701 513 libertas
1725 481 1809 524 perit
1830 481 2000 527 Ecclesiae,
2029 492 2062 525 ἃ

1126 528 1396 572 Apostolicorum
1410 530 1550 562 virorum
1565 530 1689 564 Statura
1701 554 1713 570 ,
1734 535 1939 574 quantumin
1954 546 1995 568 eo
2007 540 2069 579 est,

1124 579 1181 613 suo
1196 579 1312 613 robore
1336 589 1514 613 vacuantur
1526 603 1534 610 .
1562 579 1635 613 Nec
1648 580 1785 615 credidit
1799 581 1919 618 debere
1939 585 2075 619 suffice-t

1124 640 1177 668 re,
1202 630 1224 662 fi
1240 629 1332 663 abeo
1354 630 1485 663 Divinae
1504 629 1610 673 Leges
1625 630 1657 662 in
1683 630 1809 675 Regno
1831 632 2069 678 Angliaefilen·

1124 680 1209 712 tium
1230 680 1263 713 ὃς
1277 681 1460 713 vacationes
1480 679 1674 722 susciperent
1687 704 1699 721 ,
1726 682 1782 715 nili
1795 693 1964 725 peccatum
1980 695 2069 723 tranv.

1126 729 1333 762 smitteretad
1357 728 1518 768 haeredes,
1541 729 1688 774 &longo
1702 741 1848 775 tempore
1860 734 1976 768 iaceret
2004 735 2070 770 fine

1125 778 1243 822 Ephod
1257 803 1267 817 ,
1294 778 1403 812 &fine
1416 779 1667 822 superhumerali
1685 781 1841 826 Regnum
1867 785 1963 819 suum
1985 785 2071 820 sede-

1123 840 1174 862 re.
1200 829 1278 861 Inde
1291 828 1353 861 fuit
1366 829 1457 873 quod
1481 824 1612 875 iniquas
1625 831 1697 865 illas
1709 833 1933 874 usurpationes
1943 834 2070 879 absque

1123 879 1190 912 ulla
1210 879 1403 921 exceptione
1426 880 1530 913 vestro
1557 882 1593 915 ὅτ.
1614 882 1752 916 aliorum
1778 882 1925 918 Fratrum
1949 885 1983 918 ὅ(
2004 886 2069 920 Co»

1125 929 1359 972 Episcoporum
1390 929 1567 964 vestrorum
1591 930 1781 973 juramento
1802 933 1881 967 fecit
1905 936 2029 969 firmari
2054 959 2066 976 ,

1123 980 1157 1012 ὅ(
1170 979 1371 1022 ρΙεᾶῐεηάιιω
1383 977 1541 1019 judicavit
1556 991 1591 1015 ut
1605 980 1731 1016 hostem
1745 1007 1758 1024 ,
1782 984 1987 1028 quicumque
1999 985 2068 1019 vel-

1123 1030 1167 1062 let
1179 1028 1219 1062 ab
1232 1028 1431 1072 iniquisillis
1442 1031 1739 1066 consuetudinibus
1761 1032 1926 1068 dissentire
1939 1059 1950 1067 ,
1976 1035 2070 1069 Indi·

1123 1090 1175 1112 cat
1198 1078 1264 1112 hoc
1285 1079 1472 1114 venerabilis
1512 1080 1658 1115 Thomae
1683 1083 1927 1118 Cantuariensis
1954 1083 2069 1119 Archi·

1127 1129 1277 1172 Episcopi
1298 1129 1458 1169 exilium,
1485 1131 1682 1165 demonstrat
1705 1133 1739 1166 <Sc
1765 1132 1828 1168 hoc
1856 1134 2067 1168 Clericorum

1124 1180 1159 1212 ὃς
1177 1180 1496 1224 consanguineorum
1509 1181 1576 1223 ejus
1588 1206 1599 1221 ‚
1626 1183 1756 1216 illorum
1775 1185 1876 1218 etiam
1892 1186 1945 1228 qui
1962 1183 2089 1217 adhuc·

1125 1229 1300 1270 pendentes
1312 1229 1353 1262 ab
1370 1229 1519 1264 uberibus
1536 1232 1652 1265 Matris
1679 1233 1850 1276 vagiebant
1879 1236 1912 1267 in
1938 1235 2033 1267 cunis
2057 1258 2070 1275 ,

1125 1278 1305 1310 miseranda
1327 1279 1538 1320 proscriptio,
1567 1282 1717 1314 &metus
1732 1285 1848 1316 mortis
1866 1284 2026 1317 incutitur
2054 1300 2067 1322 ,-

1125 1327 1145 1357 fi
1160 1326 1201 1358 ad
1222 1325 1289 1359 haec
1326 1327 1514 1369 quusqua-tn
1536 1329 1668 1360 animus
1699 1330 1862 1373 erigatur,
1890 1342 1925 1364 ut
1953 1342 2071 1366 contra

1126 1377 1253 1410 Statuta
1265 1376 1321 1409 illa
1334 1377 1467 1409 Divinis
1482 1376 1627 1420 Legibus
1641 1377 1717 1411 velit
1734 1379 1869 1413 obedire
1880 1406 1889 1412 .
1916 1381 1989 1414 Nos
2001 1382 2075 1425 ipsi,

1126 1435 1267 1468 quorum
1303 1425 1429 1466 judicio
1464 1427 1740 1466 praevaricationes
1773 1429 1834 1462 illae
1872 1431 2074 1474 corrugendoe

1125 1477 1250 1508 fueraut
1273 1474 1540 1516 amplectendae,
1565 1477 1606 1509 ad
1629 1477 1916 1512 confirmationem
1942 1479 2072 1515 illarum

1127 1525 1185 1558 sub
1202 1523 1376 1558 occasione
1394 1526 1550 1567 temporis
1589 1525 1737 1568 impacati
1775 1529 1876 1562 multa
1915 1530 2069 1565 instantia

1129 1575 1252 1608 fuimus
1276 1575 1465 1618 provocati,
1492 1574 1719 1609 &laboratum
1745 1578 1788 1610 est
1811 1579 1979 1613 exaiiione
2003 1592 2072 1614 non

1130 1625 1280 1663 modica,
1307 1634 1342 1657 ut
1355 1624 1614 1667 usurpationibus
1630 1626 1719 1665 illis,
1741 1628 1818 1662 cum
1841 1630 1990 1664 nondum
2014 1641 2075 1664 no·

1128 1675 1177 1708 bis
1200 1676 1348 1717 expreflae
1359 1674 1509 1714 fuissent,
1536 1673 1743 1709 authoritatis
1768 1679 1969 1720 Apostolicae
1980 1693 2067 1715 con·

1129 1726 1285 1758 ferremus
1304 1725 1494 1757 firmitatem
1507 1747 1515 1754 .
1547 1722 1663 1757 E‘thoc
1675 1726 1826 1767 equidem
1849 1728 1869 1759 a
1892 1730 2068 1772 principio.

1130 1773 1282 1807 Processu
1308 1773 1385 1805 vero
1396 1772 1552 1815 temporis
1564 1773 1718 1806 exulante
1729 1786 1788 1817 pro
1802 1775 1917 1811 debito
1931 1778 2077 1814 Pastor-2.

1130 1822 1173 1855 lis
1193 1821 1481 1864 Officiijamdisto
1509 1821 1606 1855 Archi
1621 1843 1631 1848 -
1653 1825 1814 1866 Episcopo
1841 1850 1851 1865 ,
1879 1828 1913 1860 ὅ(
1936 1825 2075 1864 consue·

1130 1884 1201 1906 tum
1222 1870 1384 1904 Romanae
1400 1873 1546 1905 Ecclesiae
1559 1872 1735 1907 subsidium
1759 1875 1800 1909 ab
1823 1876 1936 1909 officio
1963 1880 2076 1913 nostro

1134 1921 1245 1964 saepius
1256 1923 1465 1964 requirente,
1490 1922 1681 1957 mifimusad
1706 1925 1770 1966 jam
1797 1926 1922 1960 distum
1946 1928 2075 1974 Regem

1132 1964 1417 2005 dedi'elioribu‘s&
1430 1972 1605 2013 majoribus
1630 1973 1797 2009 Fratribus.
1816 1978 1956 2018 nostris,
1985 1979 2069 2012 mist—

1110 2051 1112 2054 ,
1135 2021 1251 2054 mus&
1272 2021 1348 2055 alias
1372 2021 1602 2056 Ecclesiasticas
1631 2024 1802 2066 personas,
1830 2027 1865 2060 δε
1890 2030 2075 2070 putavimus

1134 2071 1222 2115 quod
1236 2071 1368 2104 duritias
1379 2071 1444 2113 ejus
1456 2071 1489 2106 in
1502 2073 1611 2107 nostra
1625 2073 1812 2110 humilitate
1837 2077 1872 2109 &
1894 2079 2079 2112 mansuetu-

1133 2122 1211 2155 dine
1230 2122 1451 2166 frangeretur,
1476 2123 1511 2156 &
1535 2123 1623 2158 fieret
1651 2126 1755 2167 quod·
1773 2126 1926 2159 Salomon
1959 2128 2039 2162 dicit
2067 2141 2076 2160 :

1137 2175 1293 2204 Patientia
1329 2173 1461 2205 lenietur
1483 2174 1650 2214 PrInceps,
1682 2177 1717 2209 Θ·
1739 2179 1859 2219 Lingua
1878 2179 1972 2210 mollis
1985 2178 2076 2219 fran-

1130 2227 1179 2263 git
1201 2227 1298 2252 iram.
1327 2222 1396 2263 lpse
1418 2223 1495 2256 vero
1510 2224 1729 2259 sufferentiam
1752 2226 1894 2261 nostram
1911 2227 2076 2270 multipli-

1135 2271 1165 2303 ci
1190 2271 1389 2313 Legatorum
1409 2281 1477 2303 arte
1492 2265 1675 2314 deludens,
1699 2277 1801 2319 usque
1833 2277 1922 2310 adeo
1956 2288 2075 2312 contra

1138 2319 1273 2353 Monita
1290 2319 1399 2352 nostra
1419 2318 1545 2353 videtur
1567 2324 1718 2357 animum
1736 2325 1927 2366 obdurasse,
1955 2337 1991 2360 ut
2018 2333 2077 2361 nee

1138 2380 1253 2403 contra
1284 2369 1552 2413 praenominatum
1592 2372 1715 2405 Archi·
1731 2374 1928 2418 Episcopum
1975 2375 2074 2410 defer·

1141 2429 1235 2459 verit,
1262 2429 1323 2452 nec
1344 2418 1383 2452 de
1396 2420 1550 2462 perversis
1566 2420 1699 2452 Statutis
1722 2421 1789 2453 illis
1799 2423 1980 2465 quidquam
2005 2426 2071 2458 mi-

1142 2469 1197 2502 nui
1212 2468 1350 2512 patiatur
1364 2483 1376 2501 .-
1405 2467 1507 2501 immo
1518 2468 1665 2510 &ipsam
1680 2469 1950 2507 cantuariensem
1965 2474 2076 2509 Eccle-

1095 2524 1098 2530 “
1139 2520 1213 2552 fiam
1236 2518 1379 2562 plurimo
1393 2518 1591 2551 detrimento
1602 2519 1834 2561 poffeffionum
1858 2524 1987 2557 suarum
2009 2523 2078 2558 affi-

1139 2571 1228 2608 ciat,
1252 2569 1287 2602 δε
1307 2568 1340 2600 in
1367 2568 1436 2609 ipio
1458 2578 1529 2600 eam
1559 2569 1787 2605 Ecclesiastico
1809 2573 1992 2607 ministerio
2018 2585 2076 2608 an-

1139 2619 1228 2663 tiqua
1249 2618 1363 2662 spoliet
1384 2617 1566 2661 dignitate.
1592 2618 1706 2663 Nuper
1726 2622 1815 2655 enim
1853 2622 1933 2657 cnm
1967 2623 2074 2660 filium

1139 2670 1231 2704 suum
1245 2668 1408 2701 rcoronari
1422 2667 1561 2701 voluerit
1573 2693 1583 2708 ‚
1609 2680 1805 2714 contempto
1825 2672 1941 2707 eodem
1958 2672 2073 2708 Archi·

1142 2720 1303 2763 Episcopo
1315 2742 1327 2758 ,
1351 2717 1391 2752 ad
1404 2717 1497 2761 cujus
1508 2716 1573 2752 hoc
1583 2719 1728 2754 officium
1741 2721 2008 2766 deantiquojure
2021 2724 2072 2757 di-

1137 2772 1221 2804 citur
1234 2768 1391 2812 pertinere
1402 2792 1415 2807 ,
1440 2778 1494 2811 per
1507 2780 1638 2803 manum
1652 2780 1741 2805 tuam
1752 2771 1861 2805 Frater
1875 2770 2074 2816 Archi-Epi-

1139 2821 1233 2862 scope
1245 2843 1255 2858 ,
1281 2818 1315 2852 δι
1327 2821 1358 2851 in
1374 2819 1480 2851 aliena
1492 2818 1662 2855 Provincia
1673 2846 1686 2861 ‚
1711 2821 1863 2856 diadema
1876 2822 1954 2856 fecit
1968 2822 2077 2866 impo-

1140 2870 1196 2904 ni.
1222 2869 1259 2902 ln
1273 2868 1501 2903 Coronatione
1511 2870 1719 2904 autemillius
1744 2871 1831 2905 nulla
1854 2884 1897 2906 ex
1921 2880 2014 2908 more
2027 2873 2073 2908 de

1137 2918 1355 2955 conservanda
1378 2919 1682 2955 Ecclesia-,libertate
1704 2921 1813 2955 cautio
1824 2922 1870 2956 est
1892 2922 2027 2966 praestita
2056 2946 2070 2963 ,

1137 2970 1187 3004 vel
1201 2970 1280 3002 ficut
1292 2968 1408 3011 ajunt,
1432 2972 1563 3009 exasta,
1590 2971 1639 3004 sed
1651 2971 1835 3012 juramento
1856 2971 1966 3015 potius
1990 2971 2071 3006 dici·

1137 3030 1190 3054 tur
1201 3018 1454 3060 confirmatum,
1481 3030 1520 3055 ut
1543 3021 1651 3064 Regni
1673 3023 1927 3056 contiietudines
1953 3047 1964 3063 ‚
1990 3033 2071 3066 quas

1139 3069 1388 3109 avitasdicnnt,
1417 3069 1476 3104 sub
1491 3070 1609 3113 quibus
1625 3070 1768 3116 dignitas
1788 3073 1984 3115 periclitatur
2011 3073 2072 3106 Ec-

1139 3120 1258 3159 ciefiae,
1285 3119 1427 3153 illibatas
1439 3121 1529 3154 omni
1554 3130 1698 3163 tempore
1714 3121 1825 3156 debeat
1848 3124 2037 3155 conservare
2062 3145 2074 3153 .

1136 3171 1176 3204 ln
1188 3180 1256 3211 quo
1267 3171 1322 3203 etsi
1336 3170 1475 3203 multum
1489 3171 1715 3211 praenominati
1736 3171 1838 3216 Regis
1864 3170 2070 3206 vehementia

1137 3231 1197 3254 nos
1209 3219 1383 3253 conturbat
1396 3244 1407 3258 ‚
1432 3219 1572 3260 amplius
1584 3229 1692 3255 tamen
1705 3222 1746 3256 de
1761 3221 1859 3255 vestra
1872 3221 1906 3254 δι
1928 3220 2068 3256 aliorum

1141 3270 1465 3313 Co-Episcoporum
1489 3270 1665 3305 vestrorum·
1693 3273 1858 3314 possumus
1884 3271 2072 3306 infirmitate

1140 3321 1286 3361 moveri‚·
1316 3320 1368 3361 qui
1384 3317 1474 3360 quod
1485 3318 1633 3355 dolentes
1647 3322 1788 3355 dicimus
1800 3346 1808 3360 ,
1827 3319 1990 3364 fac‘lt'fimr
1998 3327 2073 3354 erie-

1139 3380 1184 3403 tes
1206 3381 1264 3402 non
1289 3368 1431 3401 hahentes
1458 3378 1591 3411 cornua;
1621 3370 1744 3410 abjistis
1760 3368 1868 3412 absque
1889 3369 2074 3412 fortitudine

1140 3428 1208 3455 anie
1219 3419 1334 3462 faciem
1354 3415 1578 3462 subsequentis.
1616 3421 1659 3455 Et
1687 3422 1709 3454 fi
1740 3421 1837 3456 licere
1858 3420 1941 3456 sorte
1978 3420 2039 3459 tibi
2066 3443 2080 3460 ,

1921 3470 2032 3504 Frater
