2358 3776
291 183 357 221 bris
366 185 436 227 αξ,-
454 183 487 220 a:
500 179 602 216 Beato
612 178 775 222 Danao,
798 175 840 214 ad
852 186 951 227 quem
963 178 1163 227 confugiunt
1175 188 1235 222 pu-

289 236 449 281 gnaturi,
486 232 520 267 &
548 229 650 268 Beato
669 229 833 278 Gregorio
868 229 1062 276 Anglicanae
1085 229 1233 265 Ecclesiae

289 283 479 324 fundatori,
507 280 608 327 quiin
620 280 734 316 eadem
758 279 856 317 Urbe
876 278 1067 322 requiescit,
1091 289 1232 326 agonem

291 337 386 371 suum
409 331 559 375 precibus
587 330 834 365 commendaret
855 353 862 363 .
900 328 957 363 Est
979 339 1090 364 autem
1118 330 1234 364 Beatus

289 381 446 422 >Dranlius
465 380 707 428 gloriosissimus
719 378 893 415 confessor
906 402 916 418 ,
942 377 1021 419 qui,
1048 378 1128 414 ficut
1139 380 1235 415 Fran-

289 435 325 469 ci.
359 431 594 478 &Lothatingi
615 429 773 469 credunt,
800 427 955 475 Pugiles‚
982 428 1038 473 qui
1060 429 1100 463 ad
1112 440 1235 463 memo.

290 485 374 520 riam
393 483 461 527 ejus
472 481 661 526 pernoctant
673 503 684 521 ,
710 477 815 514 reddit
827 477 982 513 invistos:
1014 480 1093 515 ut&
1105 479 1145 514 de
1158 479 1237 515 Bur-

288 533 414 580 gundia
433 534 467 569 δε
491 531 586 566 ltalia
607 532 641 564 in
665 529 724 565 tali
747 528 931 564 neceffitate
951 527 1163 573 confugiatur
1195 528 1235 564 ad

287 584 414 629 ipsum.
442 582 573 616 Nam&
593 578 758 618 Robertus
779 578 820 615 de
842 579 997 614 Munfort
1019 578 1051 613 ei
1071 581 1235 625 pernocta»

288 635 336 670 vit
360 631 510 668 adversus
533 631 718 667 Henricum
733 629 773 664 de
794 629 899 664 Esexa
924 621 1155 665 dimicaturus.
1182 629 1234 665 Sic

288 694 368 729 ergo
378 682 532 718 Domino
548 681 688 717 faciente
708 680 817 716 delusa
838 678 882 714 est
897 677 1088 714 sollicitudo
1097 679 1234 725 Episco-

287 744 406 780 porum
416 732 574 778 regalium
587 756 596 765 .
614 731 709 779 -Qia
718 740 791 766 cum
803 728 961 765 venissent
981 727 1212 766 pontiniacum
1228 753 1239 772 ‚

287 783 625 826 Archi-Episcopum
637 807 648 823 ,
676 792 774 823 quem
793 778 1013 823 appellarent,
1026 779 1237 816 non-invene-

285 842 387 875 runt,
411 833 465 868 sed
486 832 626 868 frustrati
647 829 920 875 apropofito‘suo'
937 830 1048 877 reversi
1073 831 1148 865 sunt
1160 840 1234 875 quea

287 883 375 924 ruli,
401 882 490 926 quod
513 884 567 918 sua
591 880 856 926 consumpserant
881 900 893 921 >
922 880 1172 921 laboraverant,
1198 881 1231 915 δι

288 933 358 969 iton
370 934 591 979 profecerant.
824 939 830 953 ³

341 982 444 1019 Archi
457 983 658 1027 -Eptstoput
680 978 779 1023 vero,
804 979 880 1016 cum
901 980 937 1016 in
953 981 1090 1026 profatis
1101 980 1230 1016 Sancioe

286 1032 362 1069 rum
394 1034 561 1069 memoriis
584 1030 695 1067 triduo
713 1032 935 1075 pernoctasset
953 1053 964 1072 ,
995 1031 1052 1068 die
1086 1033 1234 1076 'proxima

285 1083 359 1128 post
379 1084 620 1119 adscensionem
644 1081 752 1118 versus
778 1080 983 1117 vizeliacum
1002 1081 1196 1127 properabat
1223 1103 1234 1120 ,

285 1142 326 1168 ut
348 1132 394 1167 ibi
417 1133 451 1166 in
473 1128 743 1168 diePenteco'stes
759 1131 793 1167 in
814 1130 988 1177 Regem&
1009 1133 1082 1166 suos
1100 1130 1233 1165 anathe-

284 1182 383 1218 matis
402 1183 594 1219 sententiam
614 1183 723 1219 daret.
751 1181 813 1217 Sed
828 1192 909 1216 nutu
929 1181 1063 1217 Divino
1078 1181 1234 1226 contigit,

284 1241 323 1268 ut
344 1233 423 1268 dum
444 1232 521 1269 esset
555 1232 591 1268 in
623 1232 767 1269 Ecclefia
799 1231 977 1277 Reginenfi
995 1256 1007 1273 ‚
1043 1232 1132 1266 sexta
1154 1231 1233 1265 feria

282 1282 466 1329 jam-dieta
502 1279 701 1326 praecedente
735 1282 975 1317 solemnitatem
997 1304 1009 1321 ,
1041 1281 1233 1315 nunciatum

282 1334 321 1369 fit
344 1334 376 1368 ei
400 1333 571 1368 certiffime
595 1333 629 1368 oc
660 1331 819 1366 verissime
838 1355 849 1371 ,
888 1330 979 1377 qu'od
1005 1331 1081 1367 Rex
1103 1329 1235 1375 Angliae

284 1382 468 1429 graviffima
489 1381 657 1419 laborabat
673 1381 887 1423 infirmitate,
913 1392 949 1416 ut
962 1380 1002 1415 ad
1026 1381 1233 1424 colloquium

284 1433 390 1479 Regis
411 1435 612 1468 Francorum
627 1453 647 1473 -,
671 1431 762 1475 quod
793 1431 901 1467 multo
921 1430 1080 1466 defiderio
1100 1431 1135 1466 δε
1169 1441 1236 1464 ma·

284 1484 362 1528 gnis
383 1482 574 1517 muneribus
595 1483 802 1526 expetierat,
838 1480 962 1515 miserit
982 1480 1199 1516 Excusatores
1222 1503 1234 1520 ,

283 1530 488 1568 Richardum
513 1529 750 1567 pictaviensem
764 1553 776 1570 ,
813 1531 847 1565 &
868 1530 911 1566 R.
926 1552 934 1561 .
947 1549 994 1563 .««.
1007 1551 1015 1564 .
1026 1555 1033 1563 .
1046 1555 1053 1563 .
1066 1554 1075 1563 .
1100 1529 1142 1564 de
1162 1530 1235 1564 Hu-

283 1594 381 1624 maz,
409 1583 464 1627 qui
487 1581 573 1618 hanc
595 1582 725 1617 causam
757 1579 908 1616 absentiae
927 1578 996 1623 ejus
1017 1579 1158 1623 prestito
1190 1577 1236 1622 ju·

283 1641 433 1669 ramento
457 1632 609 1668 volebant
633 1631 796 1666 adstruere
814 1650 822 1662 ⁴
860 1629 936 1664 Hac
966 1639 1045 1675 ergo
1068 1628 1198 1664 ratione
1224 1642 1235 1668 ·,

284 1683 362 1719 cum
380 1682 446 1718 hoc
467 1693 522 1725 per
541 1681 714 1716 Nuncium
737 1680 842 1722 Regis
874 1678 1019 1714 Franciae
1043 1679 1236 1714 innotuisset

287 1732 593 1774 Archi-Episcopo
620 1751 631 1767 ‚
656 1730 691 1762 in
714 1727 844 1772 Regem
867 1728 949 1762 ferre
966 1729 1165 1764 'sententiam
1187 1728 1235 1762 di·

284 1782 401 1821 stulit,
425 1781 504 1815 ficut
527 1780 557 1815 ei
579 1777 656 1813 ante
684 1776 892 1812 consuluerat
926 1775 1069 1820 Joannes
1098 1776 1200 1811 vester
1224 1799 1235 1816 ,

287 1833 424 1869 suadens
446 1842 487 1866 ne
506 1829 548 1865 ad
582 1826 813 1872 poenitentiatn
834 1826 1017 1870 properaret
1039 1851 1046 1858 .
1073 1826 1235 1871 Joannem

288 1883 370 1918 vero
391 1883 432 1918 de
441 1877 635 1916 Oxeneford
648 1875 777 1920 publice
787 1875 1000 1911 denunciavit
1009 1873 1237 1911 'excommuni-

289 1939 401 1969 catum
413 1956 425 1972 ,
449 1931 482 1965 &
493 1927 693 1964 authoritate
703 1926 854 1962 Romani
864 1921 1039 1962 pontificis
1049 1932 1238 1961 excommu-

287 1982 439 2022 n'icavit,
467 1988 503 2015 ut
525 1977 628 2013 verbis
648 1977 718 2021 ejus
738 1986 811 2011 utar
824 2000 835 2016 ,
868 1975 911 2011 eo
929 1975 1020 2020 quod
1042 1977 1078 2011 in
1092 1974 1238 2010 ‘haerefim

286 2033 476 2068 damnatam
499 2026 856 2072 inciderit‘praestando
886 2025 1077 2069 Imperatori
1108 2024 1247 2059 sacrista-¹

283 2094 369 2129 gum
390 2083 634 2116 Sacramentum
647 2102 657 2119 ,
681 2077 717 2112 ἀ
739 2075 990 2111 communicarit
1040 2073 1237 2110 Coloniensi

281 2129 519 2170 schismatico,
544 2129 579 2163 dc
597 2126 712 2162 contra
734 2125 924 2162 mandatum
947 2126 1089 2161 Domini
1111 2126 1240 2169 usurpa-

283 2233 402 2268 ‘causa's
423 2230 576 2276 allegavit
595 2227 780 2272 in‘1pulpito
801 2251 813 2267 ,
851 2226 886 2260 in
909 2225 1024 2260 auditu
1046 2226 1199 2259 omnium
1218 2222 1239 2262 ³,

284 2279 576 2330 q‘urtvizeliacum
596 2278 637 2313 de
657 2278 789 2311 diverfis
809 2274 1003 2310 nationibus
1020 2273 1061 2307 ad
1082 2274 1171 2308 diem
1196 2274 1242 2307 fe·

283 2333 645 2367 ssum'2convene‘runt⁴÷
668 2326 800 2360 <ibidem
822 2325 945 2365 etiarn,
969 2323 1119 2368 allegatis
1142 2323 1240 2358 variis

286 2377 403 2418 enatus
427 2379 596 2425 &·justis',
627 2373 933 2412 'excommunicavit
954 2372 1158 2408 Richardum
1189 2372 1249 2416 Pi·-

285 2426 640 2467 AavieMem‘·Archi·⁶
653 2427 845 2462 Diaconum
868 2449 880 2465 ‚
917 2424 950 2459 δε
974 2422 1178 2458 Richardum
1201 2422 1242 2457 de

293 2482 377 2517 Luci
399 2506 409 2522 ,
445 2476 703 2524 yocellnnmvde
729 2474 894 2509 5Baillolio
915 2498 927 2516 ,
963 2472 1177 2516 Radulphum
1201 2471 1241 2507 de

290 2533 400 2572 Broz,
427 2529 610 2575 Hugoner'n
629 2526 808 2561 dest-neto
829 2525 937 2572 clato<
951 2548 963 2566 ,
1000 2524 1036 2559 ἀ
1066 2522 1239 2558 Thomam

292 2583 401 2616 filium
423 2578 602 2619 Bernardi,
636 2577 672 2610 ὅ(
690 2584 805 2609 omnes
829 2575 886 2618 qui
909 2572 951 2608 de
975 2580 1092 2609 eaetero
1114 2574 1148 2607 in
1171 2574 1243 2618 pos-

293 2634 443 2667 sessiones
469 2629 519 2664 vel
542 2628 630 2663 bona
650 2624 895 2660 Cantuarienfis
906 2620 1050 2659 Ecclefiae
1062 2634 1180 2658 manus
1190 2635 1241 2658 ex·

296 2681 481 2721 rettulerint,
511 2689 548 2713 ut
569 2681 616 2712 eis
637 2676 815 2710 abutantur
838 2697 849 2714 ,
880 2684 937 2708 aut
959 2683 1073 2708 eorum
1091 2675 1165 2709 usus
1183 2673 1245 2708 im-

297 2733 452 2779 pediant,
478 2736 618 2774 quorum
630 2725 867 2761 neceffitatibus
877 2726 951 2759 sunt
961 2723 1129 2768 deputati.
1192 2734 1194 2736 ·

348 2784 475 2826 Regem
501 2779 576 2813 vero
597 2803 608 2819 ,
645 2787 742 2819 quem
766 2775 842 2810 ante
862 2785 918 2818 per
941 2774 1063 2809 litteras
1084 2775 1120 2809 δε
1136 2790 1137 2793 “
1153 2773 1246 2808 Nun-

299 2829 568 2869 cios¹secundum
590 2824 730 2873 Regiam
753 2825 949 2869 dignitatem
968 2825 1000 2859 &
1034 2835 1160 2859 morem
1189 2825 1243 2859 Ec-

301 2885 400 2919 clefiae
422 2889 589 2916 vocaverat
612 2878 653 2913 ad
675 2875 925 2912 satisfactionem
950 2899 961 2915 ,
998 2874 1162 2923 publicata
1193 2886 1248 2908 vo-

301 2928 437 2969 catione
459 2926 503 2965 ad'
521 2931 660 2965 studium
683 2925 884 2971 poenitentiae
903 2925 1056 2959 invitavit
1070 2950 1080 2966 ,
1112 2926 1248 2960 commi-

303 2994 383 3018 nans
404 2982 492 3016 sein
524 2988 599 3016 eum
636 2979 778 3012 laturum
810 2974 1004 3009 sententiam
1034 2974 1251 3010 anathematis

305 3034 341 3067 in
365 3033 475 3073 brevi,
503 3032 537 3065 ni
560 3027 722 3073 resipuerit
739 3052 751 3069 ,
766 3026 811 3060 ·&
827 3024 875 3059 -de
894 3025 995 3058 tantis
1016 3026 1168 3061 adversus
1188 3025 1250 3061 Ec-

306 3074 434 3119 clesiam
454 3081 550 3114 *Aulis
563 3078 767 3122 satisfecerit.
794 3072 898 3122 Qod
923 3084 1033 3108 tamen
1052 3087 1120 3109 non
1134 3077 1191 3110 nili
1206 3078 1256 3110 in·

292 3125 397 3169 ‘vitus
416 3132 513 3165 faciet
525 3155 532 3162 .
557 3130 630 3163 Nec
650 3128 731 3162 novi
750 3126 894 3169 aliquem
913 3123 1167 3159 domesticorum
1182 3127 1252 3160 sno·

306 3188 403 3223 rum,
425 3181 484 3225 qui
503 3178 544 3214 ad
567 3179 726 3212 lationem
749 3175 845 3219 hujus
866 3174 1030 3209 sententiae
1051 3185 1172 3217 pronus
1192 3177 1249 3209 fit.

307 3233 462 3270 Praeterea
486 3230 639 3273 scriptum
661 3227 767 3267 illud,
794 3226 828 3259 in
851 3235 922 3268 quov
941 3225 1157 3258 continentur
1188 3237 1254 3269 pra-

868 92 899 133 ‘2
951 90 1047 143 -fE
1081 91 1118 142 P
1152 90 1174 142 1
1206 88 1321 143 5212
1345 88 1625 144 011AE3‘,
1659 102 1686 117 ·’

1293 189 1363 214 tur.
1391 181 1435 216 Et
1457 176 1655 215 nominatim
1675 176 1716 213 de
1734 176 1872 213 confilio
1893 179 2054 219 Remum
2083 182 2242 219 Ecclesia·

1295 228 1359 265 haec
1379 230 1568 275 capitulain
1589 229 1702 274 primis
1723 228 1876 263 damnata
1889 229 1984 265 sunt:

1345 280 1447 329 Qiod
1491 288 1561 331 non
1597 280 1693 314 liceat
1737 279 1903 323 Episcopo
1952 285 2236 319 excommunicare

1295 331 1438 377 aliquem
1473 353 1484 371 ‚
1520 330 1578 376 qui
1608 328 1649 365 de
1693 326 1809 374 Rege'
1834 338 1942 365 teneat
1976 353 1989 372 ,
2022 332 2086 368 fine
2104 334 2238 370 licentia

1298 381 1400 427 Regis
1416 398 1424 412 -·
2096 387 2099 389 ’

1343 431 1447 482 Qod
1468 442 1537 467 non
1560 430 1655 466 liceat
1675 430 1844 475 Episcopo
1854 441 2003 466 coercere
2025 431 2168 477 aliquem
2177 434 2237 470 Pa·

1297 481 1528 517 rochianorum
1551 480 1693 517 suorum·
1705 491 1764 525 pro
1774 481 1915 525 perjurio
1925 481 1976 516 vel
1988 481 2055 517 fide
2074 482 2163 518 laesa.

1316 539 1317 542 ’
1345 531 1449 577 Quod
1460 532 1501 566 ad
1514 532 1671 567 saecularia
1682 531 1804 575 judicia
1815 529 1984 567 trahantur
1994 532 2116 567 Clerici
2127 557 2137 566 .

1300 581 1302 585 '
1348 581 1451 630 Qod
1474 583 1587 624 Laici,
1614 583 1677 616 five
1689 582 1763 617 Rex
1774 582 1837 617 sive
1846 581 1925 626 alii,
1950 580 2109 618 c'ausasde
2129 582 2241 618 Eccle-

1297 632 1359 666 fiis·
1368 632 1400 667 δε
1413 632 1562 668 Decimis
1577 634 1712 668 trae'tent
1722 657 1730 665 .
2185 645 2187 648 ’

1349 682 1451 730 Quod
1474 693 1543 718 non
1564 683 1745 728 appelletur
1765 694 1825 727 pto
1837 684 1941 718 caussa
1952 683 2061 728 aliqua
2072 682 2239 719 adsedem

1301 731 1548 776 A'postolicam,
1573 733 1632 768 nifi
1644 733 1747 779 Regis
1768 734 1807 768 δέ·
1822 734 2015 770 officialium
2036 734 2168 769 suorum
2191 745 2245 769 ve-

1301 794 1353 817 nta
1377 791 1568 826 impetrata.
1632 799 1634 801 v
2192 800 2201 804 ‚„

1347 832 1448 879 Qod
1459 845 1527 876 non
1538 834 1634 880 liceat
1647 834 1752 871 Archi
1764 853 1774 862 -
1786 834 1974 879 Episcopo,
1999 834 2050 869 vel
2063 833 2241 879 Episcopo,

1299 881 1348 917 vel
1365 883 1420 918 alii
1431 884 1569 928 personat
1581 885 1964 922 venireadvocation‘em
1984 886 2127 922 Domini
2148 883 2242 929 Papae

1297 932 1560 978 absquelicenria
1571 935 1694 980 Regis.
1841 941 1859 944 “
1938 940 1941 944 ’
1992 974 1995 978 4

1310 991 1311 994 ’
1336 980 1428 1018 ³Alia
1449 994 1583 1029 quoque
1601 985 1636 1019 in
1660 984 1752 1020 hunc
1762 984 1920 1032 modum,
1943 996 2014 1029 quat
2033 985 2169 1021 Divinis
2180 986 2241 1020 Le-

1297 1031 1393 1079 gibus
1416 1033 1451 1068 &
1483 1034 1746 1070 institutionibus
1769 1035 1959 1069 Sanssorurn
1993 1035 2126 1070 Panum
2146 1036 2241 1070 inve·

1298 1084 1437 1117 niuntur
1459 1083 1609 1118 adversa.
1638 1084 1822 1128 Episcopos·
1841 1083 1917 1117 vero
1932 1086 2049 1118 omnes
2069 1084 2209 1119 absolvit
2221 1085 2242 1119 a

1297 1133 1527 1178 promiffione,
1553 1135 1651 1180 quam
1673 1133 1715 1169 de
1737 1135 1856 1177 scripto
1872 1132 1938 1167 'ill'o
1949 1133 2155 1169 obser-vando
2164 1142 2245 1169 con-

1297 1185 1344 1218 tra
1361 1183 1604 1218 institutionem
1617 1184 1873 1219 Ecclefiasticam
1883 1182 2026 1218 fecerant
2039 1209 2046 1216 .

1310 1272 1314 1274 ,
1334 1234 1426 1268 'Hoc
1451 1234 1551 1268 etiam
1574 1246 1629 1278 per
1650 1235 1772 1269 litteras
1794 1236 1864 1269 suas
1886 1234 2010 1268 Archi·
2027 1233 2243 1277 Episcopis&

1298 1283 1466 1328 Episcopis
1497 1283 1713 1319 denunciavit
1736 1309 1747 1326 ,
1792 1284 1872 1317 ficut
1889 1285 1918 1317 ei
1936 1283 1978 1317 ab
2012 1284 2158 1318 Ecclefia·
2175 1284 2244 1317 Ro

1295 1337 1393 1368 'mana
1412 1332 1598 1367 consultum
1622 1334 1741 1369 fuerat·
1766 1334 1849 1368 Haec
1871 1333 2004 1377 quidem
2030 1335 2163 1369 interim
2174 1333 2246 1379 gesi-

1297 1384 1347 1418 fitss
1359 1382 1464 1418 Archi
1475 1400 1488 1407 -
1501 1384 1699 1429 Episcopus.
1979 1404 1982 1406 v

1294 1445 1300 1450 ²
1329 1433 1392 1468 'Et
1415 1433 1509 1474 Rex,
1533 1434 1624 1477 quod
1646 1434 1688 1469 ad
1710 1433 1846 1469 vestram
1861 1434 2018 1469 notitiam
2039 1434 2245 1469 venissenon

1297 1482 1434 1527 ambigo
1458 1508 1470 1523 ,
1495 1483 1601 1518 virum
1625 1483 1752 1519 bonum
1783 1477 1974 1530 magistrum
1997 1484 2035 1518 G
2042 1507 2174 1517 .......
2200 1482 2243 1517 de

1298 1532 1406 1567 insula
1433 1533 1518 1567 milit
1539 1533 1575 1568 in
1596 1533 1757 1579 Angliam
1789 1537 1866 1569 cum'
1889 1532 2004 1569 litteris
2025 1533 2045 1567 ὲ
2072 1533 2246 1578 colloquio

1275 1594 1277 1598 ’
1299 1579 1513 1623 Chiconensi,
1541 1592 1578 1617 ut
1599 1582 1883 1629 Insulanossuper
1906 1585 1992 1619 ‘fasta
2021 1583 2244 1628 appellatione

1300 1632 1507 1678 praemunim
1519 1656 1529 1672 ,
1553 1632 1588 1666 dc
1601 1630 1772 1676 portus&
1791 1634 1945 1668 t'tanfitns
1966 1634 2084 1677 faceret
2099 1633 2248 1678 diligen-

1299 1682 1363 1717 tius
1385 1681 1547 1727 observari
1567 1706 1579 1723 ,
1617 1680 1808 1728 &JCfetum
1837 1681 1878 1716 ab
1901 1681 2093 1727 ob'edien'do
2122 1681 2250 1725 iiim

1276 1738 1279 1741 '
1299 1732 1411 1771 deret,
1438 1731 1648 1766 cnm-tamen
1668 1729 1832 1766 ‘nondum
1854 1733 1937 1767 fafia
1966 1732 2003 1766 sit
2032 1731 2215 1776 appellatio·
2233 1732 2246 1771 ἑ

1275 1781 1332 1828 ιότ.
1357 1778 1672 1823 Archi-Episcopus
1696 1781 1791 1824 poffit
1813 1781 2078 1828 facilejvinveniriss
2105 1781 2178 1830 Nec
2189 1778 2249 1815 du*

1299 1828 1371 1870 bi't'o
1394 1852 1406 1869 ‚
1442 1828 1709 1873 quin‘praedieto
1735 1829 1767 1863 G
1781 1854 1923 1864 ........
1952 1827 2158 1865 machinatio
2189 1830 2248 1865 issa
2316 1854 2322 1857 ,

1300 1878 1469 1922 displiceat
1491 1889 1568 1913 cum
1585 1878 1747 1927 ¹omnibus
1768 1890 1837 1924 quae
1866 1881 2103 1923 praesumuntur
2133 1880 2248 1914 adverb

1275 1941 1278 1946 ·
1299 1928 1361 1963 sus·
1383 1929 1595 1970 Ecclesiam,
1630 1929 1792 1973 ‘q'uo't'r'iam
1815 1930 2046 1968 Deum‘timet
2070 1955 2077 1963 .
2114 1929 2250 1964 Accivit

1277 2012 1279 2017 ,
1301 1980 1401 2022 etiam
1426 1979 1467 2012 ad
1490 1979 1521 2012 se
1543 1978 1618 2013 Rex
1630 1979 1820 2014 Dominum
1839 1979 2096 2021 Cicestrensem,
2121 1978 2251 2015 &alios

1303 2026 1519 2072 per'quorum
1544 2027 1748 2071 prudentiam
1779 2030 1883 2066 credit
1909 2031 2069 2066 malitiam
2100 2031 2149 2065 sui
2170 2041 2251 2064 con-

1302 2077 1363 2112 silii
1386 2075 1538 2112 adversus
1561 2079 1673 2113 Deum
1693 2079 1781 2123 posse
1804 2080 1921 2114 armari
1941 2105 1948 2113 .
1976 2080 2039 2116 Sed
2063 2079 2210 2126 profe&o
2232 2103 2247 2132 ,

1276 2147 1280 2174 ,³
1302 2128 1325 2161 fi
1347 2129 1514 2171 saperent,
1540 2128 1590 2163 vel
1609 2128 1669 2163 fibi
1689 2130 1724 2165 dc
1748 2130 1812 2164 suis
1843 2140 2009 2174 parcerent
2030 2130 2070 2164 in'
2091 2128 2155 2166 hac
2177 2137 2250 2165 cati·

286 2183 345 2218 rit-¹
359 2178 572 2216 ›Decanatum
591 2176 835 2212 saresberiensis
847 2174 1013 2211 Eccleliae.
1041 2176 1113 2210 Has
1125 2184 1235 2209 autom
1276 2185 1278 2187 '

1302 2178 1541 2222 fa,²quoniam
1565 2188 1661 2222 poena
1673 2180 1834 2215 reversura
1844 2178 1890 2216 est
1904 2179 1962 2215 ista
1975 2179 2011 2216 in
2029 2191 2067 2216 ca
2091 2188 2128 2214 nt
2146 2181 2251 2215 suum.

1303 2227 1359 2261 De¹
1380 2238 1493 2263 caetero
1514 2228 1685 2264 Dominus
1706 2230 1794 2273 Papa
1816 2231 1851 2264 in
1882 2229 1982 2265 Urbe
2013 2191 2248 2275 progperatur‘:

1304 2277 1470 2312 Cremona
1488 2284 1607 2313 contra
1628 2279 1885 2316 Thentonicum
1906 2291 1983 2315 cum
2014 2278 2088 2315 aliis
2108 2280 2185 2315 osto
2205 2279 2252 2315 ci-

1303 2327 1459 2361 vitatibus
1481 2338 1540 2370 pro
1574 2339 1665 2375 certo
1698 2330 1820 2365 dicitur
1849 2329 2002 2364 rebellare
2022 2355 2030 2363 .
2068 2330 2251 2374 Episcopus

1303 2377 1516 2411 Tusculanus
1537 2378 1572 2411 ὅ(
1592 2377 1803 2412 Humbaldus
1841 2378 2027 2412 Cardinalis
2045 2377 2134 2414 diem
2159 2380 2249 2414 obie-

1304 2436 1398 2462 runt.
1425 2426 1523 2462 Obiit
1544 2427 1665 2470 quippe
1685 2427 1897 2464 VV'ilhelmus
1920 2428 1995 2462 Rex
2017 2427 2168 2469 Siculus,
2194 2428 2250 2463 cui

1306 2477 1520 2511 successerunt
1541 2476 1600 2510 filii
1625 2477 1695 2516 sui,
1722 2478 1803 2512 alter
1821 2477 1857 2510 in
1881 2477 2038 2522 Regnum
2058 2499 2069 2517 ‚
2106 2478 2189 2512 alter
2211 2478 2248 2512 in

1304 2528 1473 2562 Ducatum
1506 2526 1634 2570 Apuliae
1652 2550 1661 2560 .
1696 2526 1739 2561 Et
1761 2526 1795 2561 in
1819 2528 1973 2561 extremis
1992 2538 2093 2572 agens
2114 2526 2253 2571 quadra·

1303 2576 1398 2623 ginta
1419 2576 1525 2611 millia
1546 2577 1763 2613 sterlinorum
1792 2576 1913 2622 Joanni
1936 2576 2165 2620 Neapolitano
2191 2585 2254 2611 tre·

1305 2624 1439 2672 difecit
1468 2626 1510 2661 ad
1533 2627 1625 2661 usum
1650 2627 1790 2660 Domini
1825 2625 1921 2670 Papae
1941 2651 1949 2660 .
1987 2626 2091 2660 Filius
2118 2636 2251 2671 quoque

1281 2696 1283 2698 >
1306 2677 1398 2721 ejus,
1420 2678 1481 2721 ‘qui
1504 2677 1535 2710 ei
1556 2676 1700 2711 succeffit
1720 2678 1753 2710 in
1779 2676 1956 2721 Regnum,
1994 2674 2135 2719 totidem
2157 2672 2251 2712 milit.

1309 2727 1383 2762 Rex
1404 2727 1548 2761 Franciae
1567 2726 1792 2762 Cantuarienfi
1822 2724 2129 2771 Archi-Episcopo,
2146 2736 2252 2771 patro·

1308 2777 1438 2812 cinatut
1470 2778 1504 2811 in
1535 2776 1694 2812 omnibus
1715 2801 1727 2820 ‚
1770 2777 1804 2811 δε
1833 2786 1908 2810 eum
1939 2777 2045 2822 magis
2075 2787 2252 2812 veneratur

1309 2828 1405 2873 quam
1429 2828 1560 2862 fratrem
1582 2853 1589 2860 .
1628 2826 1715 2874 Qae
1733 2836 1842 2860 autem
1868 2825 1951 2859 circa
1974 2825 2162 2872 Anglorum
2186 2827 2254 2861 Cu-

1311 2878 1392 2913 riam
1418 2877 1618 2912 innovantur
1642 2900 1654 2917 ,
1687 2876 1743 2910 ubi
1767 2886 1871 2909 rerum
1902 2875 2018 2910 crebrae
2053 2877 2252 2911 mutationes

1311 2928 1408 2969 sunt,
1433 2926 1528 2961 vobis
1549 2927 1677 2962 notiora
1694 2927 1758 2959 effe
1787 2925 1927 2970 arbitror
1948 2950 1959 2965 ,
1997 2925 2095 2969 quam
2122 2915 2251 2961 nobis&

1312 2978 1435 3023 Vi'geat
1457 2978 1491 3012 δε
1525 2978 1724 3021 prosperetur
1744 2975 1779 3009 in
1814 2975 1968 3010 Domino
1998 2975 2181 3011 Paternitas
2202 2986 2252 3011 ve*

1313 3029 1397 3069 stra,
1415 3027 1457 3068 ,ἀ
1481 3039 1542 3062 nos
1562 3027 1753 3062 sanctorum
1774 3025 1924 3069 precibus
1937 3026 2061 3060 studeat
2085 3036 2252 3061 commen·

1313 3079 1389 3114 dare
1411 3102 1422 3119 ‚
1459 3088 1497 3111 ut
1531 3088 1593 3112 nos
1611 3074 1823 3111 consolentur
1844 3075 1879 3110 in
1912 3076 2007 3111 omni
2040 3076 2253 3112 tribulatione

1317 3128 1425 3163 nostra
1447 3150 1455 3159 .
1493 3127 1705 3162 Reverternur
1721 3134 1832 3160 autem
1852 3150 1863 3167 ,
1899 3137 1976 3160 cum
2009 3125 2164 3170 placuerit
2183 3125 2214 3160 ei
2241 3149 2253 3167 ,

1317 3178 1374 3224 qui
1394 3186 1454 3211 nos
1488 3176 1671 3223 segregavit
1693 3174 1735 3210 ad
1767 3175 1986 3217 exulandum,
2013 3177 2047 3210 ὅτ
2069 3187 2126 3220 pro
2148 3186 2217 3220 quo
2242 3199 2255 3215 ,

1317 3230 1476 3275 quatenus
1496 3228 1527 3261 ei
1548 3225 1787 3270 beneplacitum
1807 3227 1925 3266 fuerit,
1950 3225 2120 3260 voluntate
2149 3236 2256 3269 prom·

311 3279 715 3324 vitatesssmalignantium
747 3274 895 3310 adversus
909 3274 1090 3308 Ecclefiam
1126 3298 1138 3314 ,
1176 3271 1271 3332 quas]

312 3336 413 3367 avitas
433 3329 686 3366 consuetudines
719 3326 834 3360 dicunt
859 3348 870 3365 ,
897 3323 1030 3368 publice·
1057 3324 1271 3359 condemna-¹

314 3384 387 3420 vit,
412 3383 527 3415 omne's
552 3373 964 3423 innodans‘anath'ematis
988 3375 1151 3415 vinculo,
1188 3376 1257 3419 qui-

293 3437 456 3476 -cumque
476 3431 515 3465 de
529 3422 650 3465 ‘caetero
679 3424 877 3464 authoritate
899 3424 999 3461 illius·
1018 3425 1133 3470 'scripti
1169 3434 1259 3460 uten-

361 3498 363 3500 .
400 3492 414 3500 υ
634 3496 638 3498 μ
701 3487 730 3499 ΓΛ

1320 3277 1456 3324 priflima
1466 3275 1665 3311 decrevimus
1677 3276 1806 3318 exulare
1816 3300 1827 3316 ,
1838 3277 1872 3310 ἀ
1882 3275 2011 3311 adversa
2025 3276 2089 3319 pati
2102 3286 2173 3320 quae
2198 3274 2256 3318 jus·

1320 3329 1415 3367 serit,
1439 3327 1520 3361 &ad
1533 3338 1603 3371 quae
1615 3326 1801 3370 perferenda
1824 3325 2022 3361 roboraverit
2046 3326 2189 3359 nostram
2211 3325 2259 3357 in·

1321 3378 1505 3424 firmitatem
1521 3402 1530 3409 .
1555 3377 1761 3411 Detutinam
1773 3377 1826 3411 sua
1840 3375 1944 3421 gratia
1959 3375 2151 3419 patientiam
2164 3398 2176 3415 ‚
2201 3373 2258 3416 qui

1323 3428 1469 3474 indignis
1482 3438 1541 3474 pro
1562 3429 1593 3463 se
1611 3426 1760 3471 patiendi
1777 3425 1920 3464 contulit
1944 3425 2167 3506 voluntatemi
2195 3421 2261 3467 Va-

2136 3480 2138 3486 ¹
2170 3479 2226 3507 eae
