2358 3776
359 152 423 199 54
810 130 1665 181 DEGESTIS

286 221 377 256 :filios
399 215 597 263 potissimum
616 215 660 251 de
672 214 904 261 Primo'genito
922 217 1021 260 ipsius
1040 216 1190 253 Henr'ico
1203 240 1218 256 ,e
1241 232 1245 268 3

281 283 380 316 quem
392 279 455 311 91·ae
463 268 584 302 caeteris
593 265 752 312 diligebat
767 291 778 307 ‚
802 265 885 301 &de
894 265 1041 308 quodam
1057 267 1150 302 alio.
1176 267 1216 301 ln
1242 312 1243 315 Ἴ

279 322 452 359 crastino,¹
470 317 552 352 ficut
568 317 726 352 referebat
736 341 748 357 ,
774 318 807 351 se
818 327 877 360 pro
886 324 978 350 cer-to
1001 317 1085 351 scire
1096 319 1216 353 nescie-

278 371 334 406 bat
345 394 360 410 ,
380 368 424 404 de
431 368 653 412 quoaliorum
666 367 838 411 cogitaffet
849 375 930 401 tunc
939 391 951 407 ,
973 377 1015 400 an
1028 365 1070 401 de
1081 368 1217 403 Richar-

274 419 326 459 ὼ
342 430 424 454 tunc
444 418 583 453 Contine
594 418 802 451 Pistavorum
814 440 825 457 ,
851 428 892 451 an
925 416 1133 453 deGalfrido
1150 418 1216 452 Bri-

274 470 405 505 ·tanniae·
421 469 578 504 Comite.
604 467 693 501 Cum
713 467 818 511 igitur
836 466 881 501 de
900 466 993 511 Rege
1006 477 1096 510 patre
1117 469 1152 503 &
1175 469 1216 503 de

279 520 357 554 filiis
379 521 544 565 cogitaret-
566 518 607 551 fic
629 542 641 558 ,
667 516 866 552 desiderabat
885 517 966 551 scire
992 540 1003 556 ‚
1029 517 1109 562 quid
1130 520 1216 553 futu·

274 579 347 604 rum
367 572 446 604 esset
462 569 506 604 de
531 566 603 606 his,
626 566 783 612 &quales
801 569 886 602 circa
907 566 973 602 hos
989 567 1216 611 dispositiones

276 619 455 655 A'ltiffimi.
485 619 528 652 Et
544 618 622 652 cum
644 618 839 662 aliquandiu
858 618 1021 662 cogitaret
1043 618 1083 653 sic
1097 618 1215 654 defide-

274 681 373 711 rans,
399 670 484 704 inter
508 669 726 714 cogitandum
749 667 815 703 haec
826 669 929 710 coepit
952 669 1041 712 quafi
1054 668 1215 704 dormita-

274 731 333 754 re.
362 721 406 754 Et
417 730 494 754 ecce
506 719 588 753 facta
596 719 643 753 est
658 719 699 753 ad
710 730 786 753 eum
800 728 891 757 vox,
916 729 972 761 per
983 717 1087 762 ipsam
1099 731 1213 754 vocem

276 772 368 804 versu
392 770 535 814 quodam
557 768 750 804 hexametro
764 767 998 811 fibiexpreffo
1028 769 1150 804 Versus
1160 782 1214 805 au

274 830 344 855 tem
363 819 418 853 hic
429 830 518 854 erat.-
546 823 629 852 Mors
640 820 711 852 tulit
735 830 798 852 una
809 820 900 859 duos,
925 821 999 852 tulit
1018 821 1135 861 aima,
1159 818 1221 864 sed

273 872 355 904 mule
368 873 511 904 Patrem.
537 870 612 904 Nec
624 869 796 903 arbitretur
810 870 887 913 quis·
896 870 1025 904 versum
1037 869 1128 905 hunc
1138 881 1215 914 qua

274 920 331 953 sia
339 921 538 955 dormitante
549 920 660 963 aliquo
671 921 746 953 casu
759 919 994 963 compositum,
1006 930 1104 964 quem
1115 921 1221 955 etiam»
1240 945 1242 951 .

273 970 453 1015 vigilanter
473 970 617 1015 vigilans
637 980 705 1003 non
729 979 946 1013 componeret
966 996 978 1012 ,
1006 980 1045 1005 ut
1066 970 1144 1015 pote
1156 971 1214 1015 qui

276 1020 504 1060 versificandi,
531 1031 592 1054 nec
612 1020 713 1053 etiam
734 1019 793 1054 sub
817 1018 957 1056 scholari
976 1021 1149 1065 disciplina
1172 1032 1216 1055 ar·
1240 1021 1243 1034 ¹

272 1071 503 1114 temtetigerat
513 1069 587 1104 vel
578 1081 612 1103 m
629 1069 782 1104 modico.
811 1069 954 1105 Versum
977 1070 1055 1105 vero
1065 1070 1215 1106 auditum
1239 1084 1242 1107 ς
1268 1084 1270 1090 “

272 1119 316 1155 fic
336 1119 401 1153 suis
424 1120 460 1152 in
470 1119 613 1153 crastino
623 1120 755 1160 retulit,
782 1120 1060 1165 &gemebundus
1077 1122 1213 1164 adjecit:
1239 1109 1242 1170 i

276 1169 372 1203 Proh.
400 1171 503 1209 dolor,
531 1174 676 1203 Henricus
700 1170 811 1211 noster,
839 1174 1005 1213 antequam
1026 1172 1082 1205 ulli
1095 1171 1216 1213 fratres

265 1217 344 1273 ρει,
371 1222 528 1254 morietur!
557 1220 602 1253 Et
615 1219 729 1253 verein
743 1230 849 1254 morte
862 1221 1025 1260 Henrici,
1043 1220 1140 1279 proh!
1159 1221 1217 1256 do

1271 215 1363 259 qued
1382 217 1461 252 curn
1481 217 1518 251 'in
1532 218 1646 253 saeculo
1668 216 1781 263 magni
1800 218 1835 252 ὅ(
1854 221 2002 263 generosi
2011 222 2141 257 fuifl‘ent
2164 226 2208 259 sa-

1277 265 1388 312 crilegi
1399 267 1572 303 Occisores
1588 268 1634 309 ii,
1659 269 1693 303 &
1704 268 1886 302 multarum
1908 270 2134 312 poss'effionum
2147 273 2208 309 do·

1278 315 1379 358 mini,
1390 317 1659 360 militesstrenui,
1680 319 1759 354 &in
1771 317 1896 352 militiae
1908 328 1976 352 arte
1984 319 2113 363 edoffl,
2124 321 2159 358 δι
2171 325 2215 359 in

1276 377 1366 401 aetate
1388 368 1443 403 sua
1463 368 1662 410 robustiori,
1685 369 1755 404 citd
1766 378 1873 403 tamen
1885 368 1962 413 post
1968 379 2130 413 patratum
2147 373 2209 408 fla—

1277 416 1420 461 gitium,
1441 419 1558 454 relistis
1569 418 1748 460 omnibus,
1769 416 2036 462 Hierosolymam
2049 422 2206 465 profesti,

1279 464 1439 510 publicam
1450 479 1590 515 egerunt
1603 469 1950 518 poenitentiam.Q1i
1969 479 2079 505 tamen
2090 482 2208 509 omnen

1268 520 1365 554 ,infra
1381 519 1561 554 triennium
1586 519 1607 553 ὲ
1621 525 1748 578 patrato
1773 520 1964 566 sacrilegio,
1991 519 2084 556 rebus
2096 520 2210 557 huma·-

1278 570 1330 604 nis
1339 571 1412 605 sunt
1428 571 1594 614 exempti,
1616 570 1655 604 in
1669 581 1742 605 vera
1761 571 1795 605 δε
1806 570 1965 605 fructuosa
1976 594 1987 611 ,
2011 570 2092 606 ficut
2105 570 2209 606 credi-

1277 628 1352 661 tu‘r,
1376 620 1481 664 &qui
1494 621 1661 664 praesentes
1686 621 1817 655 fuerunt
1835 620 2077 661 contestantur,
2104 622 2209 665 poeni-

1277 670 1381 706 tentia
1403 681 1462 713 pro
1473 680 1578 704 errore
1589 667 1664 704 fasti
1683 670 1718 705 ἀ
1728 671 1854 707 sceleris
1865 671 2069 706 immanitate
2081 696 2092 713 ,
2118 671 2214 716 quo&

1278 722 1401 764 semper
1410 720 1445 754 ἀ
1456 719 1491 754 in
1503 721 1570 755 vita
1579 721 1613 755 δι
1623 719 1658 754 in
1669 722 1783 756 mortis
1794 721 1996 765 suenticulo
2006 731 2082 756 ante
2093 723 2219 758 oculoss

1279 769 1449 814 suosquasi
1459 771 1632 814 appensum
1642 781 1808 806 cernentes
1820 771 2050 815 ponderabantz
2057 781 2130 807 toto
2140 783 2213 807 cor·-

1268 832 1353 865 'pore
1365 821 1485 865 semper
1505 821 1597 864 quasi·
1615 822 1775 863 attoniti,
1794 822 1916 867 stupidi
1928 846 1940 863 ,
1962 822 2154 864 dilacerati,
2177 823 2214 857 δε

1277 870 1418 906 convulsi
1430 894 1441 910 ,
1467 869 1510 905 ab
1530 870 1589 905 illo
1608 872 1731 916 semper
1751 882 1962 916 peccatorum
1986 883 2130 918 patrono
2147 873 2212 916 spe-

1276 922 1402 956 cialiter
1411 921 1445 955 &
1456 919 1651 956 incessanter
1662 947 1672 964 ,
1681 922 1762 957 &in
1772 923 1837 956 vita
1847 923 1882 957 ὅ(
1894 923 1928 956 in
1942 923 2059 958 mortis
2070 922 2216 957 articulo

1280 971 1497 1016 supplicantes
1519 972 1673 1013 veniam,
1698 973 1732 1006 δε
1756 972 1949 1007 invocantes
1968 973 2215 1017 patrocinium,

1278 1022 1312 1057 in
1321 1031 1419 1065 quem
1431 1029 1560 1055 tantum
1581 1021 1775 1056 admiserant
1788 1021 1992 1068 sacrilegium
2002 1048 2010 1056 .

1327 1071 1460 1106 Horum
1471 1080 1579 1106 tamen
1593 1081 1678 1105 unus
1697 1069 1906 1116 quorundam
1917 1082 2090 1116 pravorum
2111 1071 2218 1107 confi-

1278 1122 1330 1158 liis
1340 1132 1446 1156 motas
1459 1120 1574 1156 itt-dies
1585 1123 1715 1155 nectens
1725 1146 1735 1163 ,
1761 1133 1822 1156 nec
1830 1122 1928 1166 quam
1937 1121 2009 1156 cite
2020 1122 2218 1157 alii-Hiero-

1239 1196 1242 1221 ς
1279 1172 1514 1216 solymitanum
1526 1170 1586 1206 iter
1598 1171 1865 1215 arripiens,etiam
1876 1170 2057 1207 cismarinis
2070 1171 2110 1205 in
2118 1171 2220 1215 parti*

1240 1228 1242 1263 ξ
1280 1217 1495 1257 bus‘aeiurum
1514 1221 1545 1255 se
1580 1221 1808 1265 poenitentiam
1831 1224 1958 1266 sperans
1972 1246 1983 1262 ,
2007 1221 2133 1257 cumin
2152 1221 2217 1255 Re-

265 1264 348 1309 lor,
368 1270 499 1303 &unus
512 1269 631 1309 dolor,
655 1267 893 1304 Archi-Praesul
916 1272 1066 1306 vaticinii
1090 1272 1137 1306 sui
1152 1272 1219 1306 fine
1239 1269 1242 1311 ξ
1279 1283 1349 1318 gno
1358 1272 1479 1317 Regis,
1492 1271 1615 1306 scilicet
1626 1271 1714 1316 apud·
1724 1272 1904 1316 praeclaram
1920 1271 2124 1311 Civitatem,
2145 1282 2218 1315 qum

275 1320 375 1354 nimis
389 1329 480 1353 verus
501 1317 670 1362 Propheta
687 1319 844 1364 probatus
865 1320 926 1355 est.
952 1320 1076 1357 Pariter
1094 1322 1128 1356 &
1141 1322 1219 1356 Gal·-
1239 1317 1242 1349 Ῑ
1280 1322 1442 1358 Tusentia
1453 1321 1576 1356 dicitur
1588 1345 1600 1362 ,
1612 1322 1647 1356 in
1658 1322 1883 1357 infirmitatem
1891 1321 2092 1356 decubuisset
2106 1330 2219 1355 extre·-

277 1370 349 1404 fridi
370 1380 480 1404 morte
490 1368 755 1404 A-rchi-Praesulis
781 1370 982 1408 vaticinium>
1000 1372 1218 1416 adimpletum
1239 1369 1242 1414 Ῐ
1281 1383 1392 1414 maru,
1418 1371 1550 1407 infirmo
1561 1380 1642 1407 mox
1661 1382 1739 1407 ante
1759 1382 1900 1407 mortem
1921 1372 2022 1407 etiam
2051 1378 2221 1414 coeperu-nt

274 1420 342 1454 est.
369 1419 448 1453 Post
459 1420 602 1454 Henrici
614 1430 720 1456 morte
731 1420 878 1465 quinto,
903 1421 1039 1457 sextove
1060 1434 1149 1458 anno
1163 1434 1218 1457 an·
1239 1420 1241 1430 “
1281 1423 1428 1467 corporis
1443 1421 1591 1457 membra·
1609 1423 1891 1467 computrescere,
1916 1422 1964 1457 ita
1985 1431 2024 1457 ut
2046 1429 2125 1456 eum
2147 1419 2223 1455 rahe

276 1479 310 1503 te
324 1469 453 1503 Patrem
477 1481 610 1504 mortuo
632 1468 699 1505 hoc
718 1470 824 1505 &illo
834 1471 897 1506 sic.
926 1473 971 1508 Et
983 1471 1075 1517 quod
1098 1473 1221 1509 accidit

275 1518 439 1552 miraculo
462 1518 656 1552 vaticinium
681 1520 753 1563 plus
772 1522 1018 1558 commendas:
1046 1526 1129 1559 Mors
1148 1524 1221 1557 eum

277 1580 338 1603 una
352 1569 444 1601 duos.
473 1565 563 1601 Vere
581 1577 649 1600 una
671 1577 782 1608 mors,
807 1571 886 1612 quia
899 1572 1014 1607 eadem
1026 1573 1143 1607 mortis
1154 1575 1220 1631 spe-
1240 1598 1241 1603 ,

275 1619 361 1658 cies,
386 1616 547 1652 ambobus
569 1616 723 1652 fratribus
740 1616 792 1652 his
804 1620 982 1666 morbody
983 1623 1181 1657 ffenoerico·
1172 1635 1220 1657 m-

274 1668 458 1712 teremptis.
488 1666 578 1701 Bene
587 1666 721 1708 quidem
739 1667 892 1703 &fincte
912 1633 982 1704 dey
981 1672 1095 1706 medio
1116 1672 1220 1707 subla-

276 1721 342 1760 tis,
368 1727 406 1753 ut
423 1717 480 1762 qui
501 1717 719 1752 interfuerunt
739 1741 752 1758 ,
782 1716 889 1751 testati
910 1719 1006 1753 sunt.
1034 1721 1091 1753 De
1114 1720 1224 1754 Patris

279 1768 360 1804 vero
370 1778 478 1804 morte
488 1792 499 1809 ,
508 1767 550 1803 de
561 1778 624 1811 qua
633 1767 736 1812 etiam
746 1766 913 1810 praedictus
924 1770 1034 1804 versus
1045 1768 1223 1804 vaticinari

278 1820 366 1854 visus
381 1820 449 1860 est,
475 1817 713 1863 supersedemus
730 1816 859 1860 dicere,
885 1820 1048 1862 quoniam
1065 1819 1133 1856 fere
1155 1818 1225 1853 toti·

280 1869 414 1904 Mundo
434 1869 535 1903 nimis
554 1878 632 1904 nota
643 1867 691 1903 est
703 1892 714 1909 ‚
737 1868 854 1902 &eam
879 1868 1085 1915 legentibus,
1109 1870 1225 1904 &mv

280 1921 373 1956 xime
389 1930 461 1954 eam
481 1918 659 1954 scientibus
681 1918 867 1963 plangenda
887 1919 936 1954 est
959 1944 971 1960 ,
998 1917 1090 1962 quod
1108 1928 1223 1954 tantus

277 1972 417 2014 talisque
438 1969 594 2014 Princeps
614 1991 627 2009 ,
650 1968 708 2003 tali
735 1967 838 2003 modo
862 1992 874 2009 ‚
900 1969 937 2004 ἀ
955 1980 1028 2005 tam
1050 1968 1165 2005 flabit&
1179 1968 1224 2004 de

279 2020 415 2055 Mundo
423 2020 579 2064 migravit
590 2045 602 2053 .
625 2018 691 2053 Pro
703 2030 771 2062 quo
791 2017 834 2053 ab
845 2020 1003 2054 omnibus
1024 2019 1079 2064 pie
1095 2017 1226 2054 creden-

278 2069 368 2104 tibus
384 2069 546 2103 orandum
568 2069 639 2111 est,
664 2079 701 2103 ut
723 2069 804 2104 ficut
827 2068 981 2112 pacificus
1001 2069 1088 2111 &ab
1112 2069 1222 2112 coqui

283 2117 500 2163 pacis-author
516 2120 561 2154 est
580 2120 615 2162 ὃς
626 2129 777 2161 amator,
801 2129 914 2163 pacem
932 2119 1125 2166 &requiem
1142 2130 1224 2155 eon·

283 2170 432 2213 sequatur
442 2170 671 2214 sempiternam
681 2195 691 2203 .

1282 1484 1358 1509 cato
1369 1474 1438 1517 ipsa
1448 1484 1520 1517 quae
1532 1483 1648 1507 nervos
1658 1471 1789 1519 tegebat
1808 1472 1921 1508 &offa
1933 1497 1945 1513 ‚
1968 1471 2011 1507 ab
2032 1472 2103 1516 ipso
2129 1470 2224 1505 infir·

1282 1532 1339 1559 mo
1347 1523 1524 1558 stustratim
1542 1522 1716 1557 dilacerata
1735 1523 1770 1558 ἃ
1788 1523 1942 1558 convulsa
1956 1521 2166 1566 projiceretur
2180 1521 2218 1554 in

1280 1583 1360 1609 arez
1380 1572 1526 1608 medium
1549 1597 1561 1613 ,
1588 1573 1697 1607 nervis
1715 1573 1760 1608 sic
1778 1573 1991 1617 discoopertis
2015 1572 2051 1606 δε
2073 1570 2196 1606 offibue
2209 1592 2221 1602 .

1283 1622 1508 1667 Etpraesertim
1523 1619 1733 1656 brachiorum
1754 1622 1959 1656 &manuum
1969 1633 2071 1661 cato,
2095 1620 2220 1654 dubus

1281 1674 1316 1707 ἀ
1328 1673 1435 1707 nervis
1455 1671 1513 1705 vix
1534 1669 1719 1710 adhaerens,
1739 1671 1774 1705 δι
1789 1670 1876 1714 quasi
1897 1669 2132 1713 separationem
2143 1668 2232 1715 defi-¹

1282 1722 1400 1753 derans
1413 1743 1425 1758 ,
1450 1718 1492 1751 de
1503 1720 1595 1752 faci-li
1605 1743 1617 1758 ,
1636 1729 1674 1752 ut
1684 1719 1856 1752 videbatur
1867 1743 1879 1758 ,
1904 1719 1939 1751 &
1949 1718 2072 1762 absque
2082 1717 2225 1753 difficub

1281 1778 1367 1808 tate,
1393 1767 1412 1800 a
1424 1766 1557 1800 funesto
1569 1766 1630 1800 illo
1652 1766 1809 1800 carnifice
1820 1766 1926 1801 milite
1936 1790 1948 1807 ,
1967 1768 2096 1802 utinam
2111 1768 2223 1800 tam'en

1282 1817 1354 1852 vere
1367 1816 1565 1860 poenitente,
1596 1814 1842 1860 projiciebatur,
1867 1817 1956 1861 quasi
1972 1818 2088 1861 sponte
2111 1817 2223 1851 matie

1282 1869 1314 1903 se
1325 1867 1487 1902 resolvens
1501 1890 1509 1898 .
1535 1865 1606 1909 Ipsa
1618 1890 1630 1906 ,
1657 1875 1694 1900 ue
1715 1865 1819 1901 videri
1837 1875 1987 1910 poterat,
2007 1866 2093 1910 quali
2107 1875 2224 1911 geme·

1283 1917 1394 1953 buada
1406 1941 1418 1958 ‚
1445 1915 1533 1960 quafi
1548 1915 1745 1961 indignata,
1771 1918 1805 1951 δι
1817 1916 2021 1958 verecunda,
2046 1915 2135 1961 quod
2149 1913 2223 1960 post

1282 1978 1415 2003 tantum
1431 1966 1632 2002 nefasvmanu
1643 1964 1790 2000 heminis
1812 1967 1846 2000 δε
1858 1966 2065 2001 brachiorum
2078 1965 2223 2001 ministe-

1283 2019 1335 2053 rio
1346 2026 1566 2062 perpetratum
1589 2015 1742 2060 deinceps
1755 2017 1789 2050 in
1814 2016 2109 2061 humanicorporis
2128 2027 2225 2051 com-

1285 2068 1446 2113 positione
1457 2066 1559 2101 foret.
1587 2065 1691 2101 Miser
1701 2077 1812 2101 tamen
1823 2067 1880 2102 ille
1891 2092 1901 2108 ,
1924 2065 2004 2101 dum
2020 2069 2063 2102 ita
2075 2067 2106 2102 se
2115 2066 2222 2111 ipsum

1283 2118 1403 2153 uniens
1413 2117 1595 2160 decerperet
1608 2139 1619 2156 ,
1629 2117 1832 2152 convelleret
1842 2141 1853 2158 ‚
1879 2116 2069 2153 dilaceraret
2081 2142 2092 2159 ‚
2104 2118 2139 2152 δε
2149 2126 2225 2161 pro·

1284 2169 1416 2212 jiceret,
1443 2165 1672 2211 pii&gloriofi
1691 2165 1948 2211 Neo-Martyris
1961 2167 2218 2213 indulgentiam,

1287 2217 1477 2262 suffiagiurn
1490 2217 1524 2251 &
1535 2216 1753 2260 patrocinium
1770 2228 1847 2251 cum
1861 2218 1990 2252 summa·
1997 2217 2200 2253 contritione
2212 2240 2225 2258 ‚

1286 2267 1463 2315 gem-itibus
1495 2267 1530 2302 δι
1556 2266 1700 2310 suspiriis
1726 2265 1998 2301 inenarrabilibus
2032 2269 2225 2305 incessanter

1288 2318 1482 2363 implorabat
1497 2341 1505 2349 .
1532 2317 1604 2360 Jam
1627 2316 1924 2359 supra-nominatus
1949 2317 1982 2350 in
2003 2316 2138 2354 historia
2160 2317 2224 2354 hae

1288 2368 1500 2403 Guilhelmus
1511 2366 1556 2402 de
1566 2365 1670 2400 Traci
1679 2374 1767 2406 erat,
1796 2365 1872 2399 Deo
1890 2366 2056 2402 ultionum
2068 2369 2223 2404 Domino

1285 2420 1491 2454 clamantem>
1513 2416 1557 2451 ad·
1567 2417 1598 2451 se
1608 2416 1723 2450 militis
1731 2416 1778 2450 sui
1792 2416 1987 2460 sanguinem
2000 2416 2167 2460 justissime
2175 2419 2222 2452 ul-

1286 2468 1472 2505 ciscentein
1483 2467 1546 2501 isto
1557 2467 1727 2510 praesertim
1739 2466 1781 2501 sic
1796 2478 1804 2499 :
1834 2465 1968 2510 Utpote
1992 2468 2049 2511 qui
2064 2467 2226 2512 aliospro·

1288 2529 1421 2555 vocarat
1434 2543 1445 2559 ‚
1471 2515 1595 2552 audens
1614 2517 1736 2560 primus
1753 2541 1765 2557 ‚
1793 2516 1828 2551 &
1846 2526 1922 2551 ante
1937 2516 2043 2556 alios,
2069 2528 2107 2552 ut
2133 2527 2225 2561 puta-

1288 2581 1340 2606 tur
1360 2570 1451 2614 super
1473 2565 1596 2602 Christi
1619 2566 1759 2600 Domini
1792 2575 1892 2611 caput
1917 2567 2062 2611 gladium
2088 2567 2222 2603 vibrans

1288 2621 1329 2656 ad
1348 2621 1449 2656 icium
1472 2642 1484 2658 ‚
1504 2627 1577 2652 >tam
1602 2615 1758 2661 profane,
1781 2626 1848 2651 tarn
1862 2615 1963 2659 impie
1982 2618 2078 2651 ferire
2103 2629 2223 2660 nequa·

1289 2671 1387 2715 quam
1409 2668 1532 2703 veritus
1556 2667 1602 2701 est
1627 2693 1635 2700 .
1665 2665 1772 2703 Unde
1805 2667 1840 2701 δε
1858 2665 2029 2709 justiffimo
2061 2669 2226 2712 Omnipo-

1290 2721 1390 2756 tentis
1412 2718 1538 2763 judicio
1560 2718 1680 2752 fastum
1699 2716 1766 2757 est,
1794 2726 1831 2750 ut
1850 2716 1950 2750 etiam
1974 2716 2043 2760 ipso
2067 2719 2146 2752 vivo
2169 2718 2227 2752 ad·

1291 2771 1356 2806 huc
1378 2779 1494 2805 contra
1514 2778 1635 2802 naturae
1657 2768 1764 2812 legem
1790 2767 2087 2809 computrescerent
2108 2793 2119 2809 ,
2153 2780 2224 2811 quar

1292 2822 1495 2856 vibraverant
1516 2817 1663 2863 gladium
1675 2840 1685 2855 ‚
1709 2815 2015 2850 &manussimul&
2031 2817 2199 2852 brachium
2215 2844 2222 2850 .
2250 2821 2253 2824 '

1295 2872 1337 2906 Et
1360 2869 1494 2914 quidem
1516 2868 1579 2911 jam
1601 2864 1783 2910 supradictae
1802 2865 1944 2899 civitatis
1959 2866 2136 2911 Episcopus
2158 2880 2226 2902 cer-

1294 2919 1411 2956 tiffime
1421 2918 1533 2953 retulit
1550 2918 1593 2951 fic
1603 2915 1775 2961 contigisse
1786 2939 1797 2956 ‚
1825 2916 1920 2959 ipfius
1929 2915 2103 2952 Wilhelrni
2116 2919 2151 2952 in
2164 2917 2224 2952 hac

1295 2969 1486 3006 infirmitate
1509 2965 1698 3002 Confefl'or.

476 2267 859 2304 CAPUT
959 2268 1020 2303 IX.

483 2372 531 2403 De
540 2375 634 2403 morte
651 2366 856 2412 sacrilegorum
865 2370 1003 2404 Militum
1010 2394 1019 2403 .

390 2466 541 2503 ERUM
562 2467 746 2512 ingloriosi
759 2468 920 2513 Martyris
933 2469 1039 2504 nostri>
1048 2468 1224 2505 victoriosa

415 2518 532 2553 mortis
550 2518 657 2561 palma
680 2517 802 2553 visibili·
818 2519 905 2554 inter
928 2519 1066 2555 visibiles
1090 2522 1225 2556 virtutes

286 2571 381 2615 ipsms
394 2593 406 2609 ,
427 2579 562 2612 magnas
572 2567 706 2611 quidem
717 2569 752 2604 &
764 2568 1111 2616 admirationedignas
1122 2596 1133 2613 ,
1159 2582 1225 2604 una

286 2620 334 2654 est
345 2616 554 2652 discernenda
565 2617 759 2660 studiosius,
782 2618 942 2654 intuenda
954 2620 1136 2662 attentius,
1161 2631 1227 2655 am·

292 2668 458 2713 plectenda
482 2666 652 2700 devotius.
680 2667 766 2702 Una
786 2666 860 2710 est,
886 2669 1044 2714 inquam,
1071 2682 1133 2715 prae
1141 2678 1225 2705 caete

289 2720 334 2753 ris
344 2720 431 2751 mirae
454 2718 485 2750 ὅ(
498 2715 562 2750 fere
571 2716 724 2750 inauditae
735 2718 862 2760 pietatis
874 2720 997 2754 eximie
1007 2720 1122 2764 plena.
1136 2721 1225 2755 Nam

290 2781 368 2803 cum
381 2769 509 2809 Martyr
521 2763 595 2800 hic
587 2777 620 2799 in
634 2766 795 2811 sanguine
807 2768 866 2801 suo
876 2769 1048 2805 victorioso
1061 2771 1227 2815 plerosque

291 2818 431 2853 Diaboli
453 2817 580 2850 vinctos
600 2816 768 2857 eduxerit,
792 2815 900 2852 adhuc
911 2820 1001 2862 quod
1019 2821 1112 2865 supra
1130 2822 1227 2865 quem

293 2868 361 2903 dici
374 2867 535 2911 poflitaut
547 2866 641 2909 capi,
666 2866 786 2909 pietate
809 2868 1081 2910 superabundanti
1096 2870 1227 2915 plenum

294 2919 365 2958 est,
391 2920 495 2951 virtus
506 2916 595 2951 effusi
616 2915 880 2960 sanguinisipsos
901 2920 972 2953 suos
986 2922 1137 2956 effusores
1149 2946 1162 2963 ,
1188 2922 1229 2956 sa-

294 2967 423 3013 crilegii
439 2977 507 3002 tam
522 2965 659 3001 inauditi
683 2976 859 3010 patratores
870 2969 980 3013 tetigit
1003 2971 1142 3006 &lavst-
1169 2971 1230 3006 La·

298 3020 371 3059 vit,
398 3018 556 3061 inquam,
582 3028 640 3051 eos
664 3016 765 3052 virt-us
785 3016 952 3063 sanguinis
969 3044 980 3060 ,
1005 3031 1040 3055 ut
1062 3021 1191 3056 videtur
1214 3021 1232 3054 a

299 3069 460 3113 sanguine
472 3091 484 3107 ,
499 3068 568 3110 ipso
578 3068 736 3112 sanguine
750 3067 810 3101 loti
824 3079 911 3111 ,quo
923 3068 1036 3112 pririsa
1050 3071 1126 3107 Deo
1141 3081 1233 3106 erant

299 3118 475 3156 maculati,
495 3117 566 3160 ipso
592 3116 739 3160 Martyre
753 3142 764 3159 ‚
789 3118 845 3161 qui
869 3119 1064 3164 sanguinem
1085 3122 1177 3155 suum
1188 3121 1234 3155 fu·

300 3170 351 3203 dit
364 3192 375 3208 ,
386 3169 418 3202 in
429 3168 569 3212 propriis
580 3167 644 3200 suis
655 3167 868 3202 Occisoribus
879 3167 1085 3213 Principatus
1096 3171 1129 3204 ὅ(
1141 3171 1235 3205 Pote-

301 3220 400 3252 states
418 3217 626 3252 tenebrarum
651 3217 841 3260 expoliante
855 3243 866 3259 ,
892 3220 949 3263 qui
972 3219 1128 3254 tenebant
1153 3232 1238 3263 eos,-

300 3280 358 3302 eos
370 3269 472 3302 etiam
484 3267 689 3302 confidenter
696 3268 887 3303 traducente
901 3294 911 3308 ,
944 3269 1088 3314 &longe
1112 3269 1238 3304 trahen-

304 3316 828 3362 teaRegionediffimilitudinis‚
853 3318 919 3362 quo
934 3319 998 3363 jam
1022 3321 1134 3364 procul
1155 3320 1241 3354 abie·
1302 3319 1480 3367 perfuerit,
1506 3315 1855 3359 Altiffimisupereos,
1879 3317 1961 3353 ficut
1972 3317 2136 3357 creditur,
2162 3316 2231 3350 &fi

305 3376 402 3405 rant,
424 3368 467 3401 ad
489 3369 583 3402 illam
596 3368 811 3411 plenitudinis
835 3367 1049 3404 solitudinem
1062 3371 1155 3413 cujus
1166 3371 1239 3405 Rex
1302 3369 1385 3406 forte
1396 3367 1485 3413 quod
1497 3366 1564 3410 lpse
1575 3366 1677 3408 velit,
1696 3367 1864 3401 miserante
1889 3366 2094 3406 clementia,
2119 3366 2233 3399 adter·

308 3416 470 3460 poenitens
490 3418 691 3452 mansionem
713 3417 992 3460 optabatdicens:
1018 3422 1240 3465 Ecceelongavi
1305 3431 1408 3456 rorem
1421 3428 1541 3453 ttamen
1557 3418 1592 3451 δε
1613 3417 1845 3455 miraculosam
1865 3415 1982 3450 militis
2004 3417 2052 3450 sur
2064 3416 2232 3449 ultionem

301 3466 430 3511 fugiens
449 3467 486 3500 (τ
504 3467 600 3509 mansi
614 3474 648 3502 m
665 3467 842 3512 solitudine.
872 3468 971 3506 Adeo
991 3471 1092 3506 etiam
1112 3471 1241 3515 palam,
1307 3470 1433 3515 Iustitia
1454 3467 1616 3504 omncsin
1635 3465 1723 3503 brevi
1737 3466 1779 3502 {ic
1792 3466 2032 3534 prosternente,
2055 3477 2093 3500 ut
2106 3466 2165 3498 viri
2180 3465 2233 3498 isti

2127 3516 2194 3550 san-

1343 3021 1387 3054 Et
1409 3029 1446 3053 ut
1455 3018 1496 3052 ad
1507 3018 1589 3052 alios
1601 3015 1745 3060 praefatos
1765 3016 1922 3060 sacrilegii
1943 3016 2121 3061 complices
2130 3042 2142 3059 ,
2167 3028 2227 3052 un-

1295 3070 1336 3106 de
1347 3070 1526 3113 coepimus,
1552 3074 1769 3106 revertamur,
1795 3066 1936 3110 ipsorum
1948 3077 2111 3112 quotquot
2132 3068 2168 3101 ἀ
2179 3077 2226 3101 ta-

1298 3122 1451 3159 1ium,ut
1463 3117 1628 3156 diximus,
1635 3116 1802 3155 miranda,
1826 3117 1903 3160 quia
1916 3118 2002 3151 certe
2013 3117 2225 3156 miraculosa,

1297 3182 1356 3206 nec
1367 3168 1526 3208 dubium,
1541 3176 1715 3224 corporum
1728 3177 1815 3201 mors
1824 3177 1880 3209 per
1889 3177 1956 3200 tam
1968 3166 2089 3201 modici
2102 3176 2229 3224 tempo-

1299 3223 1340 3256 ris
1354 3218 1583 3258 intervallum,
1593 3216 1793 3256 triennium,
1818 3215 2024 3256 utdiximus,
2051 3204 2228 3257 videlicet,

1300 3273 1340 3306 fic
1351 3279 1417 3304 erat
1429 3291 1441 3309 ,
1466 3277 1502 3302 ut
1513 3268 1548 3301 in
1562 3276 1628 3300 tam
1639 3265 1728 3300 brevi
1751 3277 1811 3301 nec
1822 3277 1907 3300 unus
1918 3265 2051 3310 quidem
2073 3278 2116 3301 ex
2126 3266 2172 3301 eis
2183 3268 2232 3300 su·
