2358 3776
351 113 455 154 260
877 127 879 130 ·
978 93 1611 149 ΕΡ13Ϊο“Ε“.Ξ“

282 184 423 230 “fidem
440 184 538 229 quam
558 181 659 224 citi&
675 171 770 221 mihi
783 181 960 220 ¹remittatis
974 206 987 218 Α.
1012 181 1234 219 Neceffariam
1293 181 1327 218 k
1348 183 1454 228 ipsum
1465 194 1545 219 ante
1555 187 1715 222 recessum
1737 194 1870 229 eorum,
1892 190 1956 235 qui
1971 202 2042 231 non
2064 195 2226 242 protrahe·

282 237 374 273 enim
395 234 478 273 mihi
502 232 574 277 ejus
593 233 749 279 intelligo
785 232 1019 271 discretionem
1040 233 1075 269 dc
1098 233 1234 277 pruden-
1294 241 1346 267 tur
1357 233 1440 269 ultra
1461 234 1593 270 Festum
1612 235 1711 270 Beati
1733 237 1897 279 Martini,
1933 238 1975 274 ab
1997 244 2109 282 eodem
2130 249 2228 285 festo

285 286 367 323 giam
378 310 391 327 ‚
416 295 453 320 ut
464 283 550 323 mihi
559 284 691 330 presens
700 283 783 319 adsit
793 307 805 325 ,
831 283 864 320 dt
879 281 1087 326 aliquamdiu
1099 283 1232 329 propin·
1290 293 1451 328 reponent
1462 296 1519 320 eos
1529 285 1563 319 in
1571 286 1691 321 eadem
1706 287 1904 323 sententiam
1914 311 1925 328 ,
1949 288 1984 324 in
1996 301 2060 334 qua
2069 297 2199 334 funum
2212 323 2225 339 ,

286 333 444 384 wunjhj
453 334 524 385 qu,
533 334 737 373 canl-satio
746 357 758 370 ,
1292 344 1354 368 nec
1364 334 1537 370 dimittent
1548 346 1680 379 propter
1690 337 1837 381 aliquam
1846 339 2105 383 appellationem
2112 347 2226 384 fragm

1295 383 1345 418 vel
1355 383 1590 421 faciendamab
1600 386 1691 427 illis,
1718 388 1769 421 vel
1781 387 1823 422 ab
1832 388 1947 433 aliquo
1959 390 2027 425 alio
2049 393 2188 437 proipssg
2212 422 2226 439 ,

429 434 462 473 Β
486 434 515 470 Ρ
541 434 558 473 1
581 435 606 472 s
630 432 668 466 T
692 431 727 465 Ο
747 429 777 467 L
803 428 838 468 A
939 429 973 467 X
989 429 1023 467 X
1035 431 1076 468 Χ.
1295 432 1447 470 nisiinfra
1461 436 1580 482 viginti
1593 435 1852 482 dietaprzdido
1862 438 1986 482 Festo,
2000 439 2024 473 fi
2037 450 2148 477 tamen
2160 452 2230 483 tan.

1294 484 1403 527 topere
1412 495 1539 521 moram
1550 487 1708 528 fecerint,
1732 486 1886 523 Domino
1895 489 2116 526 Cantuariensi
2138 493 2228 529 satis·

1293 531 1428 569 fecerint
1446 534 1488 571 dc
1514 534 1587 578 bis,
1616 547 1675 582 pro
1693 537 1810 582 quibus
1821 537 1864 574 ab
1884 549 1927 575 eo
1948 541 2228 579 excommunicati

1294 584 1387 617 sunt.
1416 583 1459 619 Et
1473 585 1494 620 si
1515 596 1591 621 ante
1617 598 1836 623 memoratum
1859 589 1990 625 Festum
2010 592 2192 628 recesserint
2215 615 2231 634 ‚

1292 633 1435 668 similiter
1444 646 1602 680 reponent
1610 649 1667 673 eos
1678 637 1714 672 in
1724 638 1862 673 eandem
1871 639 2067 676 sententiam
2077 641 2097 676 ὲ
2112 641 2170 678 die
2187 653 2236 677 re-

1292 684 1393 717 cessus
1406 685 1475 727 sui,
1500 687 1558 722 nisi
1569 688 1918 732 ficutpraedistumest,
1944 689 2162 727 satisfecerint
2187 692 2234 728 ei·

1292 732 1367 767 dem
1381 733 1622 772 cantuariensi.
1650 737 1814 774 Verentur
1825 739 1916 774 enim
1935 741 2042 784 ipsum
2054 766 2066 782 ‚
2092 741 2150 786 qui
2170 752 2234 786 pro

1294 782 1443 818 Ecclesiae
1464 785 1613 823 libertate
1635 799 1690 833 per
1712 789 1795 823 tanti
1822 790 1978 834 temporis
2002 791 2144 835 spatium
2163 792 2234 827 exi-

1294 833 1373 868 lium
1385 833 1450 878 jam
1463 835 1612 872 sustinuit
1625 862 1637 879 ,
1664 837 1705 873 ad
1724 839 1965 874 intolerabilem
1989 841 2138 884 injuriam
2159 853 2234 886 pro-

1293 895 1407 920 vocare
1418 907 1426 916 ·
1453 885 1522 934 Qi
1534 885 1626 930 juxta
1638 888 1830 923 sententiam
1839 890 1986 925 Domini
1997 890 2094 936 Papae
2104 890 2139 925 in
2151 902 2234 936 pau·

1291 934 1338 968 cis
1355 943 1488 970 vexatus
1500 959 1513 977 ,
1538 937 1576 972 in
1591 937 1705 972 multis
1725 939 1862 981 profecit
1882 964 1894 982 ,
1922 940 2001 976 sicut
2021 941 2165 976 creditur
2184 941 2229 978 ab

1293 981 1364 1026 his,
1390 984 1597 1029 quiejusdem
1617 986 1856 1023 Cantuariensis
1864 988 1982 1025 intima
2003 1000 2179 1027 noverunt.

340 504 534 574 wilhelmus
549 526 843 627 senonenjgoegrcbi
856 548 869 557 ·
883 527 1059 576 Episcopus
1086 534 1161 576 Regi

771 593 798 616 ἒ
803 606 816 620 ρ

345 676 648 726 lGNlFICAVl'T
674 681 772 718 nobis
806 680 909 717 vestra
945 681 1105 719 serenitas
1140 707 1153 725 ‚
1189 692 1227 718 ut

258 763 260 767 ,
369 735 510 773 Nunciis
531 733 673 770 Domini
683 732 778 777 Papa:
786 731 906 778 absque
926 729 1088 774 juratoria
1101 733 1225 768 cautio-

260 805 263 808 *
282 782 326 821 ne
342 783 647 822 excommunicatos
658 782 822 818 absolvere
846 781 888 819 de
907 780 1048 825 consilio
1067 782 1181 819 nostro
1193 783 1229 817 li-

261 841 385 874 ''eerct,
411 834 486 873 Nos
504 833 613 874 autem
636 845 696 869 nec
718 833 737 870 ὲ
756 831 910 869 Domino
938 830 1026 877 Papa
1048 834 1139 878 super
1163 832 1230 868 hoc

264 881 513 925 {authoritatem
537 884 696 923 habemus
717 907 729 923 ,
757 881 919 927 ncc.ipsis
940 882 1112 918 consulere
1136 883 1230 919 aude·

281 945 377 976 mus,
403 935 643 973 utmandaturn
664 932 808 970 Domini
822 931 922 976 Papa
935 932 1226 977 transgrediantur,

281 981 336 1026 'ivel
358 994 396 1020 ut
414 994 528 1024 contra
547 982 821 1021 consuetudinem
844 980 1004 1019 Romana
1025 983 1176 1018 Ecclefiae
1191 983 1224 1017 in

281 1033 395 1081 aliquo
406 1036 543 1080 negotio
567 1034 764 1078 procedant,
790 1031 886 1070 Salva
895 1034 999 1078 gratia
1011 1034 1089 1074 sua,
1115 1032 1173 1077 ipsi
1190 1032 1223 1067 in

281 1094 346 1122 nos
355 1083 486 1129 culpam
508 1084 677 1122 refundere
697 1094 766 1120 non
778 1080 956 1119 debuerant
968 1107 980 1124 ,
1006 1087 1062 1127 qui
1077 1091 1225 1118 mentem

282 1132 426 1172 Domini
438 1132 534 1179 Papae
546 1133 676 1178 plenius
687 1143 935 1178 cognoverunt.
961 1133 1035 1169 Nos
1058 1133 1149 1168 enim
1176 1144 1230 1167 no·

282 1182 333 1221 bis
345 1183 511 1220 succedere
519 1183 702 1228 judicamus
712 1206 724 1226 ,
747 1184 770 1220 si
787 1182 949 1218 honorem
961 1183 1100 1219 vestrum
1127 1183 1164 1217 in
1177 1182 1231 1217 ali-

282 1243 352 1280 quo
373 1244 591 1280 promovere,
618 1234 670 1269 vel
683 1234 862 1271 utilitatem
872 1243 1043 1278 procurare
1053 1233 1229 1270 valeamus.

404 1330 816 1372 Erls’rOLA
924 1329 1085 1369 XXXI.

1393 1073 1803 1122 EPI'sToLA
1904 1085 2118 1125 xxxlu.

1376 1181 1531 1220 Thomas
1555 1184 1794 1225 cantuariensis
1821 1184 1947 1222 Archi·
1958 1186 2140 1233 Episcopus

1584 1230 1724 1271 clericis
1751 1235 1898 1271 Cantia-

1293 1332 1422 1367 Thomas
1449 1334 1508 1366 Dei
1527 1338 1634 1376 gratu
1659 1334 1886 1377 Cantuarunfis
1913 1336 2203 1382 Archi-Spiſsum:
2219 1363 2234 1381 ‚

1341 1385 1377 1418 δ’
1404 1381 1566 1424 Apostolicae
1584 1383 1669 1417 sedis
1697 1388 1849 1429 Legum,
1877 1387 2011 1421 omnibus
2032 1389 2161 1423 clericis
2178 1397 2243 1432 pen

1343 1437 1489 1465 Cantium
1508 1430 1671 1472 conflatum
1682 1456 1694 1474 ,
1719 1436 1754 1468 Θ
1776 1440 1809 1467 in
1821 1434 1997 1475 cbristlaenae
2017 1443 2239 1478 cummunione=

1342 1480 1517 1526 degentibus
1527 1504 1539 1522 ,
1558 1478 1708 1525 salutm,
1736 1482 1771 1517 Θ
1781 1486 1843 1517 Deo
1850 1484 1951 1526 pensu
1963 1488 2055 1528 quim
2066 1486 2242 1520 horninibus>

1344 1531 1462 1565 obedire
1475 1551 1486 1563 .
1672 1532 1677 1537 '

1295 1630 1524 1721 NOVlT
1549 1629 1652 1670 vessra
1668 1632 1820 1670 diseretio
1839 1646 1900 1679 pro
1918 1645 2010 1680 parte
2027 1660 2040 1678 ,
2087 1645 2171 1682 quot
2202 1636 2238 1672 ὰ

1427 1692 1565 1729 quantas
1576 1683 1708 1727 injurias
1730 1684 1879 1720 Ecciesiae
1893 1685 2007 1721 Dei&
2017 1686 2136 1721 nostris
2149 1685 2245 1723 intua

1295 1734 1369 1769 ierit
1390 1733 1560 1769 Dominus
1570 1733 1646 1769 Rex
1667 1734 1881 1780 Anglorum,
1907 1736 2112 1781 &quimdiu
2133 1737 2243 1780 ipsum

1295 1785 1330 1818 δι
1342 1785 1416 1818 suos
1428 1784 1465 1816 in
1476 1783 1579 1817 multa
1591 1782 1747 1826 patientia
1756 1785 2006 1820 sustinuerimus
2017 1810 2029 1826 ,
2055 1787 2243 1829 exspectan-

1296 1843 1342 1867 tes
1353 1842 1389 1866 ut
1401 1842 1476 1866 eum
1499 1832 1608 1866 nostra
1619 1833 1835 1867 mansuetudo
1845 1834 1886 1868 ad
1909 1835 2138 1877 poenitentiam
2161 1847 2242 1879 pro·-

1297 1890 1430 1917 vocarct
1441 1906 1449 1915 .
1476 1880 1579 1915 Nunc
1591 1891 1703 1916 autem
1713 1884 1790 1926 quia
1804 1882 1859 1918 ille
1872 1883 2013 1919 Domini
2028 1883 2124 1929 Papae
2135 1884 2170 1919 dr
2183 1897 2242 1920 no-

1296 1931 1358 1966 stra
1379 1930 1537 1975 patientia
1557 1932 1679 1974 semper
1700 1932 1817 1967 abusus
1837 1933 1884 1968 est
1904 1958 1916 1976 ,
1942 1935 1975 1968 dt
1998 1934 2031 1967 in
2056 1934 2241 1978 periculum

1298 1981 1415 2016 animae
1427 1980 1542 2014 nostru
1552 1980 1769 2022 redundabit,
1795 1981 1934 2017 sitantas
1957 1982 2080 2019 Christi
2107 1984 2242 2027 injurias

1299 2027 1435 2064 ulterius
1445 2029 1750 2065 dissimulaverimus
1761 2055 1773 2071 ,
1799 2030 1999 2068 universitati
2013 2034 2122 2069 vestrae
2133 2035 2166 2069 in
2180 2035 2242 2068 vir—

1300 2090 1370 2115 tute
1381 2077 1599 2120 obedientiae,
1625 2080 1926 2124 subanathemate,
1951 2083 1987 2116 in
2011 2083 2157 2127 periculo
2178 2084 2242 2118 Or*

1301 2130 1430 2164 dinis&
1443 2128 1625 2170 Beneficii,
1651 2129 1845 2174 Apostolica
1864 2130 2062 2167 authoritate
2077 2134 2111 2168 δε
2131 2133 2243 2168 nostra

1303 2177 1517 2223 praecipiendo
1539 2179 1752 2222 mandamus,
1777 2180 1936 2225 quatenus
1954 2205 1966 2221 ,
1991 2183 2048 2217 nisi
2074 2183 2242 2226 pradictus

1303 2229 1472 2263 Dominus
1493 2229 1600 2264 noster
1625 2229 1701 2264 Rex
1722 2230 1807 2266 infra
1838 2231 2108 2267 Purificazionem
2133 2233 2242 2267 Beata

1303 2279 1415 2313 Mariae
1430 2279 1579 2314 Ecclefiae
1590 2279 1803 2315 Dei&nobis
1820 2280 1964 2317 debitam
1984 2282 2242 2317 satissaffionem

1303 2326 1509 2370 exhibuerit,
1535 2339 1668 2365 extunc
1688 2330 1816 2373 penitus
1837 2331 1856 2365 a
1881 2331 2082 2368 Divinorum
2102 2330 2241 2368 celebra·

1304 2378 1397 2413 tione
1430 2379 1554 2414 ceffetis
1575 2402 1588 2419 ,
1613 2390 1755 2423 excepto
1782 2379 1950 2424 Baptismo
1974 2381 2194 2419 parvulorum
2221 2404 2236 2421 ‚

1306 2427 1507 2464 Pmnitentia
1536 2452 1547 2469 ,
1583 2428 1618 2462 dc
1643 2428 1780 2463 Viarieo
1804 2453 1817 2469 ,
1852 2430 1942 2473 quod
1975 2441 2034 2474 pro
2059 2432 2243 2466 neceffitate

1305 2476 1629 2520 conficiendumest,
1657 2478 1768 2512 clausis
1789 2477 1941 2513 Ecclesia
1963 2478 2070 2522 januis
2092 2504 2103 2520 ,
2129 2481 2243 2523 perso·

1308 2528 1360 2563 nis
1380 2528 1506 2572 prorsus
1528 2527 1687 2568 exclusis,
1711 2528 1779 2562 sine
1796 2539 2027 2572 campanarum
2053 2529 2241 2574 pulsatione

1307 2577 1638 2619 &solemnitatibus,
1662 2588 1742 2620 quas
1758 2586 1905 2621 tempore
1927 2578 2045 2623 quietis
2065 2580 2098 2614 δι
2125 2579 2241 2620 laetitia

1309 2638 1456 2663 exercere
1477 2627 1619 2662 Ecclesia
1643 2627 1834 2661 consuevit.
1861 2626 2016 2663 Praeterea
2037 2629 2241 2664 Gaufredum

315 1432 507 1475 vvilbelmus
530 1428 697 1471 senonenfis
724 1415 1008 1473 Archi-Bplftopus
1028 1433 1179 1467 Gratiano
1191 1454 1205 1474 ,

302 1484 303 1487 ’
588 1482 763 1527 &Vivum
783 1480 908 1524 Legem
919 1501 929 1513 .

288 1580 384 1701 IN
409 1581 663 1619 admirationem
672 1578 824 1617 ducimur
833 1591 904 1617 non
915 1579 1083 1617 modicam
1094 1605 1108 1623 ,
1131 1578 1226 1628 quod

373 1644 459 1670 onus
483 1632 690 1680 quaessionk,
716 1642 786 1676 quae
805 1633 899 1677 super
925 1632 1232 1669 excommunicato·

378 1696 452 1720 rum
463 1683 675 1718 absolutione
694 1682 850 1723 vertitur,
876 1683 969 1717 itain
990 1694 1053 1723 ιω
1071 1683 1233 1718 transfun-

287 1733 364 1769 dere
375 1734 527 1769 voluistis
539 1756 551 1773 ,
575 1729 666 1775 quod
686 1731 766 1765 sicut
776 1742 819 1765 ex
831 1740 945 1765 tenore
967 1732 1150 1766 litterarum
1162 1731 1236 1766 Do·

286 1783 374 1820 mini
395 1782 500 1827 Regis
513 1780 646 1827 Angliae
669 1779 878 1824 accepimus,
897 1780 957 1814 sub
967 1780 1082 1815 umbra
1101 1781 1232 1815 consilii

289 1833 395 1870 nostri
416 1833 526 1866 eidem
550 1830 640 1876 Regi
659 1829 913 1874 proposueritis,
940 1840 1001 1865 vos
1021 1830 1139 1875 postea
1152 1840 1232 1864 nota

288 1880 544 1927 transgresiionis
562 1879 730 1919 excusari.
758 1879 842 1915 Non
864 1881 954 1914 enim
966 1880 1054 1922 inco
1080 1878 1234 1915 debuistis

289 1933 328 1971 in
343 1943 404 1975 nos
413 1931 547 1975 culpam
559 1929 752 1970 refundere,
778 1929 813 1967 in
825 1940 893 1975 quo
912 1926 1055 1969 nostram
1077 1940 1175 1964 nemo
1183 1940 1233 1963 va-

289 1983 336 2019 let
354 1977 534 2018 'incrustare
545 1980 781 2015 sinceritatem.
809 1978 939 2014 Verum
959 1976 1085 2023 quinia
1097 1989 1165 2014 tam
1190 1979 1239 2013 in-

287 2034 370 2070 tima
392 2031 574 2068 devotione
592 2031 627 2067 &
639 2028 777 2064 vinculo
789 2026 872 2064 adeo
886 2026 1107 2063 indissolubili
1119 2027 1238 2064 Domi·

289 2095 339 2120 no
362 2082 504 2127 Papa&
526 2081 674 2116 Eeciefioe
694 2079 856 2115 Romana
874 2077 1017 2113 adstricti
1039 2079 1175 2119 sumus,
1200 2085 1239 2112 nt

291 2145 354 2170 nec
372 2133 512 2173 sentire,
538 2141 600 2166 nec
620 2129 801 2176 quidquam
833 2128 1005 2170 consulere
1026 2128 1202 2164 debeamus
1227 2150 1240 2168 ,

291 2195 336 2220 eat
347 2193 414 2228 quo
427 2180 578 2229 Ecclesia
589 2179 710 2216 honori
721 2178 872 2226 derogari
885 2203 897 2220 ,
923 2178 975 2213 vel
986 2179 1157 2223 opinionis
1179 2178 1241 2212 sua
1261 2195 1264 2199 ·

291 2234 465 2279 integritas
487 2232 603 2267 violari
625 2231 796 2272 videatur,
820 2229 1013 2264 discretioni
1027 2228 1134 2262 vestrae
1156 2224 1242 2262 nihil

294 2283 384 2319 aliud
396 2284 554 2318 audemus
566 2279 756 2325 respondere
766 2304 779 2320 ,
806 2279 865 2313 nisi
877 2277 968 2319 quod
980 2287 1041 2310 nec
1052 2275 1133 2310 sines
1154 2285 1242 2310 man-

294 2331 364 2371 dati
377 2332 520 2368 Domini
532 2330 625 2374 Papa
635 2326 944 2374 transgrediamini,
971 2336 1032 2360 nec
1054 2325 1088 2359 in
1111 2325 1243 2370 praesen-

295 2384 322 2420 ti
335 2383 480 2425 articulo*
499 2379 678 2425 quidquam
702 2377 810 2420 velitis
828 2377 990 2417 statuere,
1018 2375 1107 2420 quod
1119 2413 1121 2418 ¹
1133 2375 1241 2410 Eccle-

296 2433 427 2469 fiasticae
449 2429 620 2468 Sanctioni
643 2452 655 2468 ,
674 2429 713 2469 A&
733 2426 880 2462 Ecclefiae
904 2425 1065 2461 Romana
1078 2449 1090 2466 ,
1127 2425 1235 2461 imme)

296 2473 442 2529 generali
464 2481 568 2515 totius
595 2476 746 2513 Ecclefiae
762 2475 996 2511 consuetudini
1019 2474 1167 2511 videatur
1202 2486 1245 2510 re·

298 2534 417 2578 fragari
439 2556 451 2572 ,
488 2528 539 2564 vel
559 2528 598 2563 ad
619 2526 789 2572 perniciosi
818 2525 961 2570 exempli
979 2526 1246 2570 consequentiam

299 2580 514 2627 imposterum
535 2579 639 2613 valeat
649 2576 784 2612 derivari
799 2601 811 2617 ,
836 2575 895 2610 nist
905 2573 989 2610 sorte
1005 2575 1098 2611 aliud
1126 2587 1168 2610 ex
1192 2586 1247 2610 vo·

302 2629 585 2667 luntateDomini
595 2626 835 2662 Cantuariensis
858 2624 1045 2671 acceperitis
1055 2651 1064 2662 .
1092 2625 1248 2672 Angelus

304 2679 474 2726 consilii&
493 2677 698 2713 fortitudinis
710 2678 748 2712 sit
760 2676 930 2711 vobiscum
943 2700 952 2709 .

1311 2677 1412 2713 Ridel
1424 2701 1437 2718 ,
1461 2676 1496 2710 δι
1518 2676 1703 2712 Roberrum
1722 2676 1893 2712 vicarium
1913 2677 2002 2720 ejus,
2035 2677 2241 2713 Richardum

1311 2728 1353 2763 de
1364 2726 1556 2762 Welccstria
1568 2751 1580 2766 ‚
1605 2725 1831 2764 VVilhelmum
1855 2727 1982 2763 Giffard
1993 2752 2005 2769 ,
2034 2727 2240 2765 Richardum

1312 2778 1354 2813 de
1378 2777 1466 2812 Luci
1487 2800 1499 2817 ,
1532 2776 1702 2822 Nigellum
1724 2777 1764 2810 de
1787 2777 1983 2819 Saccavilla‚
2009 2778 2045 2812 δε
2069 2778 2177 2813 Adam
2197 2778 2242 2812 de

1315 2825 1491 2873 Cheringis
1520 2827 1822 2862 excommunicatos
1850 2827 1884 2862 δι
1903 2828 2074 2862 evitandos
2099 2829 2162 2863 effe
2182 2827 2242 2862 sub

1314 2877 1429 2912 eadem
1453 2877 1722 2913 interminatione
1741 2876 1937 2911 denunciare
1957 2878 2179 2921 praecipimus:
2205 2879 2240 2913 &

1318 2939 1357 2961 ne
1376 2927 1448 2971 quis
1468 2926 1744 2962 parochianorum
1767 2926 1944 2961 vestrorum
1969 2928 2119 2963 Roberto
2142 2927 2240 2962 Vica-

1317 2979 1386 3017 rio,
1415 2987 1511 3019 quem
1526 2975 1685 3012 beneficio
1706 2974 1932 3011 Ecclesiastico
1944 2979 2157 3020 privavimus,
2185 2979 2239 3012 dc-

1315 3028 1425 3070 inceps
1442 3026 1576 3062 obediat
1595 3050 1606 3068 ,
1630 3022 1828 3059 authoritate
1846 3025 1988 3061 Domini
2010 3027 2104 3071 Papa:
2123 3029 2159 3063 δε
2179 3040 2238 3062 no-

1317 3077 1376 3111 stra
1389 3075 1599 3120 prohibemus
1616 3099 1624 3107 .
1652 3075 1696 3108 Et
1719 3085 1762 3109 ne
1781 3076 2005 3111 exactionibus
2018 3102 2029 3118 ,
2056 3089 2136 3121 quas
2150 3089 2237 3112 exer-

1315 3138 1385 3161 cere
1396 3127 1511 3161 solitus
1520 3126 1564 3160 est
1578 3149 1590 3166 ,
1615 3123 1749 3158 ulterius
1761 3125 1971 3169 adquiescant
1981 3151 1988 3158 .
2031 3127 2086 3161 Ad
2098 3126 2165 3160 haec
2175 3127 2237 3161 nisi

1317 3178 1455 3221 Joannes
1467 3176 1618 3214 Decanus
1630 3174 1870 3210 saresberiensis
1880 3201 1891 3217 ‚
1916 3177 1951 3211 dc
1962 3176 2064 3209 Wido
2085 3177 2239 3212 Decanus

1319 3225 1580 3266 Walthanensis,
1605 3225 1790 3268 &Ioannes
1813 3225 1960 3264 Cumin‚
1984 3227 2018 3259 ὅ(
2043 3224 2239 3269 Radulphus

1318 3275 1533 3310 Landavenfis
1550 3274 1858 3314 Archi-Diaconos,
1883 3277 1918 3310 δε
1941 3276 2106 3309 Wrmarus
2122 3277 2237 3311 Alum-

1317 3337 1375 3361 nus
1391 3325 1531 3360 Comitis
1551 3325 1726 3369 Hugonis‚
1753 3326 1836 3359 infra
1856 3325 2073 3360 Nativitatem
2093 3325 2232 3360 Domini

1318 3376 1462 3415 Ecclesiae
1480 3375 1566 3416 Dei,
1592 3386 1690 3416 quam
1718 3377 1885 3414 lzserunt,
1909 3376 1944 3409 &
1966 3376 2062 3409 nobis
2082 3376 2236 3410 satisfece-

1300 3428 1379 3464 rint
1393 3450 1405 3468 ‚
1429 3423 1558 3471 publice
1575 3423 1780 3461 denuncietis
1798 3436 1855 3460 eos
1875 3426 2030 3468 tanquim
2047 3434 2236 3460 excommu-

2067 3483 2192 3507 nicatos

433 2746 842 2815 EP‘ISTOLA
953 2775 1142 2813 XXX11.

637 2880 759 2913 Amicus
788 2880 904 2913 Amico.

423 2978 618 3017 OMlNUS
643 2977 881 3013 Cantuariensis
893 2978 1048 3013 conceffit
1064 2979 1099 3013 in
1125 2978 1251 3022 praesen-

448 3032 495 3065 tia
507 3029 631 3070 nostra,
643 3030 675 3063 &
688 3028 828 3063 Domini
843 3027 1016 3062 Trecensis
1029 3052 1040 3067 ,
1065 3029 1098 3063 ὁ(
1111 3039 1252 3072 quorun-

453 3081 528 3115 dam
548 3078 685 3113 aliorum
699 3102 712 3121 ‚
735 3077 878 3114 Nunciis
887 3077 1029 3112 Domini
1042 3078 1158 3122 Papae,
1183 3079 1253 3112 Do·

320 3139 415 3174 mino
437 3132 598 3167 Gratiano
629 3130 664 3163 &
686 3128 841 3173 magistro
864 3126 1012 3162 Viviano
1032 3151 1043 3166 ,
1078 3139 1138 3171 pro
1161 3128 1252 3162 bono

321 3188 432 3233 pag-¹13,
458 3192 494 3217 ut
524 3178 585 3214 hac
606 3179 675 3212 vice
711 3178 915 3212 absolverent
952 3179 1253 3213 excommunicatos

324 3239 402 3273 suos
412 3235 452 3269 ad
473 3239 625 3274 tempus,
651 3238 786 3270 accepto
811 3227 906 3262 abeis
926 3227 1110 3270 juramento
1124 3251 1135 3266 ,
1159 3228 1248 3269 quod

324 3287 452 3323 stabunt
464 3279 621 3317 mandato
632 3278 728 3322 ipsius
741 3277 1000 3316 Cantuariensis,
1024 3276 1046 3310 si
1061 3275 1125 3311 hoc
1144 3277 1254 3320 aliquo

327 3324 454 3370 efficere
475 3339 627 3376 poterunt
639 3353 649 3367 ‚
675 3328 718 3360 fin
732 3337 838 3361 autem
852 3351 862 3366 ,
888 3328 961 3361 suo.
988 3327 1030 3361 Et
1043 3327 1098 3370 ipsi
1109 3327 1195 3360 versa
1211 3329 1251 3360 vi-

329 3397 368 3420 ce
388 3384 601 3428 promiserunt
613 3378 764 3413 Domino
778 3375 899 3410 Archi·
916 3377 1077 3421 Episcopo
1088 3377 1120 3410 in
1144 3377 1251 3410 verita-

333 3444 390 3476 te,
415 3432 502 3477 quod
523 3432 544 3466 si
558 3441 625 3465 non
636 3430 733 3465 fuerit
750 3438 812 3473 pax
834 3424 998 3464 subsecuta
1022 3427 1104 3464 inter
1127 3427 1253 3473 Regem
