2358 3776
566 131 609 180 s,
657 126 949 178 THoMAE
998 119 1574 179 CANTUAR.L113.
1612 133 1672 179 v.

145 225 265 254 metur-
294 215 402 255 Unde
411 215 529 252 Beatus
541 217 605 261 Job
627 218 671 251 ait
685 231 698 250 .-
725 221 813 250 Arcus
837 227 918 249 meus
932 220 966 248 in
986 228 1076 250 manu

143 280 210 302 mea
232 267 460 308 instaurabitur.
485 268 590 301 Arcus
616 268 808 301 instauratur
822 268 857 300 in
869 276 986 307 manu,
1001 268 1076 302 cum

141 318 393 354 instrumentum
414 328 528 363 pugnae
551 317 722 358 Coelestis,
748 319 789 350 de
800 328 867 360 quo
877 316 982 360 jacula
1006 318 1079 351 mit-

142 378 259 403 tuntur
277 370 311 403 in
332 368 438 403 hostes
462 393 475 410 ,
514 367 608 403 bonae
628 366 881 403 conversationis
914 366 1078 410 adjutorio

145 418 338 454 roboratur.

194 480 247 512 17.
275 470 415 503 Praesens
428 469 529 514 igitur
540 468 731 508 Festivitas,
755 467 798 500 fic
811 464 925 500 laetitiae
944 467 1080 510 recipiat

140 518 406 553 blandimentum
417 543 429 559 ,
458 530 493 553 ut
507 519 706 553 severitatem
720 516 821 561 gladii
835 527 902 549 non
915 517 1079 552 excludat.

141 569 267 615 Qalis
280 568 378 603 etiam
391 569 501 603 laetitia
514 568 611 602 debet
623 570 685 602 esse
696 566 938 601 Festivitatibus
948 567 1080 601 Saneto-

140 630 213 653 tum
234 629 363 653 annexa
392 642 404 659 ,
440 618 609 653 manifeste
632 617 829 652 demonstrat
849 617 937 658 quod
959 617 1079 651 dicitur

143 679 200 712 per
210 668 413 703 psalmistam
426 681 434 702 :
459 671 575 703 servite
589 671 713 700 Domino
722 671 755 698 in
766 670 867 698 timore
880 690 890 706 ,
901 668 935 700 (5
947 668 1080 701 exultate

141 723 172 752 ei
192 729 260 752 cum
280 728 423 753 tremore.
453 718 540 753 Cum
553 719 672 753 timore
684 715 883 751 serviendum
895 716 940 751 est
963 718 1080 752 Domi·

139 779 210 808 no,
236 768 311 812 quia
323 770 367 803 sic
379 768 542 803 exultatio
563 768 682 801 timore
695 763 791 800 debet
811 768 884 800 acui
900 792 910 808 ‚
937 767 1016 801 ficut
1041 768 1078 800 ti—

138 827 214 852 mor
224 819 431 853 exultatione
442 817 590 852 condiri.
616 816 819 851 Decetenim
836 839 846 856 ,
875 827 910 851 ut
921 817 943 851 fi
956 817 1077 851 servitii

135 866 316 910 spiritualis
337 868 462 902 occasio
485 865 662 901 saecularem
690 866 835 901 laetitiam
857 867 1042 901 introducat
1068 891 1079 907 ,

134 915 266 951 timoris
286 917 507 961 magisterium
535 927 606 950 eam
633 926 773 960 premat,
798 927 833 949 ut
848 917 882 950 in
902 917 1077 951 refectione

135 966 224 1000 sacra
237 966 421 1001 dulcedinis
434 966 569 1000 simul&
584 967 752 1001 acriminis
765 966 879 1001 serviat
891 966 1079 1001 condimen-

135 1025 228 1050 tum.
259 1016 361 1062 Qiod
385 1017 482 1050 etiam
505 1015 585 1050 alibi
603 1017 795 1050 monstravit
817 1017 924 1060 aperte
945 1017 1078 1051 Psalmi-

135 1064 206 1106 sta,
231 1065 308 1100 cum
323 1066 388 1099 ait:
418 1067 520 1099 Deduc
535 1077 580 1099 me
601 1071 729 1100 Domine
752 1072 851 1100 invia
872 1077 948 1107 tua,
975 1072 1079 1111 ingre-

136 1116 208 1148 diui·
219 1114 254 1148 in
267 1121 398 1149 veritate
409 1124 463 1150 tua
475 1141 486 1157 ‚
512 1116 632 1150 lae'tetur
647 1128 693 1150 cor
706 1127 821 1157 meum,
846 1126 880 1151 ut
902 1122 1007 1150 timeat
1032 1127 1077 1148 no-

137 1175 208 1199 men
233 1173 331 1198 tuum.
360 1165 422 1201 Per
443 1167 528 1201 viam
542 1165 839 1200 Dominiambulat
853 1191 863 1208 ‚
888 1168 943 1210 qui
961 1166 1079 1209 sapien·

137 1214 228 1249 terei
240 1215 402 1250 ministrat
415 1242 422 1250 .
435 1215 626 1250 Minissrans
639 1227 746 1251 autem
763 1217 901 1250 Domini
916 1216 1078 1249 veritatem
1094 1236 1097 1264 j

134 1263 321 1308 ingreditur
335 1289 345 1305 ,
367 1265 441 1299 cum
454 1266 520 1308 ejus
533 1266 749 1300 ministerium
761 1266 800 1298 ad
815 1265 966 1299 Coelestia
980 1275 1079 1298 retor·
1094 1265 1097 1322 ᾗ

136 1325 256 1358 quetur
268 1339 275 1346 .
304 1314 483 1348 Ministerii
497 1313 572 1348 vero
583 1315 700 1347 modus
711 1314 853 1355 aperitur
871 1336 881 1352 ‚
911 1313 986 1346 cum
998 1311 1062 1346 dici
1071 1331 1080 1339 ·

136 1372 210 1397 tur:
238 1366 359 1397 laetetur
368 1374 414 1396 cor
424 1374 521 1396 meum
535 1387 545 1403 ,
571 1370 605 1395 ut
619 1368 724 1396 timeat
734 1372 837 1395 nomen
848 1371 932 1395 tuum
945 1387 953 1394 .

188 1410 242 1448 18.
272 1413 447 1455 Eleganter
469 1411 617 1453 expreffit
639 1436 649 1451 ,
685 1412 823 1455 qualiter
862 1413 895 1444 in
920 1411 1078 1454 obsequio

135 1462 279 1497 Domini
296 1462 330 1493 sit
344 1460 554 1505 gaudendum
568 1485 579 1501 ,
604 1461 659 1501 qui
677 1461 774 1494 laetari
787 1460 881 1504 petiit
896 1484 906 1500 ,
934 1471 968 1494 ut
983 1460 1078 1494 time-

134 1523 227 1546 rent.
257 1511 354 1544 Talis
379 1511 467 1544 enim
489 1511 584 1545 debet
605 1513 667 1544 esle
691 1510 799 1544 laetitia
822 1535 832 1550 ,
871 1520 905 1543 ut
925 1510 1075 1545 timorem
1138 1518 1242 1555 priora
1255 1524 1300 1545 me
1312 1510 1565 1554 ipsumextendo?

134 1561 279 1595 Domini
305 1561 490 1594 nullatenus
505 1561 630 1594 minuat
642 1585 652 1601 ‚
679 1561 711 1594 &
725 1560 799 1594 talis
808 1560 870 1594 esse
883 1559 1010 1593 timoris
1022 1572 1077 1594 cu-

131 1611 261 1651 stodia,
288 1613 363 1655 qua:=
394 1611 592 1654 spiritualem
633 1611 775 1644 laetitiam
803 1622 869 1644 non
882 1610 1035 1643 excludat
1069 1634 1076 1642 .

134 1660 244 1696 Unde
258 1663 428 1705 postquam
452 1661 621 1695 psalmista
646 1662 836 1705 praemiserat
850 1685 861 1701 ‚
887 1662 1007 1694 servite
1021 1664 1078 1693 Do-

131 1717 214 1745 mino
226 1719 260 1743 m
272 1719 377 1744 timore
392 1736 403 1751 ‚
431 1714 511 1746 reste
526 1710 710 1756 subjungit:
740 1714 785 1743 Et
807 1711 943 1744 exultate
965 1716 991 1744 ei
1011 1722 1075 1743 cum
1093 1700 1096 1744 ff

129 1767 257 1794 tremore
271 1786 277 1792 .
301 1761 387 1794 Cum
399 1763 489 1795 enim
506 1761 650 1795 Ecclesiae
663 1759 766 1794 Filios
777 1771 926 1802 oporteat
941 1761 1076 1794 salutern
1093 1746 1096 1807 !

132 1810 223 1845 suam
237 1821 312 1843 cum
325 1810 444 1844 timore
456 1812 487 1843 ἀ
500 1821 638 1843 tremore
650 1833 660 1847 ,
688 1810 765 1842 sicut
775 1810 853 1842 dicit
872 1810 1050 1852 Apostolus
1062 1832 1073 1848 ,
1092 1808 1096 1865 2

135 1861 282 1902 operari3
313 1862 432 1905 necdesse
447 1862 491 1893 est
507 1883 517 1898 ,
544 1870 577 1892 vt
590 1860 664 1892 cum
679 1858 839 1892 exultatio
851 1859 929 1892 foris
950 1858 1036 1893 adest
1066 1882 1077 1899 ,
1093 1866 1096 1901 ξ

131 1910 201 1953 ejus
214 1910 388 1954 ingressum
403 1911 500 1943 timor
514 1909 649 1941 interius
661 1910 864 1948 moderetur,
893 1919 933 1942 ne
946 1918 1014 1941 tota
1027 1918 1075 1941 ve·
1092 1902 1096 1944 Ι

131 1962 229 1994 niens
245 1960 285 1994 ad
297 1971 353 1994 cor
366 1962 463 1993 intret
474 1983 484 1997 ,
513 1960 545 1992 ὃ(
559 1956 598 1991 ad
612 1959 863 1991 immoderatum
875 1957 941 2000 ejus
955 1947 1095 2002 ingres-l

132 2011 205 2043 sum
219 2010 428 2043 infirmitatio
443 2009 630 2042 suffocetur.
665 2009 742 2041 Hoc
764 2017 870 2040 autem
897 2007 1075 2050 periculum
1091 2025 1094 2055 Ι

129 2060 274 2094 timor&
287 2070 407 2093 tremor
417 2057 594 2093 excludant
607 2083 617 2098 ,
647 2058 797 2091 videlicet
814 2069 848 2091 ut
874 2068 964 2091 mens
991 2057 1074 2091 mala
1091 2057 1094 2065 ’

129 2121 202 2154 quae
213 2109 343 2151 possunt
355 2108 518 2147 accidere,
549 2107 687 2142 sollicite
702 2107 921 2150 pertimescat,
950 2107 983 2141 &
1006 2118 1075 2142 cor-

129 2169 192 2204 pus
205 2159 325 2192 mentis
338 2159 499 2200 obsequio
512 2158 542 2191 se
554 2168 736 2191 reverenter
748 2158 880 2192 addicat
891 2181 898 2190 .

189 2219 238 2254 19.
268 2208 418 2250 Sequitur
438 2219 445 2238 :
474 2207 677 2248 Replebunrur
699 2215 732 2241 ut
757 2206 877 2241 Phialae
902 2231 913 2247 ‚
938 2208 971 2241 (9³
994 2205 1079 2250 quafi

129 2269 240 2294 cornua
255 2259 368 2293 altaris
386 2282 393 2289 .
422 2256 484 2290 Per
495 2256 671 2292 Phialas&
699 2257 820 2291 Altaris
844 2269 968 2293 cornua
981 2281 992 2298 ,
1020 2268 1074 2290 no·

129 2309 182 2344 bis
194 2308 239 2343 est
256 2307 417 2342 insinuata
432 2306 561 2349 justitia}
573 2308 698 2352 duplex
715 2310 820 2342 forma
833 2332 844 2348 ,
871 2308 965 2341 variis
976 2306 1075 2340 confi-

133 2358 367 2394 derationibus
377 2356 577 2392 observanda
590 2383 597 2390 .
625 2359 740 2392 Sansta
752 2369 893 2400 namque
906 2369 969 2392 con
977 2357 1073 2390 versa-

127 2410 201 2449 tio,
229 2419 266 2442 ut
280 2409 323 2441 ita
335 2406 474 2441 dixerim
487 2431 498 2447 ,
528 2419 615 2441 nunc
627 2408 669 2442 ab
682 2408 821 2453 angusto
845 2406 952 2441 tendit
977 2408 1009 2439 in
1033 2406 1072 2439 la·

129 2466 202 2492 tum
214 2481 226 2497 ,
253 2456 377 2490 Phialae
390 2457 527 2501 figuram
539 2457 725 2499 exprimens
738 2482 749 2497 ,
775 2469 844 2500 quae
866 2457 1007 2490 fundum
1020 2454 1068 2489 ha-

128 2507 189 2543 bet
199 2506 395 2551 angustum,
425 2506 478 2540 sed
493 2509 639 2550 patulum
652 2520 688 2542 os
703 2509 736 2541 &
748 2507 894 2550 amplum
909 2520 919 2540 .-
948 2507 980 2540 &
995 2507 1073 2539 dum

133 2558 169 2592 in
183 2558 286 2591 altum
304 2554 470 2595 ascendit,
497 2557 654 2599 paulatim
676 2559 709 2591 in
734 2558 944 2591 latitudinem
971 2555 1073 2589 sedif-

133 2605 265 2643 fundit.
293 2603 500 2646 Itajust'itia,
528 2605 606 2638 dum
619 2606 770 2648 proficit,
796 2607 954 2653 paulatim
974 2606 1073 2638 incre·

129 2667 282 2692 mentum
310 2655 463 2698 suscipit,
488 2655 523 2688 dc
549 2656 579 2687 in
595 2655 691 2689 bonis
712 2654 863 2698 operibus
885 2655 1039 2689 dilatatur
1065 2679 1073 2687 .

132 2704 302 2741 Interdum
317 2713 422 2738 autern
437 2705 595 2740 Sanctitas
620 2706 823 2749 progreditur
843 2705 874 2737 in
902 2716 1034 2738 acutum
1064 2728 1074 2743 ,

133 2758 214 2791 ficut
227 2755 347 2789 Altaris
358 2765 478 2788 cornua
492 2756 622 2789 sumant
636 2755 767 2790 initium
779 2757 796 2789 a
810 2754 981 2789 latitudine
995 2779 1005 2794 ,
1025 2752 1072 2786 sed

128 2805 282 2850 deinceps
296 2806 325 2839 se
338 2806 625 2847 coarstant,³taque
638 2806 671 2838 in
683 2806 834 2839 acumine
846 2806 1073 2840 terminantur.

184 2865 241 2893 20.
270 2853 470 2889 Affimilatur
484 2853 534 2888 his
551 2854 704 2889 cornibus
725 2855 844 2897 justitia
869 2856 1072 2893 consumma·

132 2916 168 2942 ta
180 2929 190 2945 ‚
220 2916 288 2949 quae
301 2904 376 2938 cum
390 2905 618 2947 perfectionem
632 2905 725 2939 fuerit
751 2905 890 2940 assecuta
903 2930 913 2946 ‚
941 2916 996 2952 per
1015 2904 1074 2937 hu-

131 2955 285 2991 militatis
298 2953 489 2988 modestiam
506 2955 535 2988 se
546 2955 765 3000 constringit,
789 2955 864 2989 cum
889 2957 920 2988 in
947 2954 1072 2988 merito·
1095 2960 1100 2967 ’

133 3016 207 3040 rum
222 3004 417 3038 excellentia
432 3003 519 3046 prius
531 3004 622 3039 fuerit
636 3008 790 3039 dilatata.
824 3005 974 3039 Attendit
985 3006 1072 3038 enim

132 3055 267 3090 verbum
282 3054 442 3095 Sapientis
457 3055 517 3087 viri
527 3054 686 3089 dicentis:
715 3057 839 3098 ,Quanta
852 3068 961 3099 magna
974 3055 1011 3095 est
1022 3064 1072 3095 po·

131 3111 233 3140 tentia
265 3107 320 3136 Dei
342 3101 452 3144 fhlius,
483 3106 516 3138 <¹5
537 3103 579 3136 ah
590 3104 753 3139 iumihbus
777 3105 938 3140 honoratur
962 3130 969 3136 .
999 3105 1073 3138 Hac

133 3154 394 3189 consideratione
408 3152 454 3185 vir
467 3152 567 3195 justus
578 3179 588 3194 ‚
610 3158 733 3198 quanto
745 3155 1073 3200 magisss'nperfestio·

135 3215 213 3239 nem
243 3204 274 3236 se
299 3203 420 3246 erigit,
447 3203 540 3236 tanto
563 3215 616 3246 per
636 3204 853 3240 humilitatem
878 3204 1022 3248 amplius
1043 3205 1072 3238 se

136 3252 331 3291 substernit:
361 3264 400 3286 ne
413 3252 545 3296 superba
558 3254 599 3288 de
610 3254 640 3287 se
652 3255 763 3290 sentiat
776 3281 788 3294 ‚
812 3257 846 3290 ὃς
861 3268 914 3299 per
927 3258 1071 3298 praesum-

136 3305 286 3348 ptionem
301 3302 514 3345 praecipitatus
524 3314 652 3339 corruat
664 3329 676 3346 ‚
700 3316 754 3341 aut
765 3319 818 3351 per
829 3307 983 3341 inaneum
1003 3305 1070 3350 glo-

137 3356 221 3388 riam
233 3353 404 3386 evanescat
418 3376 425 3384 .

191 3413 246 3439 21.
273 3401 555 3448 Qaliterjustitia
581 3405 752 3447 proficiens
775 3407 949 3447 dilatetur,
984 3405 1071 3440 Salo-

140 3463 221 3490 mon
233 3451 329 3486 docet
350 3451 479 3486 dicens:
499 3455 530 3496 J
532 3454 655 3494 ustorum
671 3454 781 3499 semita
791 3458 876 3504 quast
897 3459 949 3492 lux
965 3454 1071 3501 splen-

241 3500 348 3543 christ.
360 3505 440 3546 Lupi
453 3506 552 3548 Opera
562 3507 686 3541 Tom.X.

1894 147 1994 198 '375

1141 219 1216 252 dens
1223 217 1357 260 procedit
1369 240 1380 255 ,
1407 218 1440 251 ἐν
1450 214 1552 259 cri-sirit
1561 215 1651 258 usque
1662 219 1706 250 ad
1713 219 1881 262 perftffam
1893 223 1976 255 diem
1989 248 1996 255 ,
2025 222 2066 266 Ju

1142 268 1225 302 stitia
1237 277 1376 310 namque
1387 266 1611 309 chmincipst,
1638 267 1744 308 primo
1769 274 1858 307 tenui
1875 273 1949 307 luce
1973 273 2073 307 clare-

1143 318 1214 352 scit.
1242 315 1303 351 Sed
1315 317 1389 350 cum
1403 317 1632 360 perfectionem
1646 318 1789 360 attigerit
1802 345 1812 359 ‚
1840 322 1995 357 claritatis
2007 324 2071 357 suae

1142 368 1250 402 radios
1269 367 1522 411 circumquaque
1540 365 1715 400 diffundit.
1745 366 1836 401 Hinc
1859 383 1912 413 per
1933 374 2072 407 Psalmffi-

1142 417 1220 452 stam
1230 418 1350 451 dicitur
1362 430 1370 450 ε
1398 421 1484 450 Viam
1496 418 1709 449 mandatorum
1721 425 1835 450 tuorum
1845 428 1977 461 cucurri,
2003 425 2071 456 cum

1143 467 1272 506 dilatasti
1283 479 1328 501 cor
1339 478 1434 501 meum
1445 493 1452 500 .
1482 467 1524 500 Et
1535 467 1650 500 iterum
1663 479 1685 510 ³,
1701 470 1747 499 Et
1760 467 1950 500 ambulabam
1962 477 1992 502 in
2002 473 2076 505 lati.

1141 519 1273 552 tudinem
1284 544 1294 559 ‚
1321 524 1391 560 quia
1403 518 1553 550 Mandata
1564 525 1617 549 tua
1628 515 1773 558 exquisivi
1785 542 1792 549 .
1821 517 1914 550 Hinc
1924 518 2024 551 etiam
2036 522 2074 554 in

1145 569 1329 603 Proverbiis
1339 568 1380 602 ad
1395 567 1517 601 Filium
1532 567 1626 600 Pater
1639 569 1697 599 ait:
1710 567 1928 608 Viamjustin'ae
1939 566 2078 607 monstra-

1142 618 1176 651 bo
1185 619 1263 658 tibi,
1291 620 1395 651 ducam
1405 627 1434 651 te
1441 625 1496 660 per
1500 615 1626 659 semitas
1651 623 1807 659 aequitatis
1820 642 1830 657 ‚
1857 627 1934 660 quas
1957 617 2080 650 cimm-

1138 669 1247 713 greffus
1251 667 1370 709 fueris,
1394 679 1451 700 non
1463 667 1656 700 ‹ni-dabuntur
1673 668 1783 709 greffiu
1798 673 1843 700 tui
1861 691 1873 708 ,
1900 668 1935 701 ἀν
1956 677 2079 700 currens

1143 730 1200 751 non
1211 718 1331 751 babebis
1341 717 1544 758 offendiculum
1556 741 1562 748 .
1575 716 1702 760 Justitia
1716 728 1857 760 namque
1868 717 2024 751 festinans
2036 715 2079 750 ad

1145 768 1310 811 praemium
1325 792 1336 808 ‚
1361 779 1421 802 nec
1434 767 1583 812 angustia
1596 768 1772 800 condiatur
1786 791 1796 807 ‚
1825 778 1884 800 nec
1896 765 2082 802 offendicu-

1145 819 1177 851 lo
1187 817 1375 861 praepedirur
1386 842 1396 857 ,
1423 818 1498 859 quia
1513 816 1682 852 Dominus
1693 817 1721 850 ei
1734 819 1899 851 contraria
1912 815 2040 860 dissipat
2066 840 2080 858 ,

1143 868 1256 910 &ejus
1278 867 1511 911 impedimenta
1535 867 1742 910 complanat.
1770 867 1862 901 Hinc
1883 867 1980 901 etiam
2000 866 2079 901 cum

1144 919 1310 952 Profectus
1324 917 1434 951 David
1457 918 1618 961 Scriptura
1641 917 1734 951 Sacra
1757 916 1970 957 describeret,
1998 916 2043 951 ait
2071 926 2083 949 t

1142 970 1251 1001 David
1256 967 1433 1010 proficiens,
1463 969 1496 1001 ὁ·
1504 965 1616 1009 semper
1621 966 1727 1011 seipso
1750 967 1889 1007 robustior
1912 973 1994 1004 erat,
2022 968 2083 998 Do-

1142 1030 1205 1051 mus
1216 1028 1316 1052 autem
1326 1018 1399 1050 Saul
1419 1016 1584 1060 decrescens
1611 1019 1760 1060 quotidie.
1791 1017 1895 1061 Jussus
1913 1016 2001 1050 enim
2025 1026 2083 1059 pet

1142 1068 1343 1102 incrementa
1356 1069 1545 1102 meritorum
1558 1066 1729 1109 ascendet,
1752 1068 1890 1110 injustus
1901 1077 2009 1102 autem
2024 1075 2081 1111 pet

1144 1118 1302 1152 malorum
1316 1128 1450 1161 operum
1463 1118 1669 1152 decrementa
1683 1117 1846 1152 decrescet
1860 1143 1868 1150 .

1191 1179 1246 1204 22.
1278 1168 1347 1215 Qi
1360 1179 1467 1201 autem
1482 1168 1636 1209 profe-&ui
1653 1167 1810 1202 virtutum
1831 1166 1945 1201 insistit
1958 1191 1968 1207 ,
1994 1165 2083 1210 quafi

1144 1218 1349 1260 semetipsum
1387 1218 1590 1261 proficiendo
1612 1217 1829 1252 transcendit.
1859 1216 1976 1252 Carnis
1991 1216 2083 1250 enim

1142 1268 1357 1309 corruptelam
1377 1268 1493 1300 deserit
1506 1291 1517 1306 ‚
1543 1268 1576 1300 &
1590 1267 1753 1309 spirituale
1764 1267 1933 1311 fastigium
1961 1277 2085 1310 p0ten-

1142 1327 1189 1353 ter
1203 1316 1371 1359 accingit.
1400 1315 1527 1346 Nonne
1550 1317 1642 1355 super
1665 1317 1872 1356 semetipsum
1896 1323 2084 1348 excreverat

1143 1365 1168 1398 is
1182 1389 1192 1403 ,
1220 1362 1274 1406 qui
1287 1366 1332 1398 ait
1347 1387 1358 1403 ‚
1383 1366 1461 1396 Vivo
1471 1374 1521 1406 ego
1533 1364 1617 1403 ,jam
1629 1374 1684 1395 non
1697 1374 1767 1407 ego,
1782 1369 1866 1396 vivit
1878 1372 1977 1396 autem
1990 1370 2024 1396 in
2036 1374 2083 1397 me

1141 1413 1272 1452 Christus
1286 1416 1298 1446 ?
1326 1414 1452 1446 Nonne
1464 1415 1553 1454 super
1568 1414 1598 1444 se
1611 1413 1781 1446 ascendere
1794 1411 1963 1445 videbatur
1973 1437 1983 1452 ,
2004 1412 2081 1446 cum

1141 1462 1289 1503 dicebat,
1315 1473 1382 1503 quae
1394 1464 1472 1495 retra
1492 1460 1565 1504 sunt
1588 1459 1780 1503 obliviscens,
1807 1463 1852 1494 ad
1867 1473 1901 1494 ea
1924 1473 1990 1503 quae
2007 1461 2083 1504 sunt

1591 1511 1691 1560 Qiod
1705 1512 1744 1545 de
1756 1512 1886 1545 virtutis
1899 1512 2079 1546 incremen-

1141 1573 1175 1597 to
1190 1563 1416 1605 praediximus,
1442 1559 1619 1601 videlicet,
1644 1561 1734 1605 quod
1758 1561 1881 1603 justitia
1906 1560 2082 1605 proficiens

1139 1613 1382 1651 dilatatur,fuit
1395 1611 1560 1646 evidenter
1574 1610 1607 1644 in
1621 1611 1736 1655 templi
1749 1611 1868 1645 fabrica
1881 1611 2057 1656 figuratum
2067 1636 2077 1646 .

1140 1665 1291 1707 Superius
1305 1673 1445 1706 namque
1458 1661 1641 1696 tabulatum
1654 1662 1685 1695 in
1701 1662 1825 1704 templo
1838 1660 1993 1704 majorem
2008 1662 2081 1696 lati·

1139 1712 1287 1747 tudinem
1299 1712 1497 1752 obtinebat,
1525 1710 1657 1745 inferius
1680 1710 1756 1744 vero
1777 1711 1958 1746 minorem.
1989 1712 2081 1749 Nam

1140 1763 1289 1797 infimum
1303 1762 1485 1796 tabulatum
1496 1761 1643 1805 quinque
1665 1759 1795 1795 cubitos
1817 1760 2004 1795 latitudinis
2028 1760 2082 1804 ha}

1140 1812 1211 1847 buit
1222 1837 1233 1853 ,
1260 1813 1406 1846 medium
1422 1810 1494 1846 vero
1508 1811 1562 1845 sex
1575 1834 1585 1850 ,
1613 1812 1757 1855 su'perius
1769 1821 1879 1845 autem
1891 1811 2029 1855 septem.

1191 1874 1245 1911 23.
1274 1861 1463 1902 Tabulata,
1491 1861 1610 1904 quibus
1630 1861 1745 1905 templi
1770 1861 1906 1905 parietes
1927 1861 2083 1897 decorari⁴

1138 1921 1210 1953 tur>
1238 1913 1310 1945 sunt
1323 1911 1437 1945 fideles
1454 1911 1626 1951 Bedente,
1653 1912 1706 1955 qui
1719 1922 1789 1946 eam
1814 1911 1955 1945 vestiunt
1970 1913 2004 1947 ἀ
2032 1923 2082 1946 or·

1140 1972 1217 1994 nant
1228 1986 1238 2002 ‚
1269 1962 1346 1996 sicut
1359 1962 1478 1996 dicitur
1488 1962 1518 1996 ei
1545 1973 1599 2004 per
1612 1961 1835 2006 prophetam:
1859 1964 1937 1995 Vivo
1948 1973 1998 2006 ego
2010 1986 2021 2001 ,
2033 1961 2082 1996 di*

1137 2012 1181 2045 cit
1195 2011 1364 2046 Dominus
1377 2037 1386 2052 ,
1397 2018 1468 2055 quia
1482 2012 1614 2045 omnibus
1629 2011 1677 2045 bis
1690 2013 1772 2046 velut
1784 2022 1959 2046 ornamento
1980 2012 2080 2050 vestio·

1137 2067 1179 2093 ris
1192 2087 1202 2101 ,
1214 2062 1246 2095 <⁰5
1259 2062 1454 2096 circumdabit
1467 2061 1522 2094 tibi
1545 2073 1591 2095 eos
1606 2061 1689 2106 quafi
1701 2061 1813 2106 sponsa
1823 2087 1831 2094 .
1858 2061 1946 2096 Bene
1967 2070 2082 2097 autem

1138 2112 1278 2146 tabulata
1293 2112 1379 2146 viros
1404 2111 1601 2146 catholicos
1627 2114 1800 2152 indicant,
1827 2123 1967 2156 quorum
1979 2112 2083 2146 corda

1137 2160 1277 2196 charitas
1285 2160 1451 2197 dilatavit:
1485 2162 1658 2204 disciplina
1674 2161 1824 2197 Coelestis
1837 2161 1959 2196 excidit
1971 2185 1983 2202 ,
2010 2162 2098 2195 sim³⁵

1138 2212 1265 2252 plicitas
1276 2212 1519 2255 complanavit.
1546 2213 1638 2247 Huic
1650 2213 1755 2247 sensui
1781 2211 1864 2247 bene
1883 2212 2041 2257 congruit
2065 2235 2079 2252 ,

1135 2260 1223 2303 quod
1237 2260 1380 2293 tabulata
1392 2262 1523 2296 fuerunt
1535 2262 1570 2295 in
1591 2262 1810 2307 superioribus
1835 2263 1951 2296 latiora
1966 2284 1978 2300 ,
2005 2261 2084 2304 quia.

1138 2308 1281 2343 fidelium
1295 2319 1419 2343 mentes
1431 2309 1471 2343 ad
1490 2313 1683 2353 temporalia
1707 2315 1739 2345 fe
1760 2311 1995 2355 constringunt
2012 2333 2023 2350 ‚
2049 2310 2083 2344 &e

1136 2360 1174 2393 ad
1189 2358 1340 2393 Coelestia
1351 2359 1382 2392 se
1396 2359 1588 2402 expandunt
1603 2385 1608 2393 .
1622 2361 1783 2395 Similiter
1795 2369 1904 2393 autem
1918 2360 2083 2402 templum

1136 2408 1223 2453 quod
1241 2407 1408 2443 Ezechieli
1423 2409 1481 2442 fuit
1493 2408 1660 2441 ostensum
1674 2432 1685 2447 ,
1712 2408 1858 2449 superius
1872 2409 1966 2441 fuiile
1980 2409 2080 2443 latius

1137 2457 1340 2501 perhibetur.
1370 2458 1440 2503 Qii
1454 2465 1564 2490 autem
1575 2456 1690 2499 templi
1705 2456 1840 2489 nomine
1857 2456 2040 2500 figurentur
2066 2481 2080 2498 ,

1138 2509 1234 2543 docet
1246 2509 1301 2542 ille
1314 2508 1368 2549 qui
1381 2509 1425 2539 ait
1441 2519 1448 2538 :
1463 2502 1596 2548 Nescitis
1607 2511 1679 2547 quia
1692 2507 1848 2547 Templum
1860 2509 1918 2540 Dei
1928 2506 1994 2547 estis
2011 2508 2024 2540 Ρ
2040 2506 2084 2542 Et

1138 2560 1158 2592 si
1177 2561 1270 2594 suave
1283 2554 1483 2591 videturhoc
1495 2555 1648 2595 verbum,
1674 2558 1888 2599 pungiturum
1912 2558 1956 2591 est
1983 2556 2082 2591 valde

1136 2609 1223 2652 quod
1237 2606 1378 2651 sequitur
1395 2608 1440 2638 :52
1451 2610 1515 2648 quis
1531 2606 1685 2647 Templum
1698 2609 1755 2639 Det
1768 2607 1932 2640 violaverit
1947 2631 1957 2648 ,
1967 2605 2084 2652 disper-¹

1138 2661 1188 2692 det
1200 2660 1279 2692 illum
1296 2659 1374 2688 Deus
1386 2679 1394 2688 .

1186 2719 1238 2753 24.
1262 2708 1314 2740 De
1326 2704 1474 2749 Templo
1484 2704 1583 2739 etiam
1599 2702 1744 2748 superius
1757 2712 1942 2739 memorato
1956 2704 2082 2751 legitur

1136 2757 1256 2793 audisse
1275 2755 1439 2798 Propheta
1453 2768 1462 2787 ι
1490 2758 1535 2788 Tu
1547 2755 1698 2795 autemfili
1710 2754 1838 2788 hominis
1852 2755 1966 2796 ostende
1978 2758 2081 2789 domui

1138 2807 1232 2850 lsrael
1242 2807 1393 2847 Templum
1403 2831 1414 2847 ‚
1440 2813 1474 2839 ut
1485 2805 1709 2848 confundantur
1724 2805 1762 2837 ab
1775 2806 1987 2847 iniquitatibus
1997 2804 2080 2848 suu.

1137 2856 1397 2892 Confunduntur
1422 2866 1562 2899 namque
1574 2855 1742 2889 salubriter
1765 2866 1975 2898 peccatores,
2000 2855 2082 2891 cum

1136 2919 1180 2942 eis
1205 2907 1397 2951 proponitur
1419 2906 1453 2938 in
1479 2906 1666 2949 exemplum
1679 2905 1744 2938 vita
1756 2904 1934 2947 justorum.
1961 2906 1999 2938 ln
2015 2905 2084 2939 hoe

1136 2958 1223 2991 enim
1240 2956 1370 3000 speculo
1393 2956 1536 2990 maculas
1558 2958 1628 2990 suas
1648 2954 1835 2999 agnoscunt
1864 2980 1875 2995 ‚
1903 2956 1936 2988 &
1952 2965 2006 2987 eas
2036 2954 2083 2989 la-

1136 3005 1341 3051 chrymando
1363 3006 1498 3040 diluunt
1519 3031 1530 3046 ,
1557 3007 1591 3039 δε
1615 3004 1810 3048 poeiiitentiae
1845 3004 1999 3038 lamentis
2030 3003 2085 3038 ab·

1137 3058 1298 3101 stergunt.
1327 3057 1504 3100 Eleganter
1527 3064 1636 3090 autern
1659 3052 1724 3087 hoc
1748 3055 1908 3097 templum
1933 3053 2081 3097 superius

1136 3107 1229 3142 fuisse
1241 3107 1336 3141 latius
1349 3116 1549 3141 memoratur
1562 3129 1573 3145 ‚
1599 3104 1677 3146 quia
1689 3104 1788 3144 ,sicut
1801 3103 1945 3138 diximus
1955 3129 1968 3144 ‚
1978 3102 2082 3138 corda

1135 3158 1291 3201 justorum
1303 3159 1507 3191 conflantur
1528 3155 1564 3188 in
1587 3154 1748 3195 infirmis,
1775 3155 1810 3188 &-
1834 3154 2016 3187 dilatantur
2043 3153 2081 3186 in

1137 3208 1286 3242 summis.
1315 3206 1497 3241 Suntenirn
1510 3204 1608 3239 corda
1621 3204 1787 3239 bonorum
1798 3201 1991 3236 Thuribulo
2016 3200 2082 3235 val-

1134 3258 1175 3292 de
1194 3257 1332 3296 similia,
1361 3254 1452 3299 quod
1471 3265 1547 3289 cum
1566 3255 1603 3288 sit
1627 3255 1779 3288 clausum
1803 3252 1938 3286 inferitis
1951 3276 1962 3292 ‚
1991 3253 2081 3295 supe·

1135 3308 1201 3343 rius
1224 3306 1270 3342 est
1289 3314 1432 3348 apertum
1459 3330 1467 3338 .
1502 3305 1690 3339 Secundum
1713 3303 1798 3336 hanc
1821 3301 2081 3337 similitudinem

1136 3360 1192 3402 piae
1204 3366 1332 3391 mentes
1350 3356 1389 3390 ad
1410 3366 1534 3390 terrena
1555 3356 1587 3388 se
1598 3351 1776 3392 claudunt,
1803 3352 1837 3385 ὃς
1863 3353 2011 3395 aperiunt
2035 3350 2081 3386 ad

1137 3409 1286 3452 superna.
1315 3404 1394 3439 Hoc
1420 3405 1497 3448 quia
1517 3403 1552 3437 in
1575 3402 1769 3446 Apocalypsi
1794 3402 1938 3446 legitur,
1966 3402 2081 3446 Ange·

1138 3460 1187 3494 lus
1196 3455 1333 3493 tenuisse
1346 3453 1573 3490 Thuribulum
1584 3477 1596 3495 ‚
1605 3452 1696 3497 quod
1707 3453 1899 3487 Sanctorum
1905 3450 2083 3492 Orationiq

1629 3503 1683 3537 li
1731 3514 1756 3541 2
1967 3500 2028 3534 bus
