2358 3776
388 152 450 190 26

320 238 371 264 tur
383 252 394 268 ‚
416 221 554 266 qualiter
562 220 784 259 facundusille
796 218 1024 257 Grammaticae
1041 221 1196 264 prosiliret
1218 219 1258 256 de

319 286 413 323 portu
426 276 459 307 in
471 282 622 318 portum,
646 272 745 308 soluti
767 273 840 309 sunt
859 270 1004 307 ‘inrisum
1027 272 1182 307 universi.
1206 272 1255 308 In·

321 338 368 361 tet
376 333 551 368 quesumus
562 333 770 367 prorumpens
779 324 815 357 in
828 330 940 355 vocem
952 320 1077 366 iuquit:
1101 324 1181 358 Male
1192 333 1257 357 tan·

317 377 386 409 dem
396 373 503 414 venisti
512 375 558 408 ad
569 382 708 416 portum.
734 371 773 407 In
796 381 863 415 quo
875 369 974 405 verbo
996 372 1194 419 Episcopum
1217 373 1258 406 il·-

316 425 387 462 lum
398 425 443 460 ita
464 423 635 459 infatuavit
658 422 845 464 Dominus,
872 419 960 467 quod
970 420 1011 456 de
1032 434 1145 460 caetero
1158 425 1258 461 fastus

316 473 362 510 est
385 485 493 510 mutus
510 475 540 509 ἀ
564 472 722 516 elinguis.

366 523 577 559 Eboracenfis
590 532 696 555 autem
710 546 722 562 ,
748 520 890 566 priorum
902 520 1030 557 ruinam
1051 524 1222 559 attendens
1248 549 1257 564 ‚

315 573 418 609 animi
430 570 729 615 impetumstuduit
750 580 943 615 temperare.
972 575 1086 614 Pater,
1113 574 1219 618 inquit
1248 598 1258 614 ,

313 635 409 657 mores
423 620 646 662 Camuarienfis
660 623 694 655 (9·
700 620 803 661 studia
812 626 923 655 nemini
933 626 1079 658 innotuere
1098 623 1258 667 plusquam

312 672 389 707 mibi
400 698 408 707 .
435 675 474 709 Id
487 678 582 706 animi
593 673 657 712 qius
668 676 740 707 novi
753 669 931 716 Propositum
950 673 990 706 ab
1001 679 1102 715 initio,
1130 684 1164 708 ue
1177 676 1260 718 quod

309 722 400 769 semel
405 728 564 765 arripuerit
573 734 610 756 ex
616 720 785 765 sententia,
815 721 892 755 abeo
896 720 991 763 facile*
1004 735 1061 756 non
1069 725 1148 767 poffit
1155 725 1255 758 avelli.

314 773 548 817 ,Quarefaciliics
560 774 641 808 credi
661 780 772 813 oportet
792 770 886 816 ipsum
897 777 929 805 in
939 772 1016 806 banc
1036 774 1256 815 obstinationem
1284 798 1286 805 .

310 826 350 859 de
368 822 424 866 sua
450 825 572 859 levitate
593 823 629 855 de
653 832 731 855 more
757 822 887 865 incidisse
904 845 912 855 .
937 826 982 856 Et
992 825 1082 857 aliam
1091 836 1149 857 non
1168 826 1255 858 video

314 880 401 907 viam
414 875 459 907 ad
470 876 533 914 eJ'us
544 884 590 906 cor
597 870 750 905 rec‘iionem
761 896 772 912 ,
801 878 834 905 m
833 872 864 913 fi
869 882 902 907 ut
913 872 1010 914 vestra
1021 871 1159 919 Discreeio
1167 876 1210 908 ad
1223 876 1258 908 id

316 924 496 966 efficiendum
506 934 627 961 manum
638 931 770 966 apponat
775 927 948 970 graviorem
956 947 966 959 .
991 923 1253 973 ῙηΐεΙΙίεενκὶῙαιὲς

309 972 421 1010 ὀΐέῖιεηί
426 983 509 1016 puto,

364 1025 544 1068 Episcopus
556 1023 749 1062 Exonienfis
761 1023 930 1067 subjunxit
945 1038 957 1060 .·
983 1027 1077 1060 Pater
1100 1036 1158 1059 non
1175 1033 1254 1068 opor-

309 1082 353 1112 tet
363 1076 488 1108 multum
497 1079 529 1108 in
541 1074 587 1106 his
598 1078 748 1107 immorari
761 1099 768 1107 .
793 1073 960 1118 Causa'ista
971 1080 1003 1109 m
1027 1075 1253 1119 cantuarienfis

310 1122 519 1167 absentiae‘non
528 1123 619 1157 habet
628 1129 800 1158 terminari.
829 1127 963 1160 Petimus
992 1131 1082 1172 igitur
1104 1130 1229 1171 Legatos
1238 1151 1249 1168 ,

311 1180 364 1216 qui
373 1180 451 1207 inter
464 1176 621 1207 Dominum
631 1176 739 1217 Regem
749 1175 785 1208 Θ
805 1175 1053 1220 εαηιηανὶεηῙί-νη
1071 1176 1172 1218 pofflnt
1187 1187 1255 1211 cau*

306 1222 374 1267 sam
386 1223 471 1264 istam
484 1224 588 1258 audire
606 1247 617 1264 ,
643 1224 678 1257 Θ
690 1226 828 1257 auditam
839 1225 963 1267 definire
973 1251 980 1258 .
1009 1226 1051 1260 Et
1065 1225 1220 1261 subticuit
1245 1251 1252 1258 .

311 1273 386 1309 Nec
401 1275 505 1317 primo
516 1283 630 1308 eorum
641 1273 758 1315 aliquis
770 1274 1003 1319 Episcoporum
1016 1277 1155 1321 amplius
1164 1277 1252 1311 addi-

308 1324 357 1359 dit
369 1342 380 1351 ·
403 1324 439 1359 ld
459 1333 568 1359 autem
591 1322 706 1359 videns
725 1324 848 1359 Comes
866 1324 907 1360 de
929 1325 1079 1362 Atondel
1102 1352 1113 1368 ,
1150 1325 1252 1361 stabat

307 1374 396 1409 enim
410 1374 443 1408 in
459 1374 575 1409 ordine
588 1374 646 1407 suo
665 1384 742 1408 cum
763 1374 976 1412 multitudine
994 1376 1156 1418 militum,
1196 1389 1252 1419 po-

302 1424 403 1460 stulat
413 1423 632 1460 audientiam,
660 1423 800 1460 Erfasto
810 1424 938 1460 silentio
957 1426 1089 1468 inquit.-
1115 1426 1251 1467 Domine,

302 1475 384 1518 quod
389 1476 476 1509 locuti
480 1474 608 1516 fuerunt
619 1472 777 1517 Episcopi,
803 1487 854 1508 nos
873 1476 1007 1510 illiterati
1028 1477 1153 1518 penitus
1170 1482 1250 1521 igno-

306 1536 426 1559 ramus-
454 1526 525 1558 Ideo
535 1531 648 1565 oportet
660 1535 712 1556 not
722 1526 833 1558 edicere
846 1548 857 1564 ,
882 1525 1171 1569 quomodopoffumus
1184 1551 1196 1567 ‚
1210 1527 1255 1560 ad

304 1575 383 1618 quod
388 1571 492 1616 sumus
507 1573 596 1611 mff:
624 1574 699 1604 Non
726 1574 771 1604 aa
789 1573 841 1605 hoc
862 1580 961 1616 utique
970 1583 1003 1606 ut
1013 1577 1222 1608 contendamus
1241 1599 1252 1615 ,

305 1626 359 1659 vel
366 1628 499 1665 cuiquam
504 1620 656 1664 faciamus
668 1611 857 1655 contumeiias
867 1645 879 1662 ,
899 1627 932 1657 in
951 1620 1101 1664 conspeli'u
1121 1626 1253 1658 maxime

307 1680 391 1708 tanti
401 1678 465 1707 viri
473 1674 554 1715 quus
565 1676 653 1707 nutui
662 1670 696 1704 δ’
706 1669 884 1703 authoritati
892 1670 926 1713 se
945 1673 1056 1712 dejure
1078 1681 1158 1706 totus
1170 1674 1252 1706 inclt-

309 1733 366 1759 nat
381 1723 511 1757 Mundus
523 1744 534 1762 ,
556 1721 612 1765 sed
618 1720 662 1753 ad
674 1719 834 1762 boeprocul
842 1720 933 1754 dubio
949 1725 1086 1756 venms
1098 1744 1110 1761 ,
1133 1730 1167 1755 ut
1192 1725 1252 1754 Do-

307 1779 382 1808 mini
392 1777 481 1818 Regis
498 1771 584 1812 nostri
603 1771 785 1805 devotionem
796 1772 966 1806 &amorem
974 1795 986 1812 ‚
1011 1781 1099 1813 quem
1109 1776 1186 1804 circa
1198 1782 1251 1804 nos

302 1835 404 1871 gerere
413 1821 561 1866 consuevit
572 1845 584 1863 ,
610 1822 644 1855 ὀ*
653 1819 748 1856 adbuc
753 1827 832 1865 gerit
843 1843 854 1860 ‚
879 1826 914 1854 in
930 1819 1095 1864 prasentia
1103 1820 1202 1861 vestra
1215 1822 1249 1856 o·

307 1880 396 1909 totius
409 1878 554 1907 Romanae
563 1869 695 1913 Ecclefiae
707 1871 792 1905 vohis
798 1869 1017 1914 praes'entemus
1025 1895 1033 1904 .
1062 1873 1121 1906 Per
1149 1882 1220 1915 quos
1232 1895 1243 1912 ‚

307 1924 454 1968 inquam?
481 1924 539 1956 Per
548 1923 679 1963 Majores
691 1923 726 1956 6·
737 1921 907 1956 Nobiliores
915 1946 925 1964 ‚
952 1933 1024 1966 quos
1036 1921 1143 1955 babere
1148 1927 1249 1963 potuit

303 1981 335 2007 in
345 1972 478 2007 omnibus
489 1976 577 2007 terris
585 1970 732 2015 subjeffls
739 1970 797 2013 fibi
808 1995 820 2013 ‚
845 1970 898 2005 boc
906 1971 944 2013 est
952 1992 964 2012 ,
977 1998 981 2001 -
985 1980 1042 2014 per
1049 1970 1140 2006 mhi
1148 1989 1160 1998 ·
1172 1974 1247 2014 Epi-

301 2024 402 2069 scopos
414 2048 426 2064 ,
451 2021 610 2065 Epist-opos
621 2045 632 2062 ‚
656 2024 785 2057 comites
798 2042 810 2060 ,
835 2023 870 2055 Θ
882 2024 1018 2055 Barones
1029 2046 1036 2054 .
1051 2020 1106 2057 His
1112 2018 1248 2065 superio-

305 2086 354 2109 res
366 2079 399 2107 in
405 2071 461 2116 fica
467 2071 606 2115 potestate
613 2081 671 2105 non
682 2077 804 2106 invenit
819 2082 826 2103 :
854 2069 935 2114 Etfi
947 2071 1123 2114 invenisset,
1149 2077 1249 2114 utique

307 2123 467 2166 destinasset
477 2124 511 2157 ob
521 2125 730 2156 lte-verentium
740 2119 868 2161 vestram
879 2145 890 2161 ‚
917 2122 952 2155 ὁ*
969 2121 1089 2155 SanHae
1104 2123 1247 2155 Romana

306 2173 440 2215 Ecclesiae
453 2198 460 2205 .
488 2179 545 2210 His
559 2174 719 2214 adjicimus
732 2196 743 2212 ‚
770 2183 862 2214 quam
874 2173 1047 2206 Paternitas
1061 2169 1159 2210 vestra
1168 2169 1248 2213 satis

303 2232 426 2267 experta
436 2222 473 2264 est
483 2229 515 2257 in
526 2229 659 2257 novitate
675 2220 739 2265 ficae
756 2226 947 2264 promotionis
965 2245 976 2261 ,
1005 2225 1126 2254 Domini
1152 2223 1243 2264 Regis

299 2275 482 2318 fidelitatem
494 2274 526 2307 (θ’
538 2275 724 2307 devotionem
735 2297 744 2311 ‚
756 2274 828 2305 dum
833 2269 865 2314 se
877 2269 974 2316 ipsum
984 2294 996 2310 ,
1019 2269 1089 2315 suos
1103 2293 1115 2309 ,
1143 2272 1178 2305 &
1186 2270 1246 2315 sua

304 2331 403 2358 omnia
415 2324 519 2364 vestrae
525 2330 645 2364 penitus
668 2321 802 2365 exposuit
823 2323 994 2356 voluntati:
1023 2324 1069 2354 Et
1087 2328 1144 2362 pro
1167 2330 1248 2355 certo

300 2374 356 2419 sub
367 2374 529 2408 Catholicae
538 2376 624 2407 Fidei
633 2379 747 2407 unitate
754 2398 765 2414 ‚
791 2383 883 2415 quam
892 2370 986 2405 baim
996 2376 1034 2404 in
1044 2369 1158 2410 cbristo
1167 2381 1246 2416 rege·

300 2438 334 2459 re
345 2450 355 2465 ‚
380 2433 414 2458 ut
423 2425 586 2464 credimus,
606 2423 723 2467 fidelior
731 2433 830 2457 eonon
840 2421 880 2463 est
890 2445 903 2462 ,
929 2421 983 2455 vel
992 2421 1055 2455 Deo
1074 2421 1211 2454 devotior
1235 2446 1246 2463 ,

300 2475 353 2520 seu
363 2477 407 2508 ad
413 2486 479 2509 eam
492 2499 502 2514 ,
527 2476 573 2507 ad
581 2486 671 2517 quam
679 2473 842 2516 affumptus
862 2472 901 2512 est
912 2495 923 2512 ,
943 2476 1028 2514 pacis
1049 2469 1245 2513 conservatio-

268 2546 270 2548 *
303 2534 370 2560 nem
389 2526 565 2559 moderatior
576 2549 584 2558 .
611 2522 815 2557 Nihilominus
824 2523 859 2557 et
868 2523 1010 2556 Dominus
1021 2520 1244 2563 Caenmarienfis

306 2575 393 2610 Archi
404 2593 415 2600 -
428 2574 588 2618 Episcopus
599 2572 1048 2618 insuogradu-&ordeneaeque
1065 2570 1222 2611 instruam
1234 2597 1244 2613 ,
1268 2602 1270 2604 ,

1267 2631 1270 2637 ’
1310 2616 1404 2654 veriti
1427 2620 1500 2654 sunt
1518 2643 1525 2651 .
1555 2619 1598 2652 Et
1623 2618 1755 2661 quidem
1774 2615 1816 2651 εὸ
1838 2616 2042 2651 festinantius
2059 2616 2256 2652 accelerare

305 2630 339 2658 in
352 2624 398 2656 bis
414 2647 424 2663 ,
448 2635 515 2664 quae
525 2625 568 2656 ad
574 2634 638 2656 eum
644 2628 801 2665 pertinent
811 2646 823 2663 ,
845 2624 994 2665 providas
1017 2620 1052 2657 (²5
1064 2619 1209 2664 discretus
1235 2647 1246 2663 ,

306 2675 373 2708 lices
383 2682 415 2705 ut
425 2672 602 2714 quibusdam
613 2671 710 2718 visum
722 2673 760 2713 est
776 2678 868 2707 nimie
877 2680 979 2706 autes
990 2697 997 2704 .
1025 2675 1071 2705 Et
1089 2668 1143 2712 m'fi
1161 2671 1214 2712 ista
1234 2696 1245 2712 ,

307 2735 373 2766 quaa·
384 2733 456 2755 minc
466 2721 503 2762 est
516 2727 596 2755 inter
608 2725 765 2756 Dominum
785 2726 896 2767 Regem
917 2724 951 2756 (tt
970 2726 1129 2756 Dominum
1149 2721 1243 2754 Archi·

307 2771 486 2815 Episcopum
497 2772 560 2814 efflt
569 2770 691 2814 diffi‘nfio
702 2797 713 2814 ,
740 2776 874 2816 Regnum
886 2773 920 2805 ὀ·
932 2773 1129 2805 Sacerdotium
1148 2775 1246 2805 mutuo

305 2823 517 2866 congauderent
526 2823 572 2854 ad
579 2828 706 2855 invicem
711 2830 788 2864 pace
811 2825 845 2858 <tt
864 2823 1016 2855 eoncordia
1032 2820 1086 2864 sub
1110 2824 1247 2864 Principe

309 2873 381 2906 bono
391 2896 402 2912 ,
427 2874 462 2906 Θ
471 2871 586 2910 Pastore
597 2877 703 2912 optimo
715 2897 722 2904 .
752 2872 806 2912 Est
816 2878 906 2917 igitur
915 2870 978 2905 baec
988 2870 1082 2910 nostra
1099 2869 1246 2914 supplica·
1270 2915 1272 2917 ‚

309 2928 351 2956 rio
364 2946 374 2961 ,
399 2930 432 2954 ut
441 2922 486 2954 ad
493 2922 651 2954 tollendam
660 2922 744 2962 istam
754 2921 967 2964 d1ffenfionem,
993 2922 1028 2955 (a
1041 2922 1085 2954 ad
1103 2927 1189 2964 pacis
1213 2925 1246 2957 Θ

309 2976 418 3006 amoris
430 2970 663 3012 reformationem
673 2973 750 3006 velit
768 2971 868 3011 vestra
892 2975 1002 3004 Gratia
1022 2973 1181 3014 invigilare
1202 2982 1247 3006 at·

310 3023 441 3056 sentiris.
471 3020 551 3054 Haec
573 3023 680 3065 itaque
699 3022 822 3057 Comes
840 3022 1028 3066 eleganter,
1054 3019 1107 3054 sed
1130 3024 1164 3055 in
1194 3024 1247 3056 sua

311 3072 427 3116 lingua
446 3071 633 3114 proposuit,
660 3072 705 3105 ita
724 3071 814 3113 quod
835 3070 879 3105 ab
891 3069 1052 3105 *omnibus
1072 3070 1247 3114 plurimum

308 3120 590 3158 commendaretur
599 3120 666 3163 ejus
677 3121 821 3156 modesta
832 3120 1001 3154 discretio.

513 3170 551 3203 H
577 3170 605 3203 E
632 3170 663 3204 R
691 3171 707 3204 1
732 3171 760 3204 B
786 3171 815 3204 E
840 3171 874 3205 R
899 3169 937 3203 T
962 3170 1003 3205 U
1028 3170 1066 3204 S.

360 3221 445 3256 VlR
471 3221 550 3255 vero
560 3219 792 3263 Apostolicus,
819 3220 930 3263 quiex
955 3220 1132 3254 multorum
1145 3220 1210 3255 fida
1236 3246 1247 3262 ‚

314 3271 497 3306 sedsecreta
518 3270 677 3304 relatione
696 3270 834 3304 caussam
855 3269 1058 3304 diflenfionis
1080 3269 1162 3304 inter
1185 3271 1248 3305 Re-

315 3331 390 3364 gem
412 3321 444 3355 &
466 3319 806 3360 Archi-Paruum,
833 3319 869 3354 &
888 3319 1062 3354 Gestorum
1082 3321 1246 3355 veritatem

314 3379 493 3411 agnoverat
513 3392 524 3410 ‚
560 3369 834 3404 Criminatoribus
857 3379 924 3402 non
945 3368 1094 3404 adhibuit
1115 3370 1213 3405 fidem
1239 3397 1247 3405 .

318 3418 426 3453 Unde
446 3418 478 3451 δι
499 3420 554 3461 qui
575 3420 660 3453 miffi
675 3420 825 3459 ffierant,
851 3419 997 3454 videntes
1018 3420 1061 3454 fic
1080 3420 1249 3455 fortiter&

317 3468 471 3503 instanter
492 3467 592 3512 Regis
614 3469 749 3505 nomine
770 3468 955 3515 postulant,
980 3480 1016 3505 ut
1036 3468 1160 3506 Archi·
1173 3471 1249 3517 Epi-

1012 135 1438 190 'VITA

1313 224 1454 267 iscopum
1476 223 1511 257 in
1533 221 1693 268 Angliam
1711 220 1908 264 remitteret,
1933 224 2094 267 pariter&
2116 224 2263 261 &Latere

1322 275 1380 309 suo
1391 274 1575 318 Legatum,
1601 274 1658 317 qui
1681 281 1802 307 remota
1824 272 2043 317 appellatione
2060 276 2264 311 cauffimin-

1322 334 1368 357 ter
1380 324 1517 369 *Regem
1544 324 1578 360 δε
1601 321 1703 358 Archi
1715 341 1726 347 -
1739 321 1911 358 Praesulem
1929 323 2058 359 audiret
2073 348 2087 366 ,
2120 326 2157 361 δε
2176 326 2260 361 inter

1322 374 1406 417 ipsos
1429 374 1480 408 vel
1502 382 1737 417 componeret,
1772 372 1822 407 vel
1841 373 1968 408 causam
1989 385 2045 418 per
2066 375 2260 411 sententiam

1320 425 1520 459 terminaret.
1550 422 1676 459 Verum
1698 422 1787 467 Papa
1799 421 1937 458 necdum
1957 424 2151 467 petitionem
2162 425 2258 460 -hanc

1320 474 1372 508 vel
1381 474 1564 509 concedens
1576 474 1626 509 vel
1647 484 1784 509 renuens
1804 471 1997 508 hortabatur
2011 473 2168 510 attentius
2180 499 2192 516 ,
2217 486 2256 510 ut

1320 523 1421 565 Archi
1433 544 1444 552 -
1454 525 1603 559 Praesulis
1614 525 1654 559 ad
1668 523 1804 559 Curiam
1819 524 2023 568 expestarent
2037 525 2222 560 adventum
2245 549 2258 566 ‚

1317 575 1352 608 <Sc
1369 574 1436 617 jam
1453 574 1576 619 objecta
1597 586 1639 609 eo
1660 575 1813 619 praesente
1833 575 2031 609 intentarent
2047 598 2063 615 5
2085 585 2142 610 aut
2166 574 2255 609 nihil

1317 624 1506 667 objicientes
1516 625 1603 659 suam
1614 621 1755 659 facerent
1768 624 1986 668 petitionem:
2014 623 2185 668 Adjiciens
2215 625 2254 659 in

1316 674 1459 708 absentia
1471 675 1541 720 ejus
1552 675 1635 709 nihil
1647 676 1682 719 in
1703 685 1779 709 eum
1790 674 1995 710 statuendum
2008 699 2019 715 ,
2044 685 2105 709 nec
2123 673 2210 719 ipsos
2222 675 2260 710 in

1317 725 1423 759 forma
1443 724 1519 765 illa,
1543 736 1643 769 quam
1665 723 1816 770 petebant
1842 750 1854 766 ,
1877 724 2117 760 exaudiendos.
2144 724 2255 760 Atilii

1315 776 1495 818 exspestare
1507 776 1674 817 nolentes,
1700 776 1742 810 eo
1753 775 1843 820 quod
1854 800 1865 816 ,
1884 786 1929 810 -ut
1938 774 2085 819 ajebant,
2098 773 2182 809 ultra
2197 785 2259 810 tet-

1317 825 1445 859 minum
1455 825 1473 859 a
1485 825 1577 871 Rege
1599 825 1656 860 fibi
1668 827 1834 870 praefixum
1846 826 1881 859 in
1893 825 1995 860 Curia
2019 836 2144 860 moram
2154 825 2258 859 facere

1313 872 1386 910 ‘non
1407 874 1589 917 audebant,
1615 876 1729 910 crebro
1751 875 1956 920 postulant&
1977 875 2134 911 instanter
2153 874 2257 920 Regis

1316 925 1506 967 petitionem
1527 926 1716 970 adimpleri.
1745 925 1934 961 Areia-batur
1952 926 2064 970 itaque
2088 924 2264 960 Romanus

1316 974 1489 1011 Pontifex.
1515 975 1662 1011 Cernens
1671 976 1763 1011 enim
1773 976 1875 1021 Regis
1897 976 2121 1019 juventutem,
2143 974 2261 1010 &Der

1316 1026 1531 1060 minationem
1554 1027 1695 1070 amplam
1716 1049 1727 1066 ,
1753 1027 1784 1060 δε
1805 1025 1923 1060 durum
1943 1026 2026 1061 illud
2045 1027 2081 1061 δε
2111 1025 2219 1060 dirum
2245 1047 2259 1064 ,

1308 1076 1405 1120 'quod
1416 1085 1494 1111 tunc
1504 1078 1618 1110 eratin
1631 1076 1770 1111 Ecclefia
1784 1076 1870 1116 Dei,
1895 1075 2031 1111 schisma
2042 1100 2053 1117 ,
2079 1073 2256 1115 metuebat,

1316 1125 1404 1171 quod
1415 1126 1436 1159 fi
1447 1126 1491 1160 ita
1503 1126 1645 1160 omnino
1660 1127 1735 1160 Rex
1755 1134 1915 1169 pateretur
1925 1125 2109 1170 repulsam,
2135 1125 2258 1167 praeser-

1315 1177 1375 1210 tim
1386 1187 1437 1220 per
1449 1186 1517 1210 tam
1540 1176 1686 1221 Magnos
1707 1176 1740 1210 δε
1759 1176 2032 1210 honoratosfastae
2054 1173 2222 1218 petitionis
2238 1196 2259 1213 ³

1315 1225 1462 1268 majus-in
1476 1226 1616 1261 Ecclesia
1630 1225 1766 1260 schisma
1777 1227 1895 1260 faceret
1909 1251 1915 1258 .
1942 1224 2048 1273 Qod
2058 1225 2091 1259 δε
2105 1224 2160 1268 ipsi
2175 1248 2186 1264 ,
2199 1223 2259 1267 qui

1315 1276 1395 1311 miffi
1406 1276 1554 1316 fuerant,
1581 1277 1615 1311 δε
1626 1277 1795 1320 praesertim
1807 1276 1900 1310 Laici
1912 1299 1922 1315 ,
1955 1274 2184 1310 minabantur.
2211 1273 2264 1307 ln-

1315 1326 1355 1360 de
1368 1325 1443 1360 veto
1455 1326 1622 1361 verebatur
1633 1325 1736 1361 Archi
1749 1344 1761 1350 —
1774 1325 1943 1360 Ptaesulem
1952 1350 1964 1366 ,
1991 1326 2026 1359 in
2038 1335 2102 1369 qua
2121 1324 2186 1367 jam
2210 1333 2262 1357 ve·

1315 1376 1361 1409 lut
1384 1375 1530 1419 publicus
1553 1375 1653 1411 hostis
1673 1375 1871 1416 habebatur,
1897 1375 1931 1410 δε
1952 1375 1970 1408 ὲ
1997 1386 2061 1419 qua
2075 1385 2152 1409 cum
2166 1382 2258 1408 tanta

1313 1426 1506 1461 difficultate
1517 1426 1551 1461 δι
1563 1425 1628 1461 boc
1640 1426 1785 1470 periculo
1797 1450 1807 1466 ,
1832 1426 1917 1468 quasi
1930 1425 1999 1469 ipso
2010 1424 2165 1460 Domino
2185 1421 2262 1473 edu-

1313 1486 1428 1517 cente,
1455 1475 1519 1518 jam
1530 1475 1650 1511 exierat
1660 1502 1671 1518 ,
1699 1478 1752 1511 sua
1774 1474 1972 1511 authoritate
1993 1476 2177 1510 remittere:
2205 1470 2262 1507 Ne

1314 1526 1356 1559 fic
1370 1523 1473 1560 Archi
1484 1544 1496 1552 ·
1509 1524 1658 1562 Praesulis
1680 1527 1872 1561 innocentia·
1884 1550 1895 1566 ,
1919 1527 1953 1561 δε
1962 1526 2056 1559 causa
2067 1523 2262 1569 opprimere·

1312 1575 1501 1618 turjustitiae
1511 1599 1522 1616 ,
1547 1575 1636 1610 unde
1647 1577 1681 1612 &
1692 1577 1727 1612 in
1739 1578 1770 1611 se
1780 1576 1845 1611 Dei
1858 1585 2049 1620 provocaret
2059 1574 2221 1619 judicium
2247 1595 2262 1613 ,

1313 1624 1421 1657 &toti
1445 1624 1592 1657 Ecclefiae
1615 1625 1801 1659 scandatum
1821 1627 1905 1659 foret
1922 1651 1929 1658 .
1956 1623 2054 1660 Forte
2077 1623 2179 1660 etiam
2199 1622 2263 1658 toli

1313 1672 1473 1706 mandato
1493 1671 1632 1707 minime
1642 1673 1820 1716 parendum
1831 1673 1901 1706 fore
1912 1672 2064 1715 pensabat
2079 1697 2086 1705 .
2106 1670 2264 1708 Sieenim

1312 1732 1380 1754 erat
1403 1722 1436 1753 in
1451 1721 1557 1754 insula
1575 1731 1689 1754 contra
1702 1723 1831 1765 Regem
1843 1723 2021 1756 insularum
2041 1721 2264 1761 contendere„

1312 1768 1468 1811 tanquam
1481 1769 1501 1802 fi
1514 1769 1700 1804 vinculatus
1720 1769 1755 1803 in
1777 1780 1902 1804 carcere
1921 1780 2037 1805 contra
2058 1769 2259 1815 Magistrum

1311 1820 1344 1853 &
1355 1819 1541 1854 Dominum
1553 1819 1691 1854 carceris
1701 1819 1870 1854 dimicaret
1882 1844 1889 1852 .
1917 1819 1981 1854 Vir
1992 1819 2102 1863 itaque
2114 1818 2264 1863 Aposto-

1312 1869 1394 1904 licus
1406 1868 1627 1904 coarctabatur
1638 1893 1649 1911 ‚
1676 1870 1846 1914 praesertim
1858 1869 2016 1914 plerisque
2027 1867 2259 1906 Cardinalibus

1311 1920 1377 1954 suis
1389 1944 1401 1960 ‚
1424 1918 1541 1963 quibus
1554 1929 1590 1954 ut
1602 1916 1810 1963 Principibus
1821 1920 1856 1956 δε
1877 1919 2093 1964 Magnatibus
2111 1918 2262 1963 placeant

1310 1969 1434 2005 studere
1453 1980 1527 2004 mos
1547 1969 1617 2011 est,
1654 1969 1914 2014 adjudicantibus
1936 1970 2040 2015 Regis
2063 1969 2262 2015 petitIonem

1312 2019 1381 2054 fieri
1401 2018 1518 2055 debere
1531 2043 1542 2061 ‚
1568 2019 1640 2054 aliis
1661 2019 1739 2055 vero
1756 2019 1990 2057 renitentibus.
2021 2019 2262 2055 At-tamenii·

1312 2068 1546 2104 bratotandem
1556 2069 1691 2104 consilio
1703 2094 1715 2112 ,
1740 2071 1774 2105 δε
1787 2070 1910 2105 consilii
1926 2082 1963 2104 ac
1984 2069 2192 2106 fortitudinis
2201 2068 2258 2104 dea·

1312 2121 1402 2163 super
1413 2130 1548 2163 accepto
1559 2119 1691 2164 spiritu,
1717 2119 1832 2155 dietam
1854 2120 1961 2166 Regis
1976 2120 2193 2165 petitionem,
2216 2119 2258 2154 in

1311 2179 1485 2215 gravamen
1498 2169 1532 2204 ἁ
1543 2170 1778 2214 oppreffionem
1795 2170 1897 2205 Archi
1908 2189 1920 2197 ·
1933 2170 2087 2214 Episcopi
2109 2178 2258 2214 concep-

1311 2230 1377 2254 tam
1390 2244 1400 2260 ,
1428 2231 1496 2254 non
1504 2219 1747 2264 adimplendam
1771 2220 1915 2254 decrevit
1929 2244 1942 2262 ,
1963 2221 2024 2256 nili
2046 2219 2116 2264 eius
2135 2219 2180 2255 ad
2192 2218 2260 2254 Gu-

1311 2270 1391 2303 riam
1402 2268 1622 2312 exspestarent
1632 2270 1812 2305 adventum
1822 2294 1830 2302 .
1858 2264 2021 2314 Alioquin
2036 2269 2076 2304 ,in
2088 2267 2252 2313 ipfiunb-

1311 2319 1413 2356 sentia
1427 2318 1509 2352 nihil
1520 2319 1685 2364 agendum
1696 2330 1810 2353 contra
1822 2320 1928 2361 ipsum
1942 2343 1949 2350 .
1976 2319 2027 2353 At
2050 2318 2100 2353 illi
2111 2321 2259 2364 expe&-

1310 2380 1343 2404 re
1365 2369 1532 2408 nolentes,
1560 2378 1641 2402 voto
1650 2367 1790 2401 frustrati
1802 2391 1813 2407 ‚
1839 2369 1874 2401 in
1898 2367 2058 2411 Angliam
2085 2379 2154 2401 non
2177 2377 2257 2403 cnm

1310 2418 1534 2454 benedictione
1558 2417 1751 2461 Apostolica
1762 2441 1773 2458 ‚
1799 2417 1852 2451 sed
1866 2415 1972 2460 potius
1984 2441 1995 2457 ‚
2007 2426 2043 2451 ut
2055 2417 2257 2452 credendum

1309 2470 1355 2504 est
1367 2493 1379 2510 ‚
1404 2480 1480 2505 cum
1493 2468 1722 2503 maledietione
1735 2477 1865 2511 paterna
1877 2467 1988 2500 reversi
2000 2466 2074 2501 sunt
2083 2491 2094 2506 ‚
2121 2467 2157 2501 in
2179 2467 2256 2502 se&

1310 2521 1344 2553 in
1357 2519 1481 2554 semine
1492 2519 1550 2553 suo
1562 2517 1722 2552 maledieti
1736 2541 1748 2558 ,
1773 2516 1828 2561 qui
1842 2516 1948 2551 Patris
1957 2517 2005 2551 sui
2031 2516 2171 2551 verenda
2183 2527 2256 2551 non

1308 2579 1521 2614 operuerunt,
1548 2568 1600 2602 sed
1612 2567 1719 2611 potius
1730 2566 1875 2602 frontose
1885 2565 2037 2611 detegere
2049 2577 2256 2612 nequaquam

1309 2677 1402 2710 runt,
1430 2668 1742 2712 reveritiquodipfis
1753 2665 1873 2702 secreto
1892 2667 2084 2701 nunciatum
2109 2666 2255 2707 fuisset,

1311 2720 1491 2756 nonnullos
1504 2718 1546 2754 de
1556 2718 1717 2753 militibus
1727 2728 1815 2752 terrae
1825 2740 1836 2758 ‚
1864 2717 1974 2752 favore
1998 2715 2100 2750 Archi
2111 2734 2124 2742 -
2134 2714 2255 2751 Praesu·

1308 2772 1367 2811 lis,
1397 2771 1432 2804 ἃ.
1446 2771 1587 2813 ipsorum
1597 2768 1680 2803 odio
1694 2793 1705 2809 ‚
1732 2768 1862 2803 sarcinis
1881 2767 1966 2806 suis,
1993 2766 2027 2800 in
2038 2765 2251 2808 quibusmn

1310 2819 1475 2856 modicum
1487 2819 1613 2864 argenti
1626 2816 1807 2862 sperabatur
1820 2840 1831 2856 ,
1857 2827 1912 2859 per
1923 2816 2009 2850 viam
2032 2816 2185 2858 paraviffe
2203 2814 2256 2849 in·

1308 2871 1398 2906 {idias
1409 2894 1417 2902 .
1446 2869 1554 2904 Unde
1562 2868 1751 2902 festinanter
1762 2868 1794 2902 &
1812 2867 1920 2900 subito
1936 2866 2106 2900 Franciam
2119 2873 2252 2899 exeunt.

1308 2920 1400 2955 Miro
1409 2918 1569 2963 fiquidem
1582 2917 1684 2952 modo
1695 2918 1727 2952 δι
1739 2916 1945 2956 incredibili,
1972 2927 2052 2949 mox
2076 2924 2113 2950 ut
2136 2913 2256 2949 Archi-

1281 2986 1283 2988 >
1309 2970 1442 3005 Praesule
1456 2980 1511 3013 per
1535 2968 1719 3003 universum
1745 2967 1958 3001 Ecclefiarum
1970 2964 2083 3000 orbem
2103 2965 2252 3000 innotuit

1308 3022 1348 3055 fic
1358 3046 1370 3062 ‚
1395 3020 1546 3054 omnium
1556 3017 1646 3052 dedit
1656 3018 1687 3051 ei
1705 3018 1872 3052 Dominus
1898 3016 2038 3060 gratiam
2049 3018 2083 3051 δε
2094 3017 2252 3054 favoremt

1310 3072 1347 3105 ln
1360 3070 1561 3105 adversantes
1573 3065 1648 3102 vero
1658 3067 1677 3102 ὲ
1686 3067 1813 3101 diverso
1825 3068 1975 3100 omnium
1997 3067 2095 3102 corda
2108 3064 2254 3101 concita-

1247 3155 1253 3161 ,
1310 3121 1371 3155 vit.
1399 3119 1469 3154 Vix
1481 3119 1571 3154 enim
1581 3117 1625 3150 est
1640 3128 1676 3152 ut
1687 3128 1755 3151 non
1768 3115 1922 3152 omnibus
1934 3116 2057 3160 placeat
2068 3141 2080 3157 ,
2104 3113 2162 3159 qui
2183 3122 2254 3147 om·

1310 3170 1401 3205 nium
1413 3178 1557 3213 procreat
1582 3167 1704 3213 placere
1729 3165 1896 3207 Amnon,
1922 3166 2003 3209 justa
2021 3164 2111 3210 quod
2131 3161 2268 3200 deant

1309 3222 1498 3257 Sanctorum
1510 3218 1647 3262 Legitur
1659 3230 1666 3249 :
1695 3219 1780 3260 ,Quia
1790 3228 1877 3261 quem
1885 3216 2067 3260 perfuderat
2091 3218 2171 3249 Deus
2178 3218 2251 3257 gra·

1307 3277 1354 3305 tia
1365 3295 1378 3313 ‚
1403 3268 1443 3304 ab
1455 3268 1586 3303 omnibus
1597 3266 1758 3302 amabatur
1774 3293 1782 3300 .
