2358 3776
362 94 403 140 S.
477 89 861 139 THOMAE
932 84 1802 139 CANTUARIENI&

1929 98 2025 153 135'

154 192 232 220 eum
243 178 401 215 nntsbona
414 179 589 223 pauperum
609 200 620 217 ‚
650 175 880 220 patrimonium
904 172 1064 212 crucifixi
1082 197 1107 214 ‚.
1150 172 1356 213 mulieribus,
1386 171 1534 206 mulieres
1544 184 1618 206 curn
1629 176 1799 214 infantulis
1819 179 1853 215 in
1877 180 2052 216 cunabulis
2073 186 2088 218 Σ

159 243 229 279 quae
252 229 360 273 potius
382 230 410 263 ei
432 231 504 263 sunt
526 227 751 263 commendata
778 247 789 264 ‚
815 224 912 305 qsuam
934 223 1053 256 donata
1081 246 1092 262 ,

154 285 210 321 stab
222 280 286 317 D'ei
307 288 425 323 ponere
449 277 646 321 protectione
667 277 701 313 ὅ(
727 274 874 308 Eccleiae
900 272 1057 306 Romanae
1080 297 1090 306 .

155 335 238 382 Qis
264 331 427 373 unquam,
455 329 509 363 etsi
531 325 707 371 aliquando
738 323 855 365 injuste
880 323 1090 366 proscriptum

155 383 280 420 Divina
293 381 466 414 declaravit
489 377 696 414 Clementia,
722 373 826 412 vidit,
851 372 977 406 audivit
1001 371 1091 404 Cau-

152 433 345 469 t-uar'iensem
381 429 533 473 judicari,
565 423 776 461 condemnari
794 444 803 461 ,
830 421 907 466 cogi
934 421 977 454 ad
1010 419 1090 455 fide-

156 483 327 527 }uffionem
341 480 374 514 in
387 478 486 514 Curia
497 477 618 519 Regis,
643 475 662 508 ὲ
682 475 744 511 suis
767 469 920 517 praecipue
942 471 1093 515 suffraga-

154 523 258 570 meis?
277 529 351 567 Ubi
361 529 406 564 est
418 531 548 562 inventa
559 523 702 566 iflajuris
715 522 766 556 vel
779 523 955 556 Canonum
977 521 1092 555 autho·

153 587 231 619 ritas
240 581 368 616 adversa
381 602 393 620 ,
418 575 522 612 immo
540 572 684 618 perversa
708 573 909 616 perversitas?
937 569 992 608 Ut
1012 571 1091 615 quid

161 629 406 668 enormitasista
418 639 486 660 non
507 626 589 668 parit
610 623 702 658 vobis
721 621 974 657 erubescentiam
988 645 999 661 ,
1025 633 1093 656 eru-

155 683 316 722 bescentia
331 689 396 712 non
421 673 804 711 immittitconsufionem
820 696 829 711 ,
855 671 1001 706 confusio
1024 683 1091 707 non

155 734 243 768 elicit
257 728 479 775 poenitentiam
495 752 504 766 ,
532 724 720 768 poenitenria
736 734 802 755 non
825 723 949 756 excutit
971 721 1079 755 satisfa

154 783 296 820 &ionem
310 789 419 814 coram
428 777 503 819 Deo
516 778 547 810 ἀ
560 773 747 808 hominibus
768 772 784 803 ἓ
811 772 867 808 Ob
892 782 941 806 tot
960 771 1091 813 quidem

153 833 187 873 ὅς
214 839 320 866 tantas
350 828 424 862 Deo
450 827 484 860 ὅς
515 824 657 859 Ecclesiae
684 823 752 864 ejus
781 822 885 856 illatas
924 821 1055 864 injurias
1083 845 1092 860 ,

146 879 257 920 immo
278 877 361 913 mihi
383 885 509 920 propter
527 875 635 911 Deum
651 898 661 913 ,
687 883 766 915 quas
787 873 940 907 sustinere
962 882 1027 904 non
1040 870 1093 906 de-

154 931 209 968 bui
222 929 305 964 salva
316 927 516 963 conscientia
529 935 599 958 mea
612 948 622 963 ‚
650 935 709 958 nec
722 923 789 959 sine-
809 922 1000 956 discrimine
1022 921 1093 955 vitae

151 992 229 1016 meae
248 979 342 1024 potui
364 976 557 1016 emendare,
585 985 643 1007 nec
667 973 864 1008 diffimulare
889 974 954 1006 sine
977 973 1091 1006 animae

153 1029 320 1076 periculo,
346 1027 431 1072 elegi
445 1026 553 1069 potius
563 1023 723 1061 declinare
735 1023 773 1056 ad
786 1034 930 1066 tempus,
959 1033 994 1055 ut
1007 1020 1092 1054 babi-

153 1092 254 1116 tarem
267 1078 464 1115 salubriusin
477 1076 591 1109 Domo
604 1073 743 1107 Domini
768 1097 778 1113 ,
805 1074 901 1116 quarn
928 1073 960 1105 in
987 1071 1093 1107 taber-

142 1129 282 1167 '‘naculis
293 1137 496 1172 peccatorum
511 1150 521 1165 ‚
547 1124 653 1159 donec
664 1123 824 1166 completa
835 1121 1070 1164 effetiniquitas
1084 1145 1093 1159 ,

155 1181 367 1214 revelarentur
386 1177 483 1211 corda
505 1176 690 1218 iniquorum
705 1198 715 1212 ,
743 1173 1021 1206 manifestarentur
1041 1181 1092 1203 co-

153 1230 329 1275 gitationes
351 1227 518 1261 cordium.
547 1225 593 1257 lta
616 1232 666 1257 tot
688 1222 878 1264 injuriarum
903 1221 1009 1254 illatio
1030 1219 1092 1256 fuit

151 1281 247 1316 causa
259 1275 485 1320 appellationis
496 1285 591 1307 meae.
628 1271 710 1305 Haec
731 1272 793 1305 suit
815 1270 939 1304 occasio
960 1271 1093 1303 recessus

153 1328 242 1368 mei,
266 1337 362 1368 quem
384 1324 500 1358 dicitis.
515 1320 744 1364 inopinatum,
778 1321 833 1363 qui
857 1319 962 1364 magis
985 1319 1092 1353 secun-

153 1377 234 1418 dum
249 1388 286 1411 ea
296 1387 364 1419 quae,
378 1372 641 1418 proponebantur
649 1369 817 1406 adversum
830 1380 881 1403 me
894 1394 903 1409 ,
931 1380 1000 1411 quar
1022 1379 1091 1413 age·

153 1428 271 1463 bantur
297 1435 425 1461 mecum
443 1448 454 1463 ‚
480 1423 501 1458 fi
530 1421 696 1455 veritatem
737 1419 909 1463 loquimini
935 1419 991 1463 qui
1029 1431 1092 1452 no-

153 1478 265 1518 tuistis,
289 1476 446 1510 debuisset
469 1473 560 1507 fuisse
583 1470 790 1514 inopinatus,
818 1482 858 1504 ne
882 1469 1090 1512 impediretur

146 1528 325 1571 praescitus.
351 1524 413 1560 Sed
442 1523 592 1557 Domino
614 1531 757 1554 vertente
779 1523 868 1555 casus
889 1520 1035 1553 adversor
1057 1520 1089 1551 in

152 1578 292 1618 melius,
319 1574 516 1619 prospecium
528 1571 574 1606 est
591 1570 731 1605 Domini
743 1570 841 1603 nostri
865 1570 966 1612 Regis
989 1568 1091 1601 hono-

152 1628 179 1662 ri
197 1627 230 1660 &
253 1628 383 1660 suorum
398 1648 409 1664 ,
435 1635 475 1656 ne
498 1621 575 1665 quid
599 1620 731 1653 fieretin
757 1621 853 1651 mein
879 1620 974 1664 ipsius
998 1618 1092 1662 igno-

151 1678 314 1714 miniam,
341 1668 602 1717 &generationis
617 1670 692 1705 suae.
720 1668 842 1705 Melius
854 1669 951 1702 etiam
963 1668 1078 1701 consul

154 1725 281 1767 turnest
295 1723 368 1764 his,
393 1717 661 1766 quisuspirabanr
684 1720 715 1751 in
744 1730 856 1754 necem
877 1729 1007 1756 meam,
1034 1716 1091 1759 qui

151 1775 301 1812 sitiebant
313 1782 421 1814 mesum
434 1769 624 1811 sanguinem
647 1789 658 1805 ,
682 1766 738 1808 qui
759 1766 962 1807 adspirabant
985 1764 1026 1797 ad
1048 1766 1078 1797 fa

149 1824 283 1868 {ligium
306 1818 453 1855 Ecclesiae
476 1814 715 1849 Cantuariensis
738 1837 748 1852 ,
785 1824 820 1847 ut
852 1812 953 1857 vulgo
971 1813 1091 1846 dicitur

148 1875 184 1911 &
208 1871 370 1910 creditur,
395 1868 427 1911 in
440 1867 582 1900 nostram
606 1864 803 1910 perniciem,
830 1862 957 1897 utinam
981 1863 1090 1898 minus

147 1919 346 1959 ambitiose,
368 1914 592 1961 quamavide.
621 1912 869 1996 Apgellavimus
890 1937 900 1954 ,
928 1914 961 1947 &
982 1913 1089 1956 appel-

148 1972 207 2008 lati
225 1973 351 2007 sumus,
376 1967 469 2002 rebus
489 1965 637 1999 Ecclesiae
688 1963 895 1998 antuariensis
916 1986 926 2002 ‚
960 1963 1093 1997 nostris·

109 2035 116 2039 ,
148 2032 234 2066 que,
258 2021 292 2059 ὅ(
305 2019 511 2056 nostrorum,
537 2015 613 2048 sicut
625 2012 701 2056 juris
713 2013 817 2056 exigit
832 2012 916 2045 ratio
931 2036 942 2051 ,
969 2013 1002 2045 in
1015 2024 1088 2046 tuto

149 2070 362 2116 manentibus
378 2093 394 2112 „
430 2066 573 2102 nostram
592 2063 754 2109 prosecuti
777 2063 884 2099 sumus
905 2062 1090 2107 appellatio-

149 2134 248 2158 nem.

196 2173 230 2207 Si
254 2171 350 2206 nobis
373 2168 618 2210 recedentibus,
644 2167 677 2201 &
696 2165 728 2199 in
752 2164 884 2199 discessu
907 2163 1018 2199 nostro
1029 2174 1085 2200 tur·

148 2220 225 2257 bata
239 2223 333 2262 sunt,
360 2228 456 2263 prout
478 2218 608 2258 dicitis,
643 2215 701 2249 fibi
723 2216 862 2260 imputet
885 2214 940 2259 qui
961 2216 1087 2248 causam

149 2272 241 2306 dedit
254 2294 266 2310 ,
291 2270 348 2311 qui
361 2269 425 2302 hoc
435 2267 637 2311 procuravit.
670 2266 835 2300 Facientis
856 2265 968 2310 procul
986 2264 1088 2298 dubio

152 2322 252 2365 culpa¹
285 2318 350 2352 haec
377 2319 421 2360 est
444 2342 455 2358 ‚
493 2329 561 2357 non
588 2315 766 2350 recedentis
788 2330 799 2349 .·
826 2314 1050 2358 persequentis
1077 2339 1086 2353 ,

150 2383 218 2412 ηοη
241 2368 438 2403 declinantis
461 2366 592 2409 injurias
612 2389 620 2398 .
661 2365 829 2399 Damnum
851 2365 939 2398 enim
967 2362 1088 2398 dedisse

150 2422 298 2459 videtur,
337 2417 393 2459 qui
415 2418 544 2449 causam
565 2415 677 2449 damni
702 2413 790 2448 dedit
810 2439 819 2448 .
844 2415 935 2462 Qid
961 2414 1048 2457 plura
1075 2416 1087 2447 ἒ

150 2467 412 2503 Praesentavimus
423 2476 482 2499 nos
492 2464 621 2505 Curiz,
647 2463 815 2499 nostras&
829 2465 974 2499 Ecclefiae
992 2475 1088 2507 expo-

147 2520 268 2554 suimus
283 2517 415 2559 injurias
431 2540 443 2556 ,
468 2515 626 2549 adventus
637 2514 736 2548 nostri
749 2515 874 2549 causam
897 2515 930 2549 &
951 2515 1087 2558 appella-

148 2569 251 2604 tionis
262 2566 485 2610 exposuimus:
514 2565 592 2598 Non
617 2564 721 2598 adfuit
733 2565 788 2608 qui
802 2564 897 2599 nobis
919 2566 1074 2607 responde

148 2617 302 2653 retvelin
316 2618 446 2659 aliquo.
478 2615 745 2657 Expeoavimus,
774 2626 832 2648 nec
844 2615 932 2649 venit
952 2615 1008 2658 qui
1034 2625 1078 2647 no

150 2670 198 2703 bis
208 2666 332 2711 aliquid
347 2665 520 2709 objiceret.
547 2663 652 2697 Nulla
664 2664 831 2697 adversum
845 2675 904 2698 nos
928 2674 1087 2707 reportata

144 2717 308 2757 sententia
325 2742 335 2757 ‚
362 2717 536 2759 antequam
560 2713 721 2747 veniretur
740 2713 780 2747 ad
802 2713 947 2758 Regem:
977 2713 1087 2748 Nobis

149 2767 257 2802 adhuc
278 2767 319 2801 de
343 2777 432 2800 more
457 2762 715 2808 exspectantibus
734 2763 769 2796 in
791 2763 891 2797 Curia
915 2788 925 2803 ‚
962 2763 983 2796 fi
1002 2763 1086 2797 forte

150 2818 248 2852 nobis
269 2815 392 2859 aliquid
415 2824 635 2859 opponeretur
668 2838 679 2855 ‚
717 2812 758 2847 ad
782 2814 906 2847 nostros
927 2814 1086 2847 accessum

150 2868 197 2902 est
219 2866 384 2902 Officiales
407 2889 418 2905 ‚
454 2864 660 2899 interdictum
688 2862 732 2896 est
754 2863 820 2903 eis,
856 2874 898 2896 ne
919 2864 952 2896 in
973 2863 1087 2907 aliquo

152 2918 241 2960 super
262 2915 494 2959 temporalibus
515 2913 609 2947 nobis
630 2912 802 2954 obedirent
819 2935 828 2950 ‚
855 2924 895 2946 ne
921 2911 1017 2947 nobis
1037 2915 1084 2947 vel

151 2965 447 3009 nostrisquidquam
461 2965 693 2999 ministraretur
704 2963 744 2998 ab
757 2961 828 3007 ipsis
846 2962 927 2997 citra
948 2962 1085 2997 Manda-

152 3026 223 3049 tum
250 3015 351 3059 Regis
369 3017 402 3061 dt
422 3015 677 3049 conscientiam.
712 3012 789 3052 Te,
814 3013 925 3047 Frater
948 3012 1087 3048 Londo-

154 3064 294 3104 nictans,
319 3075 394 3098 cum
405 3064 575 3099 Richardo
585 3064 627 3099 de
643 3062 828 3101 VV'elcester
847 3063 881 3098 ἃ.
904 3062 1086 3097 Eboracen—

150 3115 172 3148 si
192 3139 204 3155 ,
241 3114 319 3148 sicut
344 3112 462 3146 dicitur
482 3139 493 3155 ‚
523 3113 666 3148 didlante
686 3113 879 3148 sententiam
900 3138 907 3144 .
946 3113 1085 3147 Festina-

152 3174 223 3198 tum
239 3163 373 3197 eslinde
386 3162 425 3196 ad
448 3163 630 3198 Dominum
652 3163 800 3207 Regem:
834 3162 964 3197 Viderit
985 3164 1048 3207 ipse
1074 3187 1085 3203 ‚

151 3214 185 3248 in
201 3224 293 3255 caput
305 3213 371 3255 ejus
383 3222 605 3255 convertatur,
634 3215 688 3258 qui
701 3213 764 3248 hoc
783 3212 873 3248 dedit
891 3213 1061 3248 consilium
1076 3237 1082 3244 .

153 3264 230 3297 Sine
249 3263 396 3304 judicio,
423 3263 487 3295 sine
514 3264 658 3304 ratione,
698 3264 767 3307 post
792 3263 1045 3307 appellationem
1074 3287 1084 3302 ,

152 3311 247 3359 nobis
274 3311 370 3345 etiam
398 3310 504 3344 adhuc
537 3310 569 3344 in
599 3312 696 3345 Curia
735 3314 937 3347 morantibus
969 3336 979 3350 ,
1015 3314 1080 3355 spo-

151 3363 227 3398 liata
247 3361 291 3395 est
317 3362 455 3411 Ecclesia
481 3386 491 3401 ‚
526 3360 649 3403 spoliati
675 3363 781 3397 sumus
803 3366 836 3398 ὅ(
859 3375 918 3397 nos
938 3374 1011 3396 cum
1029 3373 1082 3396 no-

151 3413 220 3447 sssis
234 3436 244 3451 ,
272 3411 481 3453 proscripti&
495 3411 549 3454 ipsi
565 3411 685 3444 Clerici
698 3424 772 3461 cum
785 3413 892 3453 Laicis
906 3438 916 3454 ,
938 3414 996 3447 viri
1010 3423 1082 3446 cum

245 3460 348 3500 Cbrist.
364 3464 443 3502 Lupi
453 3465 550 3504 Opera
562 3464 640 3494 Tom.
654 3463 695 3493 Χ.

1151 223 1290 259 Addicta
1315 223 1388 257 sunt
1413 223 1492 256 fisco
1515 222 1600 255 bona
1625 224 1772 261 Ecclesiae
1800 254 1810 269 ‚
1847 231 2082 274 {ammonium

1149 273 1319 308 crucifixi.-
1348 272 1424 307 Pars
1435 272 1578 316 pecunias
1594 276 1748 308 converfit
1773 277 1806 310 in
1830 270 2050 327 ususRegios
2076 306 2087 322 ,

1152 334 1221 368 pars
1244 323 1278 356 in
1303 333 1376 356 tuos
1394 324 1502 357 Frater
1523 321 1782 363 Londonienfis,
1807 327 1911 363 sivera
1931 331 2004 366 sunt
2016 342 2088 375 quae

1153 373 1359 412 audivimus,
1384 373 1417 408 δε
1438 384 1500 408 tuae
1524 372 1687 406 Ecclesiae.
1726 373 1837 420 Quam
1863 399 1874 416 ,
1899 380 1921 411 si
1941 383 1985 415 ita
2001 381 2047 415 est
2075 399 2088 422 5

1149 422 1340 469 exigimusa
1354 432 1404 463 te,
1430 423 1650 466 praecipientes
1662 421 1722 457 tibi
1742 423 1778 457 in
1801 424 1918 458 virtute
1936 428 2088 465 obedien.

1150 475 1222 513 tiae,
1248 483 1407 516 quatenus
1427 473 1510 507 infra
1531 473 1746 517 quadraginta
1770 473 1841 508 dies
1862 475 1933 518 post
1956 476 2089 515 istarum

1152 524 1386 567 susceptionem
1399 523 1598 561 litterarum,
1620 523 1780 567 quidquid
1792 524 1870 559 inde
1888 523 2013 565 tulisti,
2036 529 2088 562 vel

1152 574 1184 608 in
1199 575 1272 607 usus
1295 572 1440 607 Ecclesia:
1463 582 1524 608 tuae
1545 574 1739 607 conversum
1762 573 1833 615 est,
1858 584 1984 609 remota
1996 576 2090 609 omni

1150 623 1360 657 occasione&
1372 622 1530 657 dilatione
1541 646 1552 663 ,
1581 622 1663 656 infra
1676 632 1802 666 tempus
1813 625 2088 668 praenominatum

1153 674 1247 709 nobis
1271 674 1435 717 integrum
1456 673 1621 708 restituas.
1657 671 1813 715 Iniquum
1833 675 1924 708 enim
1948 674 1994 708 est
2018 698 2030 715 ,
2055 675 2094 709 &—

1151 725 1210 767 juri
1224 723 1551 763 valdecontrarium,
1586 722 1760 758 Ecclesiam
1785 723 1881 757 ditari
1905 723 1946 757 de
1962 724 2091 758 alterius

1154 774 1298 808 Ecclesiae
1318 771 1554 808 incommodo.
1580 773 1613 806 Si
1636 771 1746 806 laudas
1776 771 1947 807 authorem
1967 797 1979 814 ,
2013 774 2097 808 sciro

1151 823 1249 859 debes
1262 823 1353 865 super
1364 822 1457 856 rebus
1470 822 1616 857 Ecclefiae
1627 821 1742 857 ablatis
1753 833 1828 857 eum
1851 823 1998 868 legitime
2019 836 2090 863 non

1153 874 1239 918 posse
1260 871 1402 916 prestare
1415 873 1650 910 authoritatem
1673 896 1685 914 ,
1718 873 1774 918 qui
1808 871 1986 910 violentam
2009 874 2090 909 facit

1153 935 1303 968 injuriam
1316 948 1323 956 .

1201 975 1282 1022 Qo
1305 984 1384 1019 ergo
1400 973 1468 1019 jure
1491 975 1660 1019 perverso,
1685 986 1758 1019 quo
1774 975 1953 1010 Canonum
1971 975 2090 1010 ordine

1153 1024 1343 1068 transposito
1355 1035 1509 1068 poterunt
1521 1027 1552 1060 se
1572 1026 1655 1059 tueri
1675 1034 1814 1068 raPtores
1838 1026 2008 1071 sacrilegi,
2035 1025 2094 1060 bo»

1154 1086 1270 1109 norum
1296 1074 1594 1110 Ecclasiasticorum
1630 1075 1791 1111 invasores
1816 1100 1829 1117 ‚
1855 1088 1924 1112 non
1969 1076 2095 1111 restitui

1153 1126 1194 1159 tis
1229 1123 1343 1159 ablatis
1377 1125 1522 1160 Ecclesiae
1554 1127 1568 1159 2
1600 1126 1825 1170 Opponentr-re
1858 1125 2093 1170 appellationis

1154 1175 1382 1209 obstaculum?
1410 1176 1523 1210 Absit.
1551 1176 1636 1223 Qae
1662 1187 1746 1210 nova
1766 1201 1777 1216 ‚
1804 1173 1909 1210 immo
1935 1187 2004 1219 quae
2029 1175 2092 1217 iuri

1153 1226 1314 1258 contraria
1341 1225 1548 1259 introducitis
1574 1227 1607 1258 in
1636 1226 1793 1261 Ecclessas
1820 1226 1895 1260 istas
1920 1228 1932 1259 ἓ
1970 1223 2094 1260 Videte

1154 1274 1231 1316 quid
1259 1273 1380 1317 agatis.
1410 1272 1506 1306 Certe
1531 1274 1667 1307 cudetur
1694 1276 1727 1306 in
1755 1285 1812 1307 vos
1841 1276 1913 1307 faba
1940 1275 1998 1308 ista
2019 1299 2029 1314 ,
2058 1274 2093 1307 &

1154 1324 1187 1356 in
1217 1322 1372 1356 Ecclesias
1394 1323 1512 1356 vestras
1533 1346 1544 1363 ,
1568 1323 1591 1355 fi
1615 1332 1686 1355 non
1714 1323 1828 1356 melius
1857 1324 1949 1356 vobis
1968 1326 2094 1366 prospe-

1153 1373 1282 1407 xeritis.
1301 1372 1487 1407 Periculose
1498 1372 1587 1406 enim
1598 1382 1745 1415 ageretur
1754 1384 1830 1407 cum
1853 1373 1992 1408 Ecclesia
2007 1373 2094 1414 Dei,

1154 1424 1174 1456 si
1199 1434 1304 1465 raptor
1323 1423 1511 1466 sacrilegus,
1533 1422 1717 1456 alienorum
1739 1422 1901 1458 bonorum
1926 1424 2056 1456 invasor
2082 1449 2092 1463 ‚

1156 1472 1295 1507 maxime
1325 1473 1473 1507 Ecclesiae
1494 1497 1505 1512 ,
1540 1481 1628 1506 tutus
1651 1472 1730 1506 effer
1767 1473 1922 1507 adversus
1944 1485 2017 1508 eam
2041 1485 2094 1515 ap-

1155 1524 1339 1566 pellationis
1377 1522 1502 1556 auxilio
1519 1546 1527 1555 .
1564 1521 1690 1554 Frustra
1713 1523 1802 1556 enim
1826 1523 1907 1566 juris
1938 1523 2092 1565 implorat

1154 1572 1332 1612 auxilium,
1359 1573 1414 1616 qui
1427 1572 1486 1613 juri
1500 1582 1568 1605 non
1591 1571 1814 1613 obtemperat,
1840 1571 1944 1605 immo
1964 1573 2022 1614 qui
2045 1572 2096 1606 est-

1154 1622 1213 1664 juri
1228 1623 1431 1661 contrarius,
1459 1620 1823 1663 sunt-neistaeinjuriae‚
1849 1633 1928 1666 quas
1939 1621 2090 1656 addimus

1156 1672 1307 1714 injuriis,
1333 1671 1460 1706 labores
1481 1681 1564 1713 quos
1591 1669 1757 1703 laboribus
1775 1671 1945 1712 adjicimus
1968 1696 1979 1712 ,
2016 1674 2095 1715 quia

1154 1721 1256 1754 ista&
1278 1721 1341 1752 alia
1365 1719 1536 1758 enormia,
1564 1718 1802 1759 quae.fiebant‚
1828 1722 1862 1753 ὄε
1884 1731 1952 1763 quae
1964 1723 2097 1758 fiuntin

1157 1769 1295 1802 Ecclefia
1313 1768 1493 1807 islasnon
1508 1766 1723 1800 sustinuimus
1749 1791 1761 1807 ‚
1798 1770 1875 1812 quia
1897 1771 2024 1814 gravati
2046 1783 2099 1815 ap·

1153 1817 1368 1861 pellavimus‚
1390 1815 1467 1860 quia
1478 1816 1657 1852 receffimus
1669 1817 1694 1850 a·
1706 1816 1826 1858 Curia,
1860 1820 1936 1863 quia
1960 1821 2025 1855 ausi
2046 1822 2096 1856 su-

1151 1879 1224 1902 mus
1235 1867 1463 1911 superinjuriis
1490 1867 1635 1902 Ecclefiae
1655 1867 1688 1902 δε
1712 1867 1832 1905 nostris
1857 1871 2038 1915 conqueri,
2063 1873 2098 1906 ὅ(

1153 1917 1305 1962 superbis
1318 1918 1471 1953 omnibus
1496 1930 1564 1952 non
1585 1928 1747 1957 tacemus,
1776 1918 1922 1962 quiaista
1948 1931 2095 1964 paramus

1151 1968 1311 2013 corrigere
1334 1970 1346 2001 ?
1376 1967 1564 2002 Periculose
1584 1979 1659 2003 ecce
1678 1968 1835 2013 affligitur
1858 1994 1868 2010 ,
1895 1971 1948 2003 cui
1981 1971 2095 2006 saltem

1151 2018 1373 2062 conquerendi
1386 2018 1536 2052 solatium
1547 2018 1748 2062 denegatur.
1777 2019 1849 2055 Vos
1871 2020 1969 2054 amici
1986 2022 2048 2054 mei
2079 2045 2093 2060 2

1150 2068 1205 2112 qui
1219 2069 1334 2103 altiora
1352 2067 1461 2112 sapitis
1484 2069 1567 2103 inter
1589 2069 1672 2103 alios
1691 2092 1703 2109 ,
1730 2069 1785 2112 qui
1799 2069 1922 2114 vgeritis
1943 2080 1999 2103 vos
2023 2072 2095 2105 aliis

1152 2118 1376 2162 prudentiores
1389 2143 1400 2159 ,
1420 2120 1583 2163 [quoniam
1597 2118 1700 2153 solent
1712 2119 1774 2153 filii
1787 2117 1882 2162 hujus
1894 2120 1997 2153 saeculi
2024 2131 2096 2164 pru-

1151 2167 1314 2204 dentiores
1337 2169 1400 2203 esse
1422 2169 1497 2203 filiis
1519 2170 1619 2210 lucis,
1647 2178 1683 2203 ut
1705 2169 1786 2212 quid
1808 2170 1960 2214 decipitis
1982 2171 2093 2205 fratres

1154 2221 1268 2253 vestros
1280 2219 1313 2253 &
1329 2219 1501 2253 subditos?
1526 2219 1638 2265 Qare
1660 2220 1818 2254 inducitis
1834 2231 1889 2255 eos
1903 2221 1937 2254 in
1947 2231 2092 2256 errorem

1153 2269 1248 2303 istum
1265 2269 1281 2300 ἒ
1322 2268 1405 2315 Qiae
1426 2266 1609 2304 authoritas
1629 2292 1641 2310 ‚
1675 2281 1745 2313 quae
1772 2271 1927 2313 scriptura
1948 2271 2091 2306 contulit

1153 2318 1237 2353 hanc
1260 2317 1467 2360 Principibus
1500 2318 1746 2362 prerogativam
1768 2321 1803 2353 in
1827 2320 2057 2355 Ecclesiasticis
2084 2346 2094 2363 ,

1152 2380 1249 2412 quam
1262 2379 1319 2402 vos
1331 2367 1428 2403 vultis
1438 2369 1483 2402 eis
1497 2369 1670 2403 conferre?
1706 2369 1825 2404 Nolite
1846 2371 1972 2405 Fratres
1986 2396 1996 2411 ,
2023 2383 2086 2405 no-

1153 2419 1210 2452 lite
1231 2418 1301 2461 jura
1325 2418 1437 2463 Regni
1458 2419 1490 2452 &
1516 2419 1662 2453 Ecclefiae
1686 2419 1888 2454 confundere
1905 2446 1912 2452 .
1942 2422 2095 2455 Discretae

1151 2468 1282 2512 quidem
1307 2469 1380 2503 sunt
1404 2468 1585 2503 potestates
1606 2468 1692 2509 istae,
1719 2480 1854 2511 quarum
1878 2480 1943 2502 una
1970 2470 2035 2504 vim
2057 2472 2092 2505 <Sc

1153 2519 1343 2563 potestatem
1367 2519 1497 2554 sortitur
1517 2530 1559 2553 ex
1582 2518 1665 2552 alia.
1693 2518 1810 2561 Legite
1831 2519 2023 2561 scripturas,
2057 2521 2091 2555 ὅ(

1153 2569 1325 2603 invenietis
1337 2579 1418 2612 quot
1438 2569 1472 2601 ὅ(
1495 2568 1551 2608 qui
1575 2571 1694 2608 periere
1714 2568 1847 2611 Reges²
1874 2570 1927 2611 qui
1951 2570 2091 2605 visisunt

1151 2617 1424 2653 sibiSacerdotale
1434 2617 1580 2652 officium
1603 2617 1773 2659 usurpare.
1810 2617 1986 2653 Provideat
2011 2631 2091 2664 ergo

1151 2669 1249 2704 vestra
1269 2667 1445 2706 discretio,
1481 2677 1521 2699 ne
1539 2665 1583 2700 ob
1606 2666 1698 2700 istam
1722 2668 1859 2710 pressura
1882 2667 2007 2702 Divina
2031 2680 2087 2703 vos

1149 2717 1448 2758 atteratinjuriam.
1475 2715 1607 2766 Qum,
1636 2717 1658 2751 s1
1684 2716 1806 2752 venerit
1823 2740 1838 2761 ‚
1867 2728 1935 2752 non
1958 2718 2090 2764 effugie-

1150 2770 1191 2803 tis
1204 2770 1243 2803 de
1257 2767 1345 2801 facili
1358 2791 1366 2799 .

1199 2817 1372 2852 Consulite
1383 2816 1649 2858 etiamDomino
1671 2818 1783 2853 nostro
1805 2819 1914 2863 Regi,
1942 2820 2000 2864 qui
2020 2820 2089 2863 ejus

1150 2867 1346 2914 comparatis
1357 2869 1495 2911 gratiam
1520 2868 1667 2902 Ecclesiae
1687 2867 1879 2912 dispendio,
1907 2882 1970 2911 ne,
1998 2870 2088 2913 quod

1149 2918 1247 2956 absit,
1274 2927 1379 2960 pereat
1400 2917 1487 2960 ipse,
1513 2918 1548 2952 δε
1569 2918 1686 2952 domus
1707 2919 1775 2961 ejus
1796 2929 1865 2953 tota
1885 2943 1896 2960 ,
1937 2919 2014 2954 sicut
2040 2932 2089 2963 pe-

1150 2969 1228 3002 riere
1239 2968 1296 3011 qui
1308 2968 1341 3001 in
1351 2966 1511 3002 consimili
1528 2966 1715 3011 deprehensi
1729 2970 1802 3004 sunt
1811 2967 1946 3004 delicto.
1963 2970 1994 3004 Si
2014 2970 2088 3004 vero

1149 3018 1190 3052 ab
1201 3016 1415 3060 hocincaepto
1428 3029 1494 3051 non
1507 3017 1686 3058 destiterit,
1713 3029 1776 3061 qua
1794 3019 1896 3054 animi
1921 3019 2088 3054 conscien-

1149 3068 1193 3101 tia
1210 3079 1276 3102 non
1290 3066 1460 3110 puniemus
1472 3068 1531 3102 ista
1544 3092 1554 3107 ,
1579 3080 1643 3112 qua
1657 3069 1795 3111 puritate
1807 3070 2014 3104 conscientiae
2027 3068 2086 3103 ista

1147 3116 1418 3152 dissimulabimus
1439 3120 1451 3152 ?
1476 3117 1664 3153 Dissimulet
1685 3119 1818 3163 quidem
1847 3119 1904 3161 qui
1925 3118 2009 3154 hanc
2032 3118 2087 3153 ha-

1149 3168 1200 3202 bet
1213 3165 1433 3203 dissimulandi
1446 3167 1699 3209 authoritatem,
1727 3180 1797 3202 non
1809 3178 1895 3213 ege,
1922 3180 1962 3203 ne
1978 3169 2087 3202 veniat

1147 3218 1180 3251 in
1203 3218 1347 3252 animam
1368 3229 1473 3251 meam
1496 3218 1552 3251 ista
1564 3217 1793 3253 dissimulatio.
1834 3218 1978 3252 Innuitis
2001 3217 2088 3258 litter-

1147 3268 1188 3301 ris
1214 3267 1346 3307 vestris,
1384 3267 1485 3300 immo
1508 3266 1615 3309 aperte
1635 3268 1742 3302 dicitis
1764 3280 1815 3302 me
1841 3268 1960 3311 Regno
1992 3267 2087 3304 recla-

1148 3329 1278 3358 mante,
1304 3317 1444 3351 Ecclesia
1455 3318 1552 3351 etiam
1575 3318 1752 3360 suspirante
1769 3319 1802 3350 ἀ
1827 3317 2080 3359 ingemiscente,

1148 3368 1239 3401 fuisse
1251 3376 1438 3410 promotum
1453 3391 1460 3399 .
1486 3366 1582 3400 Scitis
1595 3368 1674 3411 quid
1688 3368 1773 3400 dicat
1788 3366 1900 3399 veritas
1913 3366 1925 3399 ?
1937 3366 1986 3400 Os
1997 3368 2088 3408 quod

1148 3417 1350 3453 mendacium
1363 3417 1498 3451 scienter
1510 3417 1677 3461 loquitur,
1701 3414 1823 3450 occidit
1838 3416 1994 3452 animam.
2008 3416 2091 3452 Ver·

1686 3464 1799 3502 Ma.
1998 3465 2041 3502 ba
