2358 3776
382 156 474 219 368
948 147 1534 201 ‘EP1sTotAE

1305 235 1456 292 cantica,
1483 235 1570 271 felici
1582 235 1706 280 prorsus
1723 238 1757 275 δε
1775 238 1846 276 laita
1867 243 2049 282 mutatione
2066 261 2217 294 emersu

1291 260 1354 340 'est
1364 309 1382 341 ,ι
1397 287 1431 320 Si
1444 286 1574 330 quidem
1586 287 1650 331 jam
1665 288 1749 323 adeo
1760 291 1800 326 ad
1810 297 2006 331 memoriam
2018 299 2172 344 Martyris
2186 273 2237 344 ῖῃῖ

1308 335 1418 371 nudata
1427 338 1584 371 miracula
1598 338 1811 382 crebuerunt,
1835 353 1872 378 ut
1888 345 1914 379 si
1937 345 2013 382 alias
2035 352 2146 386 audita
2168 356 2234 394 iilic

1309 389 1535 427 provenerint,
1565 388 1618 421 vix
1631 391 1822 425 censeantur
1831 391 1918 429 illius
1937 398 2104 434 miraculis
2122 403 2233 442 adscri-

1307 434 1430 469 benda,
1456 438 1645 472 sicutenim
1658 441 1690 472 in
1704 443 1797 475 omni
1805 444 2002 482 conditione
2014 448 2147 488 Nobi-lis
2165 458 2233 491 ani-

794 538 800 543 .
1027 534 1033 540 ι
1132 535 1137 540 .
1156 533 1163 539 ⁵
1306 495 1380 518 mus
1399 485 1519 522 studuit
1532 488 1787 525 conniventibus
1799 497 2006 536 praeeminere
2053 501 2095 535 sic
2106 513 2174 539 nun

437 541 556 578 habet,
582 538 615 571 ὅ(
634 546 819 571 communis
843 534 1060 570 consideratio
1092 533 1241 568 utilitatis
1308 543 1344 567 ut
1355 535 1493 570 aliorum
1505 539 1693 573 sanctorum
1715 553 1798 585 pace
1818 544 1956 580 dixerim
2006 523 2090 585 a'lios
2112 551 2132 586 d
2177 518 2196 540 c
2213 530 2234 563 ”’

305 591 471 635 exposcit,
497 599 533 624 ut
546 587 704 631 scriptura
716 587 793 620 serie
804 585 944 619 debeant
959 583 1133 617 annotari.
1160 583 1241 618 lude
1307 584 1367 619 bus
1377 584 1510 630 legerim
1526 588 1576 622 vel
1595 591 1773 633 audierim,
1798 593 1834 626 in
1855 572 2087 635 miracdlorum
2107 564 2237 640 “51¹qu-

306 641 463 698 siquidem
473 638 540 696 est'.
565 638 654 681 quod
668 648 728 671 nos
740 638 929 692 mandatum
940 633 1020 667 illud
1033 644 1065 666 in
1079 634 1231 690 scriptum
1308 637 1397 689 tione
1410 636 1556 678 praecedit
1567 663 1574 672 .
1603 640 1704 686 Qod
1721 642 1794 676 ideo
1805 644 1900 679 facile
1911 648 2101 686 crediderim
2127 666 2238 697 prove-

306 691 462 726 duximus
476 689 710 733 redigendum,
736 685 823 729 quod
837 685 930 718 vobis
943 694 1052 727 proco
1065 683 1202 717 facimus
1223 698 1240 724 ¹,
1305 686 1406 723 nisse.
1431 697 1466 720 ut
1483 686 1581 723 fidem
1603 690 1637 723 in
1662 690 1807 733 pluribus
1832 695 1933 730 Orbis
1966 700 2068 735 nostri
2092 705 2234 746 parribus

412 286 815 326 EPISTOLA
914 281 1136 318 Lxxxix.

363 397 436 437 Regi
449 392 561 443 Δημέα
572 388 706 424 albertus
715 387 753 420 (9·
764 382 978 423 Tbeodebertus
989 383 1187 419 cardinales.

383 503 387 507 ·
417 493 443 527 E
469 489 650 525 indubium
663 484 879 528 veniantquae
903 493 1083 528 geruntur,
1108 484 1143 518 δε
1169 485 1244 518 usus

296 742 383 786 quia
396 740 616 774 malefadiores
629 737 702 771 illos
713 761 723 776 ,
750 737 805 779 qui
818 736 929 769 saneta:
955 744 1118 768 memoriae
1139 734 1231 767 Tho·
1307 747 1372 768 non
1386 745 1451 769 tarn
1476 738 1611 781 sopitam
1626 764 1637 779 ,
1663 741 1759 784 quam
1782 743 1847 777 sere
1865 747 2043 784 extinctam
2067 753 2100 786 D
2162 755 2170 763 .

301 802 391 826 mam
403 790 571 834 quondam
581 786 844 826 Cantuariensem
860 784 1173 828 Archi-Episcopum
1186 795 1242 818 oc»
1303 787 1459 819 excitaret
1473 810 1484 826 ,
1511 788 1598 831 spem
1609 791 1747 836 erigeret
1758 816 1770 833 ‚
1795 794 1946 831 solidaret
1957 798 2081 835 charita
2102 764 2234 839 ommgcs

304 841 455 876 ciderunt
465 839 633 874 occasione
645 847 753 872 motus
764 833 1004 870 &turbationis
1016 859 1026 874 ‚
1046 846 1143 877 quam
1158 833 1235 869 vide·
1303 834 1479 871 obstrueret
1490 848 1546 873 ora
1558 838 1746 883 iniquorum
1757 866 1768 883 ,
1796 846 1851 887 qui
1870 847 1975 882 fausto
1998 851 2069 885 viro
2085 814 2149 887 ‘dem
2164 829 2202 887 ’.h

300 901 380 926 runt
393 891 427 924 in
441 890 533 925 vobis
543 888 582 923 ad
594 889 674 923 illud
686 887 811 921 facinus
822 885 1000 928 proceffisse
1010 886 1134 920 timetis
1146 909 1153 915 .
1182 885 1238 918 Su·
1303 884 1380 920 bant
1393 888 1425 918 in
1439 888 1503 921 vita
1517 912 1529 928 ,
1554 888 1587 924 ἃ
1597 891 1680 924 odio
1691 894 1832 934 personae
1844 898 1970 932 causam
1983 865 2177 935 Chr-stfltra
2192 867 2235 938 se.

301 952 360 986 per
370 953 437 986 quo
445 951 553 976 tamen
565 941 663 974 Facto
677 937 904 982 purgationem
927 937 960 969 in
984 936 1090 969 nostra
1111 936 1235 978 praesen·
1302 935 1481 976 quebantur
1493 962 1500 970 .
1528 938 1612 985 Qis
1624 941 1713 974 enim
1725 943 1846 977 amodo
1858 956 1965 981 veram
1978 950 2011 983 ὅ(
2023 915 2118 986 fidelle
2130 915 2235 987 Proie-

302 991 350 1026 tia
361 991 403 1026 de
415 991 585 1025 voluntate
596 990 722 1035 propria
736 985 918 1031 praestitistis
930 1010 940 1027 ,
960 984 1047 1028 quod
1063 986 1212 1018 videlicet
1227 1008 1238 1024 ,
1303 985 1383 1020 bitet
1392 987 1581 1021 Dosirinarn
1596 986 1714 1025 Christi
1726 1014 1738 1030 ‚
1761 993 1816 1033 qui
1832 994 1933 1030 verbis
1942 998 2004 1032 suis
2016 966 2151 1036 adhaerm
2199 966 2233 988 u-

297 1051 364 1075 vaiei:
386 1040 577 1084 precepistis
588 1066 599 1082 ,
625 1051 684 1074 nec
706 1037 852 1072 voluistis
877 1046 911 1070 ut
940 1036 1142 1070 occideretur
1167 1058 1178 1075 ‚
1203 1035 1237 1070 δε
1303 1035 1472 1071 hominem
1485 1037 1580 1071 nobis
1593 1049 1708 1074 notum
1722 1051 1810 1076 tanta
1829 1044 1986 1080 felicitate
2010 1014 2231 1086 romanii-nen3

298 1089 438 1135 quando
451 1091 596 1133 pervenit
620 1091 660 1124 ad
683 1099 759 1128 vos,
787 1086 962 1131 plurimum
986 1085 1155 1121 doluistis.
1182 1084 1237 1119 Ab
1301 1085 1384 1132 Qis
1397 1087 1525 1121 causam
1536 1086 1628 1125 fuiffe
1650 1088 1820 1134 iniquam,
1848 1095 1905 1128 uisi
1928 1096 2138 1139 demoniacus
2157 1065 2222 1137 ‘td'-

302 1140 435 1175 instanti
449 1141 606 1185 siquidem
628 1138 833 1173 Pentecosses
855 1138 953 1182 usque
973 1137 1012 1171 ad
1025 1147 1149 1169 annum
1163 1145 1236 1168 tan·
1299 1146 1351 1170 cet
1364 1160 1374 1175 ‚
1385 1147 1453 1180 quae
1466 1149 1636 1180 patronum
1652 1140 1742 1175 suum
1756 1153 1846 1177 tanta
1856 1155 1993 1180 coronat
2003 1148 2109 1192 gloria
2123 1151 2140 1175 ³
2150 1116 2238 1186 ὀἱ
2284 1136 2286 1138 ,

298 1201 370 1226 tam
382 1194 551 1235 pecuniam
563 1190 699 1229 dabitis,
725 1188 812 1223 unde
832 1187 873 1221 ab
894 1185 1063 1223 arbitrium
1088 1186 1236 1220 Fratrum
1301 1187 1449 1222 bitatura
1464 1187 1635 1231 plurium,
1662 1202 1703 1224 „n
1718 1203 1787 1234 Pars
1810 1193 1951 1229 Domini
1978 1196 2073 1242 papae
2121 1176 2161 1235 'in
2195 1213 2236 1236 u·

296 1243 413 1285 templi
426 1243 558 1276 ducenti
570 1242 692 1275 milites
714 1241 841 1273 valeant
861 1239 901 1271 ad
925 1236 1145 1271 defensionem
1157 1235 1236 1269 Hie·
1298 1236 1428 1277 stamus,
1439 1238 1480 1272 de
1490 1239 1612 1280 iustitia
1627 1241 1803 1275 niteretur:
1831 1243 1883 1277 sed
1892 1247 1991 1281 cama
2005 1222 2142 1285 crimine
2153 1213 2239 1286 sgli'-

302 1293 551 1334 rosolymitanae
576 1302 664 1324 terrz
688 1290 790 1331 spatio
812 1287 908 1321 unius
927 1287 1004 1320 anni
1017 1288 1135 1320 teneri.
1165 1285 1237 1319 Vos
1299 1287 1406 1320 sinatis
1417 1288 1578 1332 gloriosus
1589 1290 1717 1332 Martyr
1727 1292 1864 1329 absolvit
1879 1319 1886 1328 .
1913 1296 1982 1343 Qi
1995 1299 2016 1332 si
2029 1300 2139 1335 fautor
2159 1264 2222 1337 esi*¹

300 1352 410 1377 autem
423 1364 433 1380 ,
457 1342 475 1375 ὲ
489 1341 631 1383 sequenti
643 1338 785 1372 Domini
797 1337 979 1371 Nativitate
990 1337 1089 1379 usque
1108 1333 1148 1369 ad
1171 1345 1237 1369 ter-
1299 1335 1479 1370 schismatis
1496 1360 1508 1377 ‚
1536 1341 1738 1381 nequaquam
1748 1343 1847 1376 tantis
1859 1345 2021 1380 miraculis
2032 1314 2236 1386 coruscare?t

297 1392 426 1424 minum
439 1415 449 1430 ,
476 1390 616 1423 Crucem
640 1388 804 1430 accipietis
816 1410 827 1426 ,
857 1387 1006 1429 proxima
1024 1395 1102 1419 tunc
1129 1385 1236 1419 aestate
2227 1378 2235 1386 '

298 1439 420 1474 illucin
435 1438 560 1481 propria
572 1438 707 1480 persona
721 1436 862 1469 ducente
877 1436 1031 1468 Domino
1046 1434 1212 1475 profefluri
1225 1457 1235 1473 ,

298 1489 360 1524 nisi
376 1489 563 1522 remanserit
579 1497 633 1530 per
642 1484 830 1519 Dominum
853 1483 974 1526 Papam
987 1504 998 1521 ,
1021 1482 1070 1516 vel
1089 1480 1234 1516 Catholi-

298 1549 376 1574 cum
388 1539 599 1572 successorem
611 1534 692 1578 ejus.
722 1533 805 1568 sane
824 1533 848 1567 si
867 1542 981 1568 contra
1000 1531 1177 1566 Saracenos
1199 1532 1233 1566 in

298 1589 496 1632 Hispaniam
506 1598 563 1632 pro
576 1584 706 1631 urgenti
719 1584 904 1619 necessitate
918 1581 1051 1627 profecti
1070 1582 1197 1617 fueritis
1226 1606 1237 1623 ,

298 1649 460 1684 quantum
468 1637 623 1682 temporis
631 1635 727 1670 fuerit
739 1646 779 1669 ex
792 1646 859 1679 quo
871 1632 1066 1677 arripueritis
1076 1633 1136 1667 iter
1145 1656 1157 1672 ‚
1169 1642 1235 1666 tan·

297 1688 435 1726 tundem
449 1687 663 1732 supradictum
687 1685 1002 1727 Hierosolymitnnae
1026 1682 1236 1726 profectionis

304 1739 455 1784 poteritis
466 1739 662 1781 prolongare
673 1760 680 1767 .
708 1734 955 1777 Appellationes
993 1743 1052 1767 nec
1084 1733 1235 1776 impedie-

296 1791 364 1830 tis,
392 1799 451 1822 nec
463 1784 653 1830 permittetis
677 1784 853 1827 impediri,
880 1784 960 1825 quin
980 1782 1077 1816 libere
1098 1784 1182 1816 fiant
1202 1783 1235 1816 in

302 1837 533 1874 Ecclesiasticis
543 1836 686 1879 causisad
710 1834 899 1868 Romanam
922 1833 1120 1867 Ecclesiam:
1149 1830 1234 1866 bona

301 1887 388 1928 fide,
410 1886 572 1930 &absque
586 1886 698 1919 fraude
709 1885 743 1918 ἀ
755 1885 842 1918 malo
856 1882 992 1928 ingenio
1005 1906 1016 1922 ‚
1041 1892 1076 1915 ut
1100 1893 1153 1925 per
1172 1882 1238 1916 Ro-

298 1949 435 1974 manum
450 1936 650 1971 Pontificem
660 1935 757 1969 causa:
781 1935 953 1968 tractentur
966 1956 977 1973 ,
1004 1932 1037 1966 ὅ(
1048 1932 1142 1964 suum
1162 1941 1243 1969 con-j

299 1989 475 2033 sequantur
488 1987 637 2022 effectum
646 2010 653 2018 .
685 1986 740 2020 Sic
750 1995 859 2018 tamen
871 2008 881 2025 ‚
909 1993 945 2017 ut
962 1984 983 2015 sl
996 1980 1088 2017 vobis
1098 1981 1242 2024 suspecti

296 2039 421 2077 fuerint
443 2037 567 2081 aliqui,
596 2036 799 2071 securitatem
822 2034 963 2073 facient,
1002 2031 1091 2076 quod
1115 2031 1238 2065 malum

301 2089 439 2124 nstrum
454 2089 505 2122 vel
517 2088 627 2131 Regni
640 2085 733 2120 vestri
748 2096 814 2119 non
829 2092 973 2128 quaerurit
985 2107 993 2114 .
1021 2081 1264 2801 Consuetud¹

1301 1386 1374 1419 Erat
1391 1395 1532 1428 namque
1543 1398 1590 1420 vir
1604 1398 1702 1422 tantae
1715 1391 1890 1431 prudentie
1901 1417 1912 1433 ,
1924 1405 1960 1428 ut
1971 1408 2037 1430 non
2051 1399 2146 1434 facile
2162 1403 2241 1444 pos-

1298 1435 1349 1489 set'
1362 1445 1467 1467 ermre
1479 1435 1673 1482 supplantari
1686 1437 1720 1469 iri
1734 1448 1828 1472 tanto
1853 1443 1998 1483 periculo
2019 1448 2201 1483 animarum
2229 1475 2237 1483 .

1299 1483 1437 1538 Mirarer
1458 1484 1568 1527 itaque
1591 1485 1682 1528 supra
1705 1486 1840 1522 modum
1851 1513 1861 1529 ‚
1888 1501 1945 1524 cui·
1966 1503 2040 1528 eum
2070 1496 2237 1534 Dominus

1299 1532 1388 1589 l'apa
1403 1542 1436 1567 in
1449 1533 1648 1579 Catalogum
1660 1536 1759 1579 recipi
1772 1549 1840 1572 nou
1855 1545 2036 1584 praeceperit
2053 1568 2065 1585 ,
2088 1547 2146 1581 nisi
2161 1539 2235 1593 quia

1298 1594 1333 1616 in
1353 1581 1578 1618 -Ecclefiastica
1604 1585 1753 1621 Historia
1772 1587 1887 1632 legisse
1911 1602 1963 1626 me
1984 1595 2096 1630 recolo
2107 1620 2119 1637 ,
2144 1598 2236 1645 quod

1298 1631 1515 1690 cumnpiiatus
1526 1635 1618 1673 missa
1631 1635 1788 1672 relatione
1800 1638 1975 1676 Tiberium
1989 1643 2144 1680 Caesarem
2155 1650 2231 1682 conl

1299 1684 1442 1718 suluiffet
1451 1708 1463 1725 ,
1488 1695 1530 1718 an
1544 1684 1730 1726 Christum.
1760 1689 1816 1729 qui
1831 1692 1928 1725 tot&
1938 1701 2031 1727 tanta
2043 1694 2162 1732 fecerat
2174 1707 2176 1710 ’
2200 1697 2234 1733 ἃ

1299 1733 1318 1767 ὲ
1340 1734 1488 1776 plurimis
1510 1734 1679 1771 colebatur
1704 1745 1740 1771 ut
1761 1737 1853 1773 Deus
1874 1764 1886 1780 ‚
1923 1742 1989 1776 coli
2010 1721 2237 1787 oporteret’tit

1301 1783 1553 1822 Deum‚seuatus
1564 1785 1802 1828 ablmperatore
1813 1791 1980 1826 consultus
1991 1794 2157 1836 respondit
2165 1799 2237 1843 qui·

1300 1830 1374 1888 dem
1390 1832 1566 1867 colendum
1580 1835 1672 1868 fuisse
1683 1846 1717 1868 ut
1730 1836 1839 1870 Deum
1850 1862 1861 1878 ,
1885 1841 1942 1873 nisi
1955 1842 2030 1885 quia
2042 1844 2075 1878 id
2097 1845 2239 1882 Provin-

1301 1884 1396 1938 cia—les
1408 1884 1488 1916 citra
1498 1883 1633 1918 Senatus
1643 1884 1875 1923 authoritatem
1890 1890 2165 1936 praesumpserant.
2193 1898 2239 1931 Et

1302 1932 1434 1974 quidem
1445 1932 1486 1965 sic
1497 1940 1579 1966 nutu
1590 1933 1728 1968 faciente
1741 1936 1868 1972 Divino·
1888 1942 2074 1983 responsum
2098 1945 2144 1980 est
2193 1929 2246 1981 ne

1303 1981 1417 2036 Deitas
1430 1979 1551 2034 Christi
1563 2006 1575 2022 ,
1597 1984 1688 2026 cujus
1699 1995 1818 2019 nornen
1830 1998 1896 2021 erat
1909 1988 2024 2031 Judaeis
2033 1994 2068 2028 ἀ
2077 1972 2233 2040 gent'ibus

1303 2031 1539 2073 praedicandum
1550 2042 1679 2069 terrenae
1701 2036 1851 2077 potestati
1867 2040 2027 2077 videretur
2047 2042 2197 2080 obnoxia
2223 2052 2225 2054 ’

1301 2082 1333 2114 ὅ(
1345 2092 1415 2137 earn
1428 2082 1663 2116 emendicatam
1676 2085 1823 2121 dicerent
1845 2088 2009 2130 infideles,
2046 2096 2102 2136 qui
2127 2071 2236 2130 velint,

1305 2131 1411 2164 nolint
1425 2154 1435 2171 ,
1461 2142 1625 2176 coguntur
1636 2134 1745 2168 audire
1755 2159 1762 2168 .
1794 2137 1964 2183 Qoniam
1992 2141 2159 2179 Dominus
2185 2157 2236 2179 re-

1302 2191 1431 2224 gnavit,
1458 2183 1633 2218 irascantur
1655 2185 1791 2227 populi,
1819 2187 1986 2223 &exultet
1997 2200 2077 2226 terra
2090 2217 2102 2234 ‚
2127 2193 2161 2228 in
2170 2205 2236 2239 qua

1302 2229 1423 2264 Christi
1435 2231 1589 2266 fundatur
1603 2233 1742 2278 Ecclesia
1754 2258 1761 2266 .
1786 2235 1840 2270 Sic
1850 2248 1931 2282 ergo
1943 2251 2024 2274 nutu
2048 2243 2177 2278 Divino
2187 2257 2234 2279 ar-

1303 2280 1405 2314 bitror
1417 2283 1555 2317 evenisse
1568 2306 1580 2323 ,
1605 2293 1641 2318 ut
1650 2280 1807 2327 Martyris
1821 2285 1915 2329 hujus
1923 2290 2029 2333 gloria
2040 2303 2100 2327 nec
2112 2293 2232 2329 Decre-

1302 2341 1336 2362 to
1349 2329 1534 2385 pontificali
1561 2344 1621 2367 nec
1644 2335 1749 2369 edisio
1772 2334 1933 2380 Principis
1956 2340 2129 2378 attollatur
2141 2368 2154 2385 ‚
2181 2345 2233 2380 sed

1304 2378 1439 2413 Christo
1450 2382 1611 2424 praecipuo
1624 2383 1760 2419 authore
1773 2386 1966 2427 invalescat,
1994 2392 2087 2434 cujus
2107 2387 2230 2431 noffieri
2258 2383 2262 2389 t

1301 2431 1406 2472 quoad
1419 2431 1503 2464 vixit
1514 2453 1526 2471 ‚
1553 2431 1677 2466 studui:
1689 2434 1841 2469 ariarate.
1870 2440 2011 2471 amorem
2023 2441 2135 2481 christi
2167 2430 2235 2478 sit-

1299 2490 1372 2512 vum
1383 2480 1452 2513 sore
1465 2480 1586 2523 semper
1598 2482 1744 2525 expreffit
1758 2506 1769 2523 ,
1793 2484 1827 2518 ἀ
1838 2484 1988 2520 Christus
1999 2490 2028 2521 ei
2045 2490 2149 2525 vicem
2164 2479 2231 2526 non

299 2148 380 2180 nes,
406 2149 478 2183 quae
490 2137 625 2172 induam
637 2144 711 2171 lunt
720 2146 834 2170 contra
852 2134 1006 2180 Ecclesias
1026 2143 1114 2166 terrae
1125 2131 1242 2181 vestrae,

296 2199 445 2232 tempore
457 2188 562 2223 vestro
571 2186 696 2232 penitus
706 2186 879 2221 dimittetis
890 2210 900 2225 ,
927 2194 987 2218 nec
999 2181 1039 2216 ab
1060 2181 1229 2225 Episcopis

300 2239 440 2283 amplius
450 2238 607 2283 exigetis.
636 2232 1100 2272 Possessiones-Cantuariensis
1120 2231 1239 2265 Eccle-

301 2289 353 2323 fiae
365 2312 375 2326 ‚
401 2289 423 2320 fi
436 2299 506 2331 quae
519 2287 634 2322 ablatae
643 2288 740 2327 sunt‚>
770 2286 865 2329 plene
876 2281 1047 2317 restituetis
1057 2303 1068 2319 ‚
1095 2280 1173 2314 sicut
1187 2278 1235 2313 ha-

287 2336 370 2376 ·buit
378 2347 447 2371 uno
454 2346 544 2370 anno
554 2337 729 2378 antequam
742 2330 1043 2374 Archi-Episcopus
1052 2328 1094 2363 de
1115 2328 1239 2375 Anglia

290 2387 505 2432 egrederetur
519 2408 539 2418 ..
563 2383 702 2417 Clericis
724 2381 869 2426 praeterea
891 2382 923 2416 &
946 2380 1056 2415 Laicis
1075 2380 1241 2423 utriusque

298 2438 417 2475 sexus,
443 2439 557 2478 pacem
581 2431 717 2467 vestram
739 2432 773 2465 ἀ
793 2430 930 2475 gratiam
946 2455 958 2470 ‚
981 2430 1015 2465 δε
1035 2429 1240 2473 possessiones

290 2488 369 2523 suas
381 2483 577 2521 restituetis,
599 2483 657 2526 qui
680 2479 1100 2523 occasionevpraenominati
1122 2477 1236 2512 Archi-

296 2532 608 2580 Episcopidestituti
619 2532 755 2567 fuerint.
785 2531 865 2564 Hoc
875 2540 983 2568 autem
1008 2528 1102 2565 vobis
1125 2528 1237 2563 autho-

295 2587 392 2624 ritate
402 2583 546 2621 Domini
560 2582 656 2625 Papae
666 2582 698 2615 in
711 2581 931 2617 remissionem
954 2579 1103 2615 omnium
1134 2590 1236 2622 pecca-

296 2632 827 2675 torumvestroruminjungimus‚
854 2630 890 2665 ἀ
912 2629 1112 2673 praecipimus
1134 2628 1235 2663 obser·

296 2696 373 2722 vare
383 2685 471 2719 bona
485 2683 552 2716 fide
560 2681 676 2724 absque
687 2680 797 2714 fraude
808 2681 841 2714 δε
859 2680 949 2714 malo
962 2679 1100 2724 ingenio
1115 2702 1123 2711 .

293 2758 298 2763 ·
343 2734 474 2779 Juravit
495 2731 558 2766 hoc
581 2730 675 2777 Rex,
702 2730 820 2772 juravit
841 2730 874 2764 ἀ
895 2730 937 2764 de
947 2728 1237 2763 consuetudinibus

298 2785 400 2824 novis
410 2781 616 2818 dimittendis
638 2780 741 2815 Filius
761 2780 848 2823 ejus:
875 2778 1115 2822 &juraverunt
1138 2778 1236 2813 ambo

296 2834 415 2879 quoda
427 2831 563 2867 vobis&
575 2829 801 2865 successoribus
814 2830 922 2863 vestris
934 2840 1000 2864 non
1013 2829 1199 2863 recederent
1226 2853 1237 2870 ,

299 2882 460 2928 quamdiu
470 2880 614 2917 eossicut
625 2877 830 2915 Christianos
852 2879 963 2924 Reges
985 2880 1019 2914 ὅ(
1043 2878 1236 2914 Catholicos

301 2930 484 2973 habueritis
497 2956 505 2964 .

1299 2529 1413 2563 referet
1429 2530 1443 2562 ἒ
1469 2529 1564 2564 Absit
1579 2540 1614 2564 ut
1627 2533 1745 2566 veritas
1756 2533 1854 2567 fallax
1869 2536 1905 2567 sit
1919 2547 1953 2568 in
1969 2538 2146 2578 promiffis.
2173 2542 2232 2576 Le·

1298 2579 1387 2623 gitur
1400 2579 1433 2611 in
1446 2578 1585 2613 Actibus
1606 2580 1844 2623 Apostolorum
1857 2606 1868 2622 ‚
1893 2585 1982 2627 quod
1995 2587 2127 2630 quidam
2143 2598 2232 2625 δου-

1298 2629 1376 2662 dum
1390 2627 1540 2671 baptizati
1553 2629 1632 2661 citra
1646 2629 1878 2666 authoritatem
1904 2636 2139 2678 Apostolorum
2161 2641 2234 2684 Spi-

1298 2679 1396 2713 ritum
1418 2677 1569 2712 sanetum
1591 2689 1801 2723 acceperant.-
1829 2683 1882 2717 sed
1907 2686 2052 2728 nunquid
2069 2687 2159 2731 quod
2175 2693 2230 2726 Se-

1297 2738 1391 2762 natus
1411 2727 1623 2770 Apostolicus
1646 2729 1825 2766 infirmavit
1847 2732 1864 2763 .?
1888 2732 2035 2768 Profecto
2058 2737 2115 2771 ubi
2138 2739 2230 2775 Deua

1296 2780 1406 2812 auctor
1416 2777 1460 2811 est
1472 2801 1484 2818 ,
1511 2777 1623 2812 frustra
1635 2780 1777 2822 superior
1798 2783 1992 2818 desideratur
2011 2786 2190 2823 authoritas
2215 2815 2224 2824 .

1296 2829 1329 2862 Si
1342 2829 1415 2871 quis
1426 2836 1534 2862 autem
1545 2826 1641 2870 liujus
1652 2831 1734 2863 tanti
1748 2831 1905 2874 Martyris
1915 2833 2052 2876 gloriam
2072 2841 2220 2874 evacuari

1296 2877 1451 2927 desiderat
1465 2902 1476 2918 ,
1500 2878 1696 2922 quicumque
1706 2880 1744 2921 sit
1764 2880 1840 2920 ille,
1865 2883 2040 2926 antequam
2063 2885 2094 2920 ei
2107 2888 2224 2923 rcteda-

1297 2939 1368 2962 mus
1380 2937 1436 2962 aut
1447 2927 1567 2969 majora
1588 2937 1646 2963 aut
1667 2929 1776 2963 saltem
1799 2928 1914 2964 similia
1934 2923 2115 2976 operetur.¹
2133 2938 2230 2972 Alio-

1296 2979 1376 3022 quin
1386 2988 1516 3020 peccare
1537 2976 1675 3012 creditur
1697 2978 1730 3011 in
1755 2978 1910 3021 Spiritum
1931 2982 2083 3020 Sanctum
2098 3009 2111 3027 ‚
2135 2988 2226 3033 cujus

476 3031 507 3066 E
531 3029 561 3065 P
584 3031 602 3066 l
625 3032 647 3066 S
669 3030 709 3066 T
733 3030 768 3066 0
792 3029 823 3065 L
848 3029 883 3065 A
972 3029 1057 3064 XC.
1297 3027 1448 3072 operibus
1457 3027 1624 3063 detrahere
1635 3038 1704 3062 non
1718 3039 1846 3063 veretur
1860 3055 1869 3063 .

298 3131 469 3171 remma
489 3133 661 3167 Domino&
674 3130 949 3171 Patricbartffimo
969 3128 1157 3169 wilhelmo,
1176 3133 1234 3163 nei
1444 3128 1474 3161 E
1499 3128 1526 3162 P
1552 3129 1568 3163 1
1592 3129 1614 3163 S
1636 3128 1674 3162 Τ
1699 3129 1732 3162 0
1757 3129 1787 3164 L
1812 3131 1845 3166 Α
1955 3133 2067 3170 XCI·

352 3190 458 3230 gratia
469 3180 626 3223 Senonenfi
634 3182 880 3224 Archi-Episcopo
891 3203 903 3221 ,
927 3180 962 3214 θ
971 3180 1056 3213 Sedis
1072 3180 1235 3221 ΑΡΟΙῖθῘῘΜ

355 3239 492 3279 tagam,
506 3231 586 3327 {sum
590 3234 730 3277 stannes
737 3231 864 3275 salutem
877 3254 889 3272 ‚
914 3230 1172 3273 &promptiffimae
1186 3231 1234 3263 de·
1298 3228 1473 3264 Senonensi
1482 3227 1585 3264 Archi
1597 3244 1606 3252 ·
1617 3227 1779 3274 Episcopo
1797 3231 1941 3275 Ioannes
1963 3233 2200 3273 Saresberiensis
2212 3262 2227 3275 a

349 3290 478 3322 votionis
489 3294 504 3318 ο
540 3293 596 3326 equ
603 3286 665 3314 lum
681 3291 690 3315 .’
1010 3314 1013 3316 .

1348 3332 1473 3364 Domino
1494 3326 1643 3366 Senonenfi
1663 3330 1762 3374 miseri
1772 3331 1836 3373 illi,
1861 3338 1913 3375 qui
1933 3336 2084 3376 quondam
2087 3336 2176 3379 fuere

1642 3380 1880 3426 Cantuaerunses
1893 3407 1900 3415 .

1299 3427 1495 3514 AGQN
1497 3428 1567 3463 EM
1594 3429 1738 3490 nostrum
1751 3455 1763 3472 ‚
1773 3482 1780 3489 ι
1789 3443 1885 3476 quem
1898 3444 1973 3468 cum
1996 3435 2143 3481 Mai-tyre
2155 3435 2226 3480 glo.

1414 3481 1502 3516 rioso
1516 3484 1707 3528 pertulimus
1718 3505 1731 3524 ‚
1751 3483 1900 3519 viderunt
1908 3484 1998 3521 oculi
2010 3487 2102 3522 vestri
2112 3508 2126 3527 ,
2145 3496 2228 3529 quos

2102 3545 2170 3572 tarn

313 3367 315 3369 V
384 3383 500 3419 ICET
526 3356 718 3429 Anglicanae
731 3379 879 3417 Ecclefiae
889 3377 994 3414 adhuc
1006 3379 1113 3425 quoad
1132 3380 1234 3414 multa

411 3433 574 3478 sitingens
593 3432 752 3466 desolatio
764 3454 774 3470 ,
800 3429 930 3464 tristitia
942 3440 1048 3463 tamen
1065 3430 1151 3464 illius
1173 3430 1234 3471 jam

304 3496 346 3523 ex
359 3481 501 3522 maxIma
513 3483 644 3527 partein
661 3480 820 3529 gaudium
844 3479 968 3515 transiit
986 3503 998 3520 ‚
1023 3480 1055 3515 δε
1076 3480 1177 3514 lucius
1202 3482 1234 3514 in
