2358 3776
496 118 535 163 s,
581 103 872 164 TH'OMAE
919 109 1325 164 CANTUAR.
1372 110 1510 160 Lm
1557 117 1630 163 11.

240 250 648 289 EPISTULA
707 221 864 288 'ILXXIXL

83 351 204 388 Thomae
215 353 424 396 Cantuarlmsi
430 353 672 398 Archi—Episcopo
686 356 788 387 Denus
801 356 867 386 Rex
884 352 1024 388 Gualliae.

193 452 395 495 ESTRAE‚
421 454 569 489 Patermi
582 453 782 494 venerande,
812 451 1026 487 >discretionis

216 505 346 539 auribus
357 505 502 539 insonuit
514 529 524 545 ,
551 515 669 548 quanta
680 502 814 546 suijuris
831 502 1027 537 detrimenta

82 553 155 597 post
180 564 318 589 mortem
340 554 491 598 Episcopi
509 553 610 587 nostri
642 553 792 588 Mauritii
813 552 921 587 nostra
944 553 1028 595 passa

83 602 180 638 fuerit
193 604 331 639 Ecclesia
343 628 351 636 .
380 604 485 639 Unde
498 605 532 637 ἀ
543 613 666 648 magno
687 604 806 637 timore
829 602 959 646 perculsi
972 614 1029 637 tre·

83 651 253 696 fidamus,
279 664 338 688 nec
351 677 362 694 ,
372 654 449 697 quia
463 654 558 688 nobis
568 653 731 688 incumbit
743 653 907 687 neceffitas
918 664 1028 687 curam

84 703 120 736 ἀ
132 704 387 739 sollicitudinem
398 703 493 747 hujus
517 703 663 738 Ecclesiae
686 702 842 748 gerendi,
868 704 960 737 Deus
973 714 1034 737 no·

85 751 154 786 strae
166 753 371 800 negligentiae
383 754 442 788 ista
454 754 593 797 imputet
605 779 613 786 .
639 751 752 787 Nostis
765 764 897 798 quoque
907 779 918 795 ,
932 765 1034 797 quan-

86 801 159 836 u‘lm
173 814 235 837 nos
244 803 422 838 immeritos
430 804 537 838 oderit
549 803 623 837 Rex
634 802 763 848 Angliae
775 829 785 844 ,
812 804 857 838 ita
873 815 907 838 ut
920 803 1032 838 nostro

85 850 208 886 honori
229 852 264 886 in
288 853 515 888 Ecclesiasticis
537 853 569 886 δε
589 853 790 887 saecularibus
813 855 956 898 negotiis
976 865 1034 897 pro

85 901 174 945 posse
185 900 340 946 deroget,
365 903 479 946 inquo
502 903 597 938 vestri
619 901 711 937 exilii
735 903 928 940 damnosam
941 904 1037 938 senti-

87 961 161 985 mus
172 949 350 986 absentiam
365 977 373 986 .
404 952 466 987 Sed
484 953 642 997 quoniam
663 953 767 988 intali
789 955 873 989 statu
896 953 997 988 nostis
1025 978 1036 994 ,

87 1011 154 1043 quo
166 1001 267 1036 modo
286 1003 376 1045 super
389 1002 451 1036 hac
472 1014 507 1037 re
529 1003 641 1038 nostrae
664 1003 852 1050 indigentiae
871 1004 1037 1039 consulere

37 1070 50 1080 x
86 1049 245 1093 valeatis,
271 1053 405 1086 vestram
416 1051 624 1095 deprecamur
646 1054 771 1088 obnixe
788 1055 997 1089 clementiam
1026 1077 1037 1094 ‚

86 1101 250 1147 quatenus
267 1100 342 1136 cum
363 1103 405 1135 fic
427 1103 549 1136 amodo
568 1105 631 1138 effe
642 1115 839 1147 nequeamus
851 1130 861 1146 ,
889 1104 1037 1139 nostrum

80 1149 170 1184 alibi
190 1151 389 1195 Episcopum
403 1151 574 1187 ordinandi
596 1153 760 1188 licentiam
783 1155 954 1194 tribuatis,
980 1153 1039 1187 tali

88 1201 450 1236 tameninterveniente
461 1202 678 1244 conditione,
705 1205 794 1247 quod
819 1205 928 1238 sanciae
954 1203 1040 1236 Can-

90 1250 243 1283 tuariensi
258 1250 406 1285 Ecclefiae
419 1251 453 1285 δε
466 1251 559 1286 vobis
569 1252 723 1286 exhibeat
733 1253 955 1287 obedientiam
967 1273 978 1290 ,
1001 1251 1051 1283 ac'

89 1298 231 1333 fivestxae
250 1309 364 1333 manus
385 1298 591 1343 impositione
610 1303 815 1339 consecratus
836 1301 944 1334 fuiffet
960 1325 967 1332 .
997 1300 1040 1333 Et

90 1347 298 1383 benenostrae
318 1348 471 1391 petitioni
495 1347 619 1383 debetis
643 1351 841 1391 satisfacere,
871 1350 948 1392 quia
970 1361 1038 1383 non

89 1397 282 1441 jusaliquod
300 1408 361 1431 nos
375 1398 468 1443 cogit
489 1397 580 1433 vobis
605 1399 742 1443 subjici,
770 1400 823 1435 sed
849 1401 1001 1434 voluntas
1029 1423 1041 1439 ,

89 1458 162 1490 quae
173 1447 296 1491 semper
306 1446 435 1482 durabit
447 1448 628 1485 immobilis
643 1473 654 1489 ,
682 1450 785 1483 nifiin
811 1449 904 1484 vobis
916 1460 1043 1483 reman-

90 1496 188 1537 serit,
212 1497 281 1540 quo
302 1497 410 1531 minus
432 1498 621 1541 perseveret.
650 1499 752 1546 Qod
780 1500 801 1532 si
826 1511 886 1533 nos
906 1500 948 1533 de
966 1499 1043 1533 obe-

90 1545 242 1587 dientia,
265 1544 361 1580 sihoc
372 1546 568 1592 contigerit,
596 1549 751 1592 suspectos
773 1547 975 1588 habueritis,
999 1549 1043 1581 se-

70 1596 265 1630 rem-itatem
286 1597 443 1632 faciemus
464 1608 562 1640 quam
588 1598 716 1632 velitis.
753 1599 795 1632 Et
820 1600 899 1632 ficut
926 1597 1041 1632 Archi-

92 1646 267 1680 Diaconus
282 1645 389 1680 noster
406 1647 520 1682 David
540 1646 640 1682 vestra
658 1648 694 1681 in
715 1648 869 1682 omnibus
892 1657 1044 1691 praecepta

93 1695 239 1738 sequitur
249 1719 261 1736 ,
285 1695 326 1729 fic
336 1696 369 1729 &
382 1705 442 1730 nos
459 1707 574 1731 omnes
587 1698 742 1732 faciemus
763 1723 770 1729 .
800 1698 847 1733 At
861 1709 963 1732 unum
975 1709 1045 1732 tan·

93 1744 172 1779 dem
194 1745 326 1785 sciatis,
351 1746 439 1788 quod
459 1748 599 1789 amplius
619 1747 663 1780 fic
686 1749 749 1781 effe
770 1760 839 1781 non
867 1748 1010 1781 valemus
1037 1771 1045 1779 .

94 1793 314 1829 Voluntatem
324 1794 434 1838 itaque
444 1795 580 1829 vestram
592 1794 742 1838 superbis
754 1796 836 1829 mihi
862 1795 980 1829 litteris
996 1806 1046 1828 ve-

94 1843 164 1878 stris
174 1841 394 1878 renuntietis.

263 1940 674 1979 EPISTOLA
739 1943 883 1979 LXXX.

167 2041 301 2079 Thomas
328 2040 548 2083 cantuariensis
569 2043 656 2076 Archi
672 2043 860 2088 -Episcopus
887 2045 971 2077 Deno

174 2114 178 2116 v
435 2096 512 2138 Regi
536 2094 696 2128 vaallrae
710 2117 718 2126 .

195 2193 377 2229 RATIAS
403 2193 495 2228 vobis
519 2196 673 2239 plurimas
690 2192 878 2234 referimus,
905 2191 992 2238 quod
1005 2193 1050 2227 in·

138 2248 143 2251 ’
221 2255 269 2278 ter
292 2243 452 2278 bellorum
473 2244 686 2285 discrimina,
712 2246 746 2279 δε
765 2243 917 2278 hostilem
942 2244 1052 2277 inimi·

98 2304 213 2328 corum
225 2293 498 2336 inquietationem
511 2294 660 2329 Ecclefiae
672 2289 760 2336 Dei,
784 2295 862 2328 sicut
884 2305 923 2327 ex
936 2292 1052 2327 litteris

102 2344 216 2378 vestris
227 2343 422 2384 didicimus,
449 2355 561 2379 curam
584 2346 619 2379 δε
641 2345 851 2389 diligentiam
867 2342 1051 2387 impendere

100 2404 171 2429 non
181 2392 333 2429 omittitis
343 2416 351 2425 .
371 2392 494 2427 Verum
507 2406 575 2428 non
586 2394 794 2428 mediocriter
806 2393 924 2427 insedit
934 2394 1049 2427 animo

101 2441 204 2483 illud,
232 2443 321 2486 quod
333 2442 367 2476 in
377 2441 612 2477 litterisvestris
634 2443 795 2488 legimus,
822 2443 975 2477 videlicet
996 2443 1051 2476 ubi

102 2492 223 2527 dissum
234 2491 302 2533 est,
329 2491 419 2535 quod
440 2503 480 2526 ex
499 2493 567 2536 jure
591 2505 661 2528 non
684 2494 799 2528 debeat
825 2493 920 2527 nobis
942 2493 1051 2535 subjici

102 2543 248 2577 Ecclesia
261 2541 303 2575 de
318 2542 448 2586 Bengor
461 2566 471 2582 ,
498 2542 650 2578 licet'hoc
661 2544 706 2578 ob
730 2544 939 2577 dilestionem
952 2568 962 2584 ‚
989 2555 1052 2588 qua

98 2589 378 2632 *bbistenemun
405 2591 657 2626 dissimulemus.
688 2594 791 2640 Qiod
814 2604 919 2628 autem
944 2594 1052 2637 postu·

100 2642 200 2681 latis,
222 2651 259 2676 ut
271 2643 382 2676 nostro
393 2642 561 2676 assensu&
575 2641 706 2676 licentia
729 2645 764 2676 in
790 2643 930 2677 Ecclesia
940 2644 1053 2677 eadem

105 2692 148 2728 ab
157 2692 225 2727 alio
237 2692 335 2736 quam
352 2692 370 2725 a
382 2690 477 2727 nobis
493 2692 678 2736 Episcopus
699 2693 923 2734 consecretur,
951 2694 1056 2727 omni-

103 2753 154 2777 no
176 2752 245 2776 non
265 2742 527 2785 adquiescemus.
568 2742 744 2776 Mittemus
769 2742 861 2776 vobis
884 2743 1056 2777 Nuncium

104 2792 272 2833 nostrum,
294 2792 444 2827 autcerte
454 2792 564 2834 aliud,
592 2791 682 2835 quod
705 2793 820 2827 litteris
845 2793 950 2827 modo
965 2793 1057 2828 nolu-

106 2845 180 2876 mus
190 2842 442 2883 commendare,
467 2843 545 2877 sicut
567 2853 621 2886 per
644 2841 841 2886 presentium
854 2843 990 2878 latorem
1004 2855 1058 2879 vo-

108 2891 159 2926 bis
171 2893 361 2927 mandamus
371 2918 378 2925 .
406 2893 540 2928 Interim
552 2902 661 2927 autem
674 2892 766 2927 vobis
777 2892 968 2928 mandamus
986 2919 996 2935 ‚
1021 2904 1057 2928 ut

109 2951 166 2986 per
177 2939 310 2976 vestram
321 2942 528 2987 diligentiam
540 2943 685 2987 praedista
702 2942 844 2977 Ecclesia
866 2967 877 2984 ,
904 2943 1056 2979 honores-

110 3001 175 3035 que
186 2990 330 3025 Ecclesiae
340 2992 374 3026 in
386 3005 463 3037 pace
475 3002 684 3037 permaneant
693 3018 704 3035 ,
733 3004 792 3027 nec
803 2993 911 3036 aliqua
923 2994 979 3029 fiat
993 2995 1054 3029 ele-

109 3041 200 3081 ἂίο,
226 3040 277 3075 vel
301 3041 466 3077 honorum>
488 3042 637 3078 Ecclefiae
648 3044 892 3079 transmutatio.
919 3043 1020 3091 Quid
1035 3045 1056 3079 si

111 3091 202 3127 fieret
216 3113 231 3131 ‚
256 3101 318 3125 nos
329 3091 363 3125 in
375 3091 499 3128 irritum
508 3092 664 3130 ducemus
678 3118 686 3128 .

260 3191 670 3230 EPISTOLA
749 3194 907 3230 LXXXI.

111 3290 241 3326 Thomas
266 3292 490 3336 Cfintuarienfis
519 3293 617 3375 bArebl
633 3294 823 3340 ·Eptsi·opus
850 3298 972 3340 Bangor
980 3294 1061 3336 nenfi

463 3347 517 3377 Arc
540 3347 695 3377 i-Dlacono
709 3370 716 3378 .

207 3388 343 3427 RATE
368 3393 563 3437 suscepimus
580 3393 700 3428 litteras
710 3393 894 3430 dilestionis
917 3405 978 3430 tuae
991 3420 1001 3436 ,
1025 3395 1057 3429 &

229 3442 348 3490 gratias
358 3442 435 3479 inde
447 3443 507 3479 tibi
522 3442 687 3479 referimus
702 3454 717 3478 .·
734 3445 797 3481 Sed
815 3443 884 3482 hae
895 3446 958 3482 esse
968 3455 1057 3491 pote-

1862 135 1960 181 227

1083 201 1123 236 rit
1136 201 1257 235 summa
1265 198 1393 233 occasio
1406 223 1416 238 ‚
1442 209 1507 243 qua
1516 198 1577 233 tibi
1590 200 1725 243 majores
1735 204 1769 239 &
1785 203 2026 250 uberioresgra-

1083 253 1200 286 tiarum
1212 249 1480 284 ausones-referre
1492 247 1685 284 habebimus
1697 274 1710 287 ,
1735 254 1756 285 si
1770 264 1802 288 te
1812 255 1896 292 circa
1911 259 2024 301 pacem

1086 301 1232 336 Ecclcfiae
1244 300 1309 334 Dei
1322 324 1332 340 ‚
1360 300 1392 334 δε
1404 300 1608 334 Clericorum
1619 298 1823 341 disciplinam
1844 306 2024 341 sollicitum

1086 351 1267 385 audiremus
1280 374 1288 382 .
1315 350 1369 384 De
1379 348 1534 395 eligendo
1546 347 1622 383 vero
1643 349 1808 392 Episcopo
1828 351 1890 388 haec
1912 357 1974 390 tibi
1992 357 2025 389 &

1087 400 1235 435 fratribus
1246 401 1310 435 tuis
1322 401 1514 435 mandamus
1524 423 1536 440 ‚
1556 411 1597 434 ne
1606 398 1648 433 dc
1659 398 1773 442 aliquo
1785 400 1841 433 fiat
1852 403 1964 440 eleffio
1976 406 2026 439 vel

1087 451 1315 486 denominatio
1327 476 1338 492 ,
1363 451 1471 485 donec
1481 450 1552 484 vifis
1563 449 1681 483 litteris
1705 448 1821 483 nostris
1843 449 1875 482 ἀ
1896 450 2029 487 Nuncio

1089 501 1259 536 confilium
1272 503 1418 536 nostrum
1430 501 1522 544 super
1536 498 1601 534 hoc
1612 500 1750 544 negotio
1760 498 1928 535 audieritis
1940 524 1947 531 .
1959 502 2033 534 Nos

1079 550 1177 586 venirn
1190 575 1201 592 ‚
1228 562 1286 595 pro
1304 561 1339 585 ut
1350 551 1520 585 Dominus
1542 550 1753 589 concesserit,
1777 549 1819 584 ad
1842 550 1957 593 pacem
1975 549 2036 582 Ec·

1090 601 1187 637 clesiae
1199 600 1264 635 Dei
1288 601 1323 635 δε
1345 601 1482 636 vestram
1493 599 1601 634 modis
1623 600 1777 634 omnibus
1790 598 1933 634 studium
1945 598 2040 633 adhi-

1092 650 1166 687 b'ere
1177 651 1360 685 curabimus
1370 677 1377 684 .
1405 649 1603 686 Audivimus
1613 648 1762 684 Clericos
1772 652 1892 685 vestros
1912 649 1951 684 ad
1965 649 2039 683 alie·

1095 713 1152 737 nas
1176 701 1366 735 Provincias
1386 699 1604 736 ordinationis
1624 701 1721 734 causa
1743 699 1883 745 migrare
1903 724 1916 740 ,
1950 696 2040 741 quod

1095 763 1203 786 utrum
1223 752 1259 784 sit
1280 752 1358 785 scire
1379 752 1564 795 cupientes,
1590 760 1645 794 per
1665 748 1856 784 fidelitatem
1875 774 1886 790 ,
1911 760 1974 793 qua
1985 759 2043 782 no*-

1096 802 1145 837 bis
1155 798 1294 840 teneris,
1322 801 1522 845 praecipimus
1534 824 1545 841 ,
1572 809 1608 835 ut
1622 811 1683 834 nos
1704 799 1782 835 inde
1805 810 1910 834 certos
1920 796 2040 833 reddas.

1098 852 1150 887 De
1171 851 1373 896 praesentium
1396 860 1504 887 autem
1525 851 1650 892 latore,
1675 851 1732 892 qui
1752 850 1793 885 ad
1804 861 1863 884 vos
1873 862 1927 894 per
1939 849 2043 884 multa

1099 902 1237 947 pericula
1249 902 1359 940 venit,
1387 900 1454 936 haec
1466 902 1526 937 tibi
1540 899 1731 936 mandamus
1749 901 1784 935 δε
1807 900 2007 943 praecipimus
2033 923 2045 938 ‚

1097 962 1134 987 ut
1161 952 1336 987 Ecclesiam
1358 952 1448 985 suam
1473 953 1507 986 ἃ
1529 952 1683 986 Decimas
1707 951 1865 994 plenarias
1876 962 1951 984 cum
1966 959 2046 992 pace

1099 1001 1215 1037 habere
1226 1002 1324 1036 facias
1333 1026 1344 1042 ,
1356 1002 1390 1036 ἀ
1400 1001 1441 1036 ab
1454 1002 1579 1045 injuriis
1591 1003 1625 1035 ὅ(
1637 1001 1804 1036 violentiis
1814 1024 1824 1040 ‚
1849 1012 1929 1044 quas
1941 999 1969 1034 ei
1983 1000 2050 1033 De-

1099 1054 1258 1087 cimarum
1278 1054 1373 1086 causa
1398 1052 1496 1086 infert
1518 1051 1681 1087 Arthurus
1691 1051 1732 1086 de
1744 1051 1907 1096 Chargis,
1933 1049 2051 1082 immu-

1102 1114 1176 1137 nem
1189 1103 1308 1143 facias,
1333 1113 1474 1146 eumque
1484 1102 1525 1136 de
1539 1113 1656 1137 caetero
1666 1102 1707 1136 ab
1720 1101 1787 1144 ejus
1809 1099 2050 1146 inquietatione

1101 1154 1221 1187 cessare
1230 1152 1408 1196 compellas
1421 1178 1428 1185 .
1455 1153 1558 1200 Qod
1573 1153 1594 1185 si
1607 1154 1711 1187 facere
1722 1150 1952 1194 contempserit
1963 1173 1974 1189 ,
2004 1149 2057 1182 in-

1102 1204 1149 1237 fra
1168 1203 1438 1236 Purificationem
1461 1203 1567 1237 Beatae
1581 1202 1694 1239 Mariae
1713 1203 1804 1237 suam
1817 1200 1911 1239 nobis
1924 1200 2054 1244 praescn-
2093 1198 2099 1201 “

1103 1253 1183 1286 tiam
1194 1253 1407 1286 satisfacturus
1419 1251 1574 1287 exhibeat
1587 1271 1598 1279 -
1836 1270 1839 1273 ·

1257 1398 1668 1436 EPISTOLA
1730 1399 1904 1434 LXXXII.

1105 1500 1233 1534 Thomas
1245 1497 1471 1540 Cantaurienfis
1485 1498 1754 1542 Archi-Eprsropus
1774 1498 1903 1532 Arthuro
1928 1499 1966 1531 de
1976 1498 2051 1531 Bar·

1376 1557 1428 1593 gis
1442 1551 1475 1582 Θ
1488 1549 1690 1592 σοωρίὶσὶόω
1697 1548 1764 1591 fuss
1780 1574 1787 1579 .

1209 1648 1427 1685 ELATUM
1454 1651 1499 1685 est
1523 1649 1619 1684 nobis
1634 1673 1644 1689 ,
1673 1647 1816 1682 Arthure
1837 1674 1847 1690 ,
1874 1658 1905 1682 te
1929 1649 1962 1681 in
1998 1659 2059 1682 nos

1232 1701 1392 1743 pariter&
1406 1700 1581 1732 Ecclesiam
1593 1699 1860 1731 cantuariensem
1874 1722 1884 1736 ,
1915 1699 2058 1732 Matrem

1106 1759 1209 1788 tuam,
1219 1749 1401 1792 gravissime
1411 1749 1446 1781 δε
1456 1748 1520 1780 sine
1530 1747 1653 1780 meritis
1666 1746 1836 1788 deliquisse
1851 1772 1857 1778 .
1884 1746 1943 1779 Tu
1958 1748 2061 1785 enim,

1107 1807 1143 1833 ut
1156 1798 1252 1831 nobis
1267 1797 1452 1841 suggestum
1464 1797 1508 1831 cst
1521 1819 1531 1835 ‚
1558 1807 1634 1830 cum
1647 1796 1712 1830 tuis
1723 1795 1939 1838 complicibus
1954 1796 1985 1829 in
2001 1797 2065 1829 Hi-

1107 1848 1255 1882 berniam
1266 1848 1311 1881 ire
1321 1846 1557 1891 praesumpsisti,
1588 1844 1753 1880 &ibidem
1772 1846 1849 1879 falsa
1863 1846 2060 1888 praedicatio·

1110 1909 1150 1932 ne
1162 1908 1294 1932 tuorum
1307 1898 1339 1931 &
1351 1907 1406 1931 tua
1418 1896 1625 1932 machinatus
1635 1907 1669 1930 es
1679 1921 1689 1937 ‚
1717 1905 1754 1930 ut
1777 1895 1897 1930 Clerici
1907 1886 1951 1930 x&
1967 1895 2064 1939 Epis-

1108 1949 1185 1991 copi
1197 1947 1354 1982 Gwalliae
1366 1947 1535 1981 ordines&
1548 1947 1753 1980 Sacramenta
1774 1946 1950 1989 reciperent
1963 1969 1973 1984 ,
1986 1956 2061 1988 qua-

1109 1997 1129 2030 si
1141 1998 1158 2031 a
1172 2008 1262 2030 novo
1277 1996 1540 2040 Metropolitano
1552 1996 1606 2029 sibi
1621 1996 1655 2028 in
1669 1995 1830 2030 Hibernia
1854 1995 2039 2029 constituto
2055 2020 2062 2028 .

1112 2046 1279 2081 Veraciter
1290 2046 1369 2080 scias
1383 2071 1394 2086 ,
1419 2047 1577 2090 quoniam
1592 2045 1808 2080 immoderate
1819 2045 1985 2089 deliquisti
1999 2055 2065 2079 ma·

1111 2095 1279 2131 chinando
1293 2097 1370 2131 talia
1383 2122 1392 2136 ‚
1414 2098 1447 2131 ἀ
1459 2096 1622 2131 veniendo
1633 2097 1667 2130 in
1680 2095 1840 2130 damnum
1851 2095 2066 2130 Cantuarien-

1111 2147 1147 2180 sis
1161 2146 1311 2180 Ecclesia:
1323 2169 1333 2187 ,
1359 2147 1478 2182 Matris
1491 2158 1553 2181 tuae
1563 2172 1570 2179 .
1597 2146 1638 2179 Et
1651 2146 1775 2180 idcirco
1798 2146 1986 2180 mandando
2000 2145 2064 2179 tibi

1113 2196 1312 2240 praecipimus
1326 2221 1336 2236 ,
1362 2196 1396 2229 ὃ(
1420 2198 1455 2231 in
1480 2198 1625 2241 periculo
1646 2197 1772 2231 ordinis
1783 2197 1872 2230 tui&
1891 2196 2068 2230 beneficio·

1112 2257 1184 2280 rum
1199 2256 1331 2278 tuorum
1346 2244 1406 2278 tibi
1419 2247 1552 2281 firmiter
1563 2247 1787 2291 injungimuS‚
1801 2257 1835 2281 ut
1847 2256 1883 2280 tu
1896 2257 1971 2280 cum
1983 2245 2069 2279 Lau-

1112 2295 1218 2330 rentio
1231 2318 1242 2334 ,
1268 2295 1301 2328 &
1322 2295 1447 2338 Jacobo
1458 2319 1469 2334 ,
1496 2297 1530 2330 δε
1546 2296 1748 2330 Hasteredio
1769 2296 1802 2328 in
1831 2295 2067 2330 Purificatione

1115 2346 1220 2380 Beatae
1229 2344 1344 2378 Mariae
1358 2345 1469 2379 nostro
1480 2354 1513 2379 te
1525 2347 1711 2388 conspestui
1734 2346 1933 2389 repraesentes
1945 2371 1955 2386 ‚
1984 2346 2067 2380 satis-

1115 2398 1255 2431 facturus
1268 2395 1362 2435 Deo,
1387 2395 1421 2428 δε
1435 2394 1551 2436 nobis,
1578 2394 1612 2428 ὅ(
1626 2395 1775 2429 Ecclefiae
1799 2396 2026 2430 Cantuariensi
2054 2421 2066 2437 ,

1115 2445 1218 2482 Matri
1229 2455 1302 2486 tuae,
1316 2445 1407 2488 super
1417 2443 1467 2479 his
1477 2447 1510 2479 δε
1522 2445 1594 2479 aliis
1605 2469 1616 2485 ‚
1642 2456 1713 2488 quae
1734 2443 1795 2477 tibi
1818 2445 2017 2487 objicientur
2030 2469 2037 2476 .

1267 2542 1673 2578 EPISTOLA
1719 2542 1914 2579 LXXXffl.

1117 2646 1244 2681 Thomas
1258 2641 1480 2683 Cantaurienfis
1506 2641 1774 2685 Archi-Episcopus
1802 2642 2029 2677 Archi-Dracone
2053 2669 2064 2685 ,

1340 2696 1373 2727 Θ
1386 2697 1545 2726 Canonmr
1559 2691 1817 2736 Bangornenfibur
1831 2719 1838 2726 .

1193 2792 1445 2831 ERLATUM
1457 2794 1502 2828 est
1515 2792 1555 2828 ad
1567 2803 1657 2827 aures
1671 2793 1806 2834 nostras,
1828 2805 1885 2828 vos
1896 2793 1928 2827 in
1940 2794 2066 2834 Deum,

1215 2848 1247 2880 δε
1260 2857 1336 2886 nm,
1363 2845 1395 2878 δε
1410 2844 1584 2878 Ecclesiam
1604 2843 1870 2878 Cantuariensem
1885 2869 1894 2884 ‚
1922 2845 2065 2878 Matrem

1121 2897 1255 2933 vestram
1269 2920 1279 2935 ,
1306 2893 1530 2940 gravissime&
1541 2894 1605 2928 sine
1618 2894 1743 2928 meritis
1757 2894 1942 2937 deliquisse.
1976 2895 2065 2941 Qia

1120 2949 1200 2982 sicut
1213 2945 1307 2980 nobis
1325 2946 1474 2979 assertum
1496 2944 1540 2979 est
1554 2969 1565 2984 ‚
1591 2943 1865 2978 machinamentis
1890 2943 2026 2976 Arthuri
2054 2967 2066 2983 ,

1119 2999 1152 3032 δε
1175 2997 1336 3032 sociorum
1360 2997 1490 3029 suorum
1513 2994 1685 3029 consilium
1710 2994 1829 3037 pariter
1848 2995 1882 3028 δε
1906 2994 2065 3027 assensum

1122 3047 1259 3081 vestrum
1281 3048 1316 3080 in
1338 3045 1496 3080 damnum
1521 3045 1760 3079 Cantuariensis
1782 3044 1930 3078 Ecclesiae
1952 3067 1962 3082 ,
1995 3054 2065 3087 quae

1120 3097 1230 3131 Mater
1254 3096 1353 3130 vestra
1375 3096 1436 3136 est,
1463 3095 1662 3129 unanimiter
1682 3094 1878 3137 praebuistis.
1907 3094 1980 3127 Nec
1994 3118 2005 3133 ,
2029 3102 2065 3125 ut

1120 3147 1305 3187 credimus,
1331 3157 1398 3181 tam
1420 3144 1607 3179 detestabile
1630 3145 1749 3178 fastum
1766 3169 1777 3185 ,
1802 3155 1869 3178 tam
1884 3143 2064 3177 nefandum

1120 3198 1245 3232 facinus
1256 3196 1460 3239 aliquatenus
1470 3195 1589 3229 factum
1602 3194 1707 3229 fuisset
1720 3218 1730 3233 ,
1756 3195 1812 3228 nisi
1826 3205 1880 3226 vos
1891 3192 2063 3226 confilium

1120 3249 1320 3283 &assensum
1341 3248 1379 3280 in
1404 3257 1444 3279 eo
1467 3244 1650 3278 dedissetis.
1679 3243 1743 3279 Sed
1764 3244 1825 3278 tibi
1838 3242 1944 3276 David
1960 3240 2066 3283 loqui-

1123 3308 1194 3332 mur
1208 3310 1216 3330 :
1242 3298 1260 3332 a
1272 3296 1429 3331 memoria
1444 3305 1500 3328 tua
1514 3305 1581 3328 non
1594 3292 1708 3327 debuit
1718 3292 1878 3327 ullatenus
1889 3289 2042 3324 excidisse
2053 3314 2064 3330 ,

1121 3348 1209 3392 quod
1231 3347 1338 3381 noster
1361 3346 1483 3388 juratus
1497 3354 1530 3378 es
1551 3368 1561 3385 ‚
1601 3344 1743 3377 similiter
1764 3342 1798 3374 δε
1823 3340 2064 3375 Gmtuarienfis

1124 3398 1267 3432 Ecclesiae
1279 3422 1289 3438 ,
1316 3405 1374 3430 nec
1386 3405 1421 3429 tu
1434 3403 1490 3429 aut
1513 3392 1677 3428 Canonici
1696 3391 1934 3434 Bangornensis
1954 3390 2068 3423 Eccle-

1123 3448 1173 3483 siae
1193 3446 1375 3484 debuissent
1391 3444 1581 3480 consensisse
1599 3465 1609 3482 ‚
1648 3448 1683 3476 ut
1716 3441 1894 3486 Episcopus
1914 3440 2064 3522 Elfciesiae

1950 3500 2014 3529 uae,
