2358 3776
356 152 453 215 114

433 276 846 330 EvasToLA
897 278 1091 317 Lxxxix.

371 381 492 426 qune
514 380 729 423 Catuarienfi
749 378 1008 424 Archi-Episcopo
1034 382 1145 416 Petrus

401 467 407 474 ,
570 430 722 475 Pupienfir
747 428 913 478 Episcopus
937 455 945 463 .

365 529 601 583 ler-ruk
627 529 753 575 sapiens
771 529 817 566 ita
838 529 950 566 dicens
975 542 985 564 ε
1011 533 1098 574 Aqua
1108 530 1231 577 frigida

390 578 620 623 animaefitstml
630 605 643 623 ‚
663 582 698 616 Θ
713 585 858 616 Nunc-im
867 581 958 615 bonus
977 581 1016 614 de
1026 590 1108 614 terra
1118 582 1240 627 Ιοηεὶη-7

282 644 344 677 qua
357 656 366 665 .
391 630 503 680 Qam
515 634 586 666 ve'ra
603 631 641 666 sit
667 630 725 666 ista
741 631 922 672 sententia,
943 628 1158 676 benignitatis
1179 643 1228 666 ve·

280 682 350 717 strae
360 681 514 728 dignatio
531 680 669 727 experiri
689 693 743 717 me
764 681 853 726 fecit;
866 680 1095 717 benedictione
1107 681 1230 716 etenim

281 732 545 772 demutatione,
571 730 668 777 qudm
689 728 730 767 de
754 741 835 766 terra
859 731 1043 777 longinqua
1056 731 1089 765 in
1103 732 1229 778 signum

282 781 412 816 eximiae
431 782 618 817 dilestionis
638 780 762 816 misistis
774 778 814 816 ad
835 791 888 816 me
908 805 920 823 ,
945 781 1054 816 revera
1074 793 1142 816 non
1161 793 1228 817 mo·

282 830 357 866 dice
379 832 581 878 refrigeravit
600 833 744 866 animam
770 842 878 866 meam
887 831 1047 867 sitientem
1068 830 1109 866 ad
1120 843 1178 867 vos
1189 843 1229 867 ex

284 880 343 917 illa
357 881 430 922 die,
459 893 521 927 qua
532 882 663 925 noste&
674 881 784 915 videre
795 892 874 923 vos,
898 882 932 917 dt
955 883 1054 926 recipi
1071 882 1228 925 meguiin-

280 939 331 966 ter
341 927 445 967 vestris
463 932 693 968 familiaritatis
714 942 871 967 arcanum
893 956 902 966 .
940 931 1046 978 igitur
1066 943 1165 968 tanta:
1185 932 1229 966 di·

279 981 438 1026 gnationi
471 980 639 1017 humilitas
659 981 766 1016 nostra
794 1006 806 1024 ,
838 982 896 1017 etsi
919 993 988 1018 non
1010 993 1091 1030 quas
1111 982 1229 1022 debet,

282 1031 370 1066 certe
381 1042 460 1076 quas
472 1033 576 1074 valet,
600 1032 721 1078 gratias
730 1031 857 1068 reddit.
883 1030 1093 1075 Oroetiam,
1119 1028 1157 1068 ut
1175 1031 1230 1067 ille

281 1079 379 1116 vobis
399 1081 538 1126 gratiam
561 1081 717 1117 retribuat
736 1092 796 1127 pro
806 1093 883 1124 me,
908 1094 967 1127 pro
978 1083 1071 1127 cujus
1081 1093 1200 1122 amore,
1218 1107 1230 1124 ‚

273 1128 355 1165 iicet
367 1128 543 1176 indignum
556 1155 568 1172 ,
594 1142 688 1167 tanto
700 1142 754 1167 me
762 1133 876 1168 affeetu
897 1133 931 1168 ἃ
942 1134 1060 1168 amatis
1081 1131 1227 1173 &hono-

278 1179 371 1215 ratis.
403 1180 604 1224 Decaetero,
630 1182 822 1218 Reverende
831 1183 947 1225 Pater,
972 1182 1068 1218 filiali
1083 1183 1229 1227 prasum-

280 1230 397 1275 ptione
409 1230 546 1266 obsecro
559 1243 619 1267 vos
630 1242 666 1265 ut
679 1232 811 1267 Patrem
829 1257 840 1273 ,
866 1243 990 1268 moneo
1000 1244 1036 1268 ut
1046 1231 1207 1267 Amicum
1217 1255 1228 1273 ‚

278 1279 321 1316 ne
342 1280 502 1316 deficiatis
533 1281 569 1314 in
601 1281 870 1317 tribulationibus
890 1307 902 1324 ,
938 1293 1010 1326 quae
1031 1283 1227 1317 invenerunt

278 1341 339 1365 vos
365 1330 482 1369 nimis,
509 1329 651 1365 maxime
671 1342 749 1366 cum
768 1332 828 1366 isla
850 1332 885 1367 sit
912 1333 988 1374 via,
1012 1344 1076 1378 qua
1098 1334 1163 1366 itur
1186 1333 1227 1367 ad

278 1381 392 1416 Deum
405 1405 412 1413 .
441 1380 529 1415 Cum
550 1381 641 1416 enim
655 1403 668 1421 ‚
691 1380 783 1426 juxta
806 1381 1007 1427 Apostolum
1024 1407 1037 1424 ,
1061 1382 1228 1428 diligenti·

276 1429 337 1464 bus
349 1430 460 1464 Deum
472 1431 585 1467 omnia
596 1441 815 1475 cooperentur
841 1433 877 1467 in
894 1431 1020 1467 bonum
1032 1455 1043 1473 ,
1067 1443 1124 1477 per
1136 1433 1227 1476 pros·-

280 1491 356 1523 pera
367 1481 401 1514 ἀ
411 1479 543 1515 adversa
554 1481 590 1514 in
600 1479 666 1515 hoc
676 1481 842 1515 mundiali
852 1481 958 1516 stadio
969 1492 1026 1525 per
1036 1482 1226 1525 patientiam

276 1527 400 1563 Christi
422 1529 539 1570 miles,
565 1539 620 1564 tan
647 1530 723 1563 uam
746 1541 864 1566 aurum
889 1531 1088 1573 infernace,
1114 1530 1226 1575 proba-

277 1588 350 1613 tur.
377 1577 530 1623 Denique
540 1578 621 1613 sicut
663 1578 753 1613 lectis
767 1579 937 1614 tribulatio
947 1580 1138 1623 patientiam
1150 1590 1227 1624 ope·

275 1639 366 1664 ratur
376 1653 388 1670 ‚
414 1628 570 1672 patientia
582 1627 813 1672 probationem
826 1653 838 1670 ,
863 1628 1017 1674 probatio
1031 1630 1117 1674 spem
1128 1652 1141 1670 ,
1159 1642 1228 1674 quae

277 1690 340 1714 nec
352 1678 570 1714 confunditur
581 1689 643 1712 nec
651 1678 828 1712 confundit
840 1703 851 1719 ,
879 1690 955 1713 cum
967 1680 986 1713 a
996 1677 1159 1715 charitate
1168 1679 1229 1715 ful-

279 1730 408 1772 ciatur3
434 1726 506 1762 fiee
518 1726 686 1762 contrario
695 1726 842 1770 reprobis
861 1727 1034 1763 tribulatio
1057 1729 1228 1772 impatien-

275 1778 358 1815 tiam
373 1802 385 1819 ,
421 1777 628 1822 impatientia
652 1776 989 1820 pusillanimitatem,
1012 1777 1226 1821 pusillanimi-

275 1838 326 1864 tas
337 1827 501 1862 tristitiam
515 1826 616 1871 parit,
640 1826 675 1861 ἀ
698 1825 754 1860 illa
776 1827 970 1868 interimit,
989 1838 1066 1863 curn
1087 1838 1143 1872 per
1154 1838 1226 1862 eam

277 1879 407 1914 anirnus
420 1878 454 1911 in
465 1876 724 1920 desperationem
745 1876 973 1913 absorbeatur.
1001 1876 1108 1923 Igitur
1126 1876 1227 1911 virili-

280 1939 330 1964 ter
350 1928 466 1973 agite,
492 1926 527 1961 δε
547 1927 753 1961 confortetur
776 1938 834 1962 cor
855 1927 994 1962 vestrum
1007 1951 1019 1968 ,
1043 1938 1105 1963 nec
1128 1927 1227 1962 ullius

276 1989 359 2020 vos,
383 1977 475 2022 quod
485 1976 587 2018 absit,
612 1975 736 2018 suasio,
759 1977 848 2021 quasi
861 1977 978 2012 cedere
994 1977 1157 2018 debeatis,
1179 1977 1227 2011 in·

275 2028 400 2064 ducat.-
427 2027 522 2075 Qin
541 2026 650 2072 potius
669 2026 758 2072 agite
778 2025 870 2071 quod
891 2027 991 2072 agitis
1012 2050 1024 2069 ,
1060 2027 1096 2062 ἀ
1116 2036 1235 2061 tenete,

277 2077 371 2123 quod
381 2076 499 2111 tenetis
511 2100 522 2117 ,
548 2087 585 2111 ut
595 2077 613 2110 a
626 2077 763 2111 Summo
774 2076 909 2112 Pastore
919 2075 960 2111 de
971 2077 1147 2112 commisso
1155 2087 1226 2122 gre·

274 2139 322 2177 ge
335 2125 517 2163 mercedem
528 2126 657 2170 plenam
669 2127 732 2161 reci
737 2127 831 2171 piatis
845 2153 854 2161 .
883 2128 965 2162 Hoc
983 2137 1050 2162 tarn
1063 2126 1201 2162 fideliter
1214 2149 1226 2167 ‚

277 2178 378 2223 quarn
388 2176 753 2212 amicabiliterconsnlo
765 2177 879 2212 vobis.
907 2177 988 2212 Hoc
1010 2177 1138 2211 utinam
1159 2186 1226 2220 per-

277 2226 411 2263 suadere
422 2226 536 2271 poffim
549 2227 581 2262 ἀ
593 2224 675 2262 mihi
686 2251 694 2260 .
719 2226 799 2262 Hoc
811 2225 1039 2261 salubrenobis
1050 2250 1062 2266 ,
1077 2223 1141 2261 hoc
1152 2224 1225 2264 imi-

280 2277 384 2313 tabile
395 2277 492 2312 nobis
502 2277 695 2318 commistis,
722 2285 759 2310 ut
770 2273 993 2320 benevagendo
1015 2276 1049 2310 &
1062 2276 1225 2310 sustinen-

278 2328 326 2364 do
345 2326 437 2372 quod
460 2326 601 2361 voluerit
614 2349 626 2366 ,
650 2327 685 2360 δε
706 2324 862 2370 quamdiu
884 2325 1023 2360 voluerit
1046 2325 1140 2360 Deus
1155 2348 1167 2365 ,
1191 2324 1226 2359 ἃ

279 2378 348 2422 ejus
359 2376 548 2412 inhaerendo
569 2376 712 2420 vestigiis
734 2372 989 2410 honorificemus
1008 2375 1226 2410 ministerium

280 2427 428 2463 nostrum
449 2451 457 2458 .
495 2426 600 2475 Qiod
621 2436 730 2460 autem
753 2425 920 2470 parvitatis
941 2424 1058 2461 nostrae
1078 2423 1226 2470 precibus

279 2488 341 2512 vos
361 2474 516 2511 attentius
537 2475 796 2517 commendatis,
821 2475 936 2511 merita
948 2474 1081 2519 quidem
1099 2473 1227 2519 propria

283 2525 453 2563 metiendo
465 2523 672 2569 confundor,
698 2525 754 2560 sed
764 2525 976 2567 devotionem
988 2526 1123 2561 vestram
1135 2525 1230 2559 susci-

279 2576 403 2622 piendo
418 2575 615 2620 ampleetor.
640 2573 816 2623 Qidquid
838 2574 938 2620 igitur
958 2575 1122 2611 amoris&
1138 2574 1230 2609 obse-

282 2626 353 2670 quii
384 2638 443 2671 pro
463 2624 560 2660 vobis
579 2625 707 2661 efficere
716 2626 844 2669 possum
853 2624 940 2670 apud
948 2625 1059 2663 Deum
1079 2624 1230 2662 &homi-

282 2688 361 2718 nes,
388 2677 529 2711 vestrum
540 2672 603 2716 esse
614 2675 724 2713 sciatis
734 2676 860 2710 eunctis
879 2675 1014 2723 diebus.
1043 2676 1161 2720 Atque
1170 2675 1231 2715 uti-

286 2739 363 2763 nam
379 2728 409 2761 se
420 2727 533 2761 offerat
544 2725 636 2761 locus
645 2725 679 2760 ἀ
691 2736 821 2773 tempus
830 2750 842 2767 ‚
867 2736 935 2770 quo
945 2725 1052 2769 palam
1072 2725 1166 2761 liceat
1174 2737 1229 2760 ex-

286 2777 383 2821 periri
401 2801 412 2818 ,
437 2777 535 2821 quam
557 2774 635 2821 pure
653 2774 791 2820 diligam
815 2786 897 2816 νος,
921 2787 992 2811 non
1011 2786 1078 2813 tam
1089 2775 1233 2812 verbo&

286 2827 399 2874 lingua
410 2851 422 2869 ,
447 2826 546 2872 quam
556 2826 842 2871 opere&veritate
854 2851 862 2860 .
889 2825 1007 2865 Valere
1022 2850 1033 2859 .
1232 2832 1233 2835 ’

485 2971 894 3014 EPssToLA
949 2974 1037 3011 XC.

292 3075 460 3112 Alexander
487 3078 574 3120 Papa
587 3078 715 3112 Rotrodo
725 3074 952 3121 Rorbomagenfi
966 3074 1210 3120 Arcbbeisoopo
1220 3100 1232 3118 ,

576 3130 611 3163 δ’
630 3127 831 3173 sufflaganels
856 3129 935 3170 effus.

415 3277 571 3312 rissimum
595 3279 628 3312 in
652 3276 785 3312 Christo
816 3277 923 3311 filium
946 3276 1091 3311 nostrum
1114 3275 1234 3309 Henri-

403 3338 477 3362 cum
489 3353 499 3368 ,
527 3329 684 3363 illustrem
698 3327 888 3372 Anglorum
901 3327 1028 3372 Regem
1041 3351 1051 3367 ,
1078 3326 1235 3360 Romana

298 3371 445 3408 Ecclesiae
464 3378 497 3411 ὅ(
522 3378 617 3412 nobis
638 3377 840 3416 acciderint,
865 3377 1034 3422 postquam
1043 3387 1083 3410 ex
1097 3385 1185 3419 parte
1194 3376 1235 3410 ab

297 3421 367 3465 ejus
385 3422 561 3461 devotione
583 3428 612 3461 se
630 3427 812 3462 absentavit
824 3450 835 3466 ,
860 3438 903 3461 ex
926 3437 967 3461 eo
992 3425 1159 3461 manifeste
1170 3436 1234 3468 per-

299 3471 439 3516 cipitur,
464 3476 553 3517 quod
564 3477 612 3510 illi
623 3477 692 3514 viro
703 3477 878 3518 scelerato,
905 3476 1048 3520 perfido,
1074 3476 1107 3512 ἀ
1129 3471 1235 3511 crude·

293 3225 566 3335 QJANTA
592 3228 676 3263 mala
690 3252 700 3269 ,
725 3228 851 3273 &quot
864 3225 1074 3262 incommoda
1094 3225 1149 3269 per
1159 3223 1235 3260 cha·

982 110 1538 197 EPISTOL'AE

1295 227 1341 270 li,
1364 228 1400 263 ἀ
1421 227 1520 273 hujus
1541 226 1720 264 schismatis
1744 229 1904 264 &erroris
1921 232 2072 276 magistro
2083 233 2239 278 Reginal-

1295 277 1340 312 do
1352 301 1362 320 ,
1389 279 1558 323 quondam
1572 279 1781 315 Cancellario
1790 304 1801 320 ,
1827 282 2074 318 communicans
2084 294 2139 327 per
2150 285 2236 323 sum,

1296 338 1377 371 quos
1387 328 1428 363 ad
1438 329 1644 364 Fredericum
1655 330 1778 365 dielum
1790 331 2021 374 Imperatorem
2041 334 2210 367 transmisit
2225 357 2237 373 ,

1295 379 1495 415 occasionem
1507 380 1542 414 ἀ
1553 380 1720 415 materiam
1730 379 1896 425 pra-stitit,
1922 380 2011 426 quod
2022 380 2110 416 idem
2120 382 2239 418 Frede-

1296 429 1377 463 ricus
1390 429 1539 464 inductus
1548 429 1594 464 est
1603 430 1645 465 ad
1663 430 1745 466 illud
1766 428 1989 466 detestandum
2011 430 2046 465 ἀ
2063 432 2235 475 profanum

1294 477 1514 521 juramentum
1534 505 1546 522 ,
1581 480 1689 516 immo
1710 481 1886 526 perjurium
1911 480 2099 516 faciendum
2122 506 2127 513 .
2165 481 2238 517 Nos

1294 536 1403 563 autem
1414 528 1481 563 haec
1494 530 1607 566 omnia
1627 530 1699 575 post
1722 541 1816 576 terga
1837 530 2037 574 rejicientes,
2061 531 2096 565 δι
2114 532 2239 576 magni-

1295 578 1398 613 fica&
1419 578 1509 625 larga
1530 580 1720 616 devotionis
1736 579 1894 616 beneficia
1915 605 1927 622 ,
1952 591 2024 623 quae
2044 579 2237 625 &principio

1295 626 1390 671 hujus
1399 628 1594 665 turbationis
1603 630 1700 665 nobis
1720 631 1755 666 δι
1780 631 1929 668 Ecclesia
1945 630 2097 666 exhibuit
2120 654 2131 671 ‚
2156 630 2241 667 ante

1292 678 1409 713 oculos
1421 679 1544 724 semper
1553 679 1729 722 habentes,
1755 682 1862 726 ipsum
1883 694 1938 726 per
1947 681 2068 716 litteras
2089 679 2237 722 nostras,

1293 727 1327 762 ὅ(
1337 725 1471 764 demum
1483 740 1538 774 per
1548 731 1667 775 probos
1679 730 1712 765 ὅ(
1725 730 1880 767 honestos
1902 731 1988 766 viros
2008 742 2142 776 paterna
2154 731 2235 775 saepe

1293 776 1498 823 benignitate
1507 782 1697 825 monuimus
1710 805 1720 822 ‚
1745 782 1778 817 δι
1798 783 1949 818 animum
1967 781 2035 826 ejus
2057 781 2116 816 nisi
2126 782 2238 816 sumus

1292 827 1486 872 Apostolica
1518 829 1764 867 mansuetudine
1783 832 1931 868 delenire
1961 854 1973 871 ‚
2014 831 2236 876 exspectantes

1291 878 1380 922 quod
1391 880 1555 915 excessum
1567 881 1660 917 suum
1670 885 1918 928 recognosceret
1930 906 1942 923 ‚
1967 883 2001 917 δε
2019 881 2122 917 animi
2134 882 2239 925 impe-

1292 937 1363 963 tum
1375 928 1482 974 Regia
1494 930 1669 966 clementia
1677 943 1888 976 temperaret.
1916 933 2007 982 Qia
2029 932 2152 977 igitur.
2177 930 2234 971 etsi

1293 988 1361 1012 non
1374 978 1470 1015 fuerit
1483 980 1518 1015 in
1532 980 1667 1017 schisma
1680 983 1783 1025 lapsus
1795 1005 1806 1021 ,
1831 993 1941 1017 tamen
1951 982 2113 1017 Ecclesias
2125 981 2160 1015 &
2173 980 2238 1016 Ec·

1291 1026 1477 1064 clesiasticas
1488 1030 1538 1065 sui
1552 1031 1662 1076 Regni
1674 1033 1824 1075 personas
1836 1032 1908 1075 plus
1917 1031 2030 1067 debito
2039 1041 2152 1076 gravat
2163 1053 2174 1071 ,
2199 1031 2235 1066 δι

1290 1089 1404 1113 eorum
1415 1078 1484 1122 jura
1494 1081 1671 1115 confundit
1681 1091 1777 1124 atque
1789 1079 1953 1124 perturbat
1964 1104 1978 1121 ,
2000 1082 2036 1115 δε
2054 1081 2169 1116 omnia
2189 1080 2234 1117 ad

1291 1129 1322 1163 se
1332 1127 1456 1163 trahere
1474 1129 1508 1164 &
1528 1129 1586 1165 fibi
1612 1130 1785 1165 vendicare
1804 1129 1980 1178 contendit
1993 1153 2006 1171 ‚
2029 1130 2236 1166 Fraternitati

1291 1178 1399 1217 vestrae
1410 1189 1463 1222 per
1477 1180 1506 1212 A
1510 1179 1667 1223 postolica
1678 1181 1793 1224 scripta
1807 1177 2238 1226 praecipiendomandamue,

1290 1238 1451 1273 quatenus
1462 1228 1518 1263 sibi
1530 1229 1599 1264 haec
1608 1231 1722 1265 omnia
1732 1230 1869 1265 fideliter
1894 1240 2113 1274 proponentes
2125 1253 2137 1269 ,
2160 1238 2237 1264 eum

1291 1289 1345 1322 per
1356 1279 1623 1322 omnipotentem
1635 1281 1824 1315 Dominum
1835 1305 1845 1323 ‚
1871 1281 1905 1315 ἀ
1915 1292 1955 1315 ex
1968 1289 2055 1325 parte
2068 1278 2161 1314 Beati
2175 1279 2236 1313 Pe,-

1288 1331 1332 1364 tri
1351 1329 1385 1363 &
1410 1329 1518 1364 nostra
1538 1331 1798 1370 commoneatis,
1825 1331 1859 1365 ἀ
1881 1331 2047 1365 exhortari
2069 1329 2189 1364 curetis
2221 1352 2233 1369 ,

1288 1378 1377 1422 quod
1399 1379 1541 1420 Matrem
1560 1381 1651 1416 suam
1676 1380 1865 1415 Romanam
1881 1381 2058 1416 Ecclesiam
2077 1379 2236 1414 consueta

1288 1429 1467 1465 reverentia
1489 1441 1526 1464 ac
1543 1429 1724 1466 devotione
1745 1431 1947 1475 cognoscat,
1971 1431 2006 1465 ἀ
2029 1429 2230 1467 ecclesias&

1289 1477 1401 1523 Regni
1413 1478 1460 1512 sui
1474 1479 1712 1515 Ecclesiasticas
1724 1482 1875 1525 personas
1884 1480 2005 1526 diligat
2016 1479 2052 1514 δι
2069 1474 2211 1514 hbnooet
2221 1490 2232 1512 a

1287 1528 1322 1562 ἀ
1335 1528 1555 1564 venerabilem
1580 1531 1710 1565 fratrem
1733 1530 1877 1566 nostrum
1896 1530 2071 1566 Thomna:
2091 1528 2236 1568 Cantus·
2283 1537 2291 1543 ’

1288 1578 1427 1612 riensem
1452 1577 1769 1624 Archi-Episcopum
1782 1603 1794 1621 ,
1817 1580 1875 1623 qui
1895 1581 1928 1616 ei
1951 1577 2115 1616 fidelis-st
2137 1575 2235 1628 ⁸⁸⁶¹?

1292 1636 1387 1661 votus
1400 1648 1412 1665 ,
1436 1627 1523 1662 &ad
1546 1628 1723 1663 Ecclesiam
1743 1631 1833 1663 suam
1853 1640 2003 1665 revocare
2021 1627 2148 1665 stodeat
2164 1627 2235 1668 a&

1288 1674 1495 1718 honorifice,
1519 1676 1599 1712 sicut
1623 1677 1738 1720 decet,
1763 1679 1895 1714 trastare
1916 1703 1924 1711 .
1951 1679 2026 1722 Jura
2044 1685 2181 1722 quoqne
2199 1676 2235 1715 Β

1288 1726 1375 1761 bona
1389 1726 1485 1769 ipsius
1496 1726 1531 1771 §t
1541 1727 1682 1762 aliorum
1693 1728 1799 1773 Regia
1810 1728 2011 1771 protectione
2023 1735 2236 1762 manuteneat

1286 1775 1515 1810 &conservet-
1542 1775 1576 1808 Si
1593 1787 1703 1811 autem
1723 1777 1741 1810 a
1767 1778 1828 1810 suae
1850 1777 2048 1812 intentionis
2071 1776 2235 1820 proposito

1286 1823 1453 1859 declinare
1465 1822 1609 1859 noluerit
1621 1848 1632 1865 ,
1663 1825 1890 1860 indubitanter
1899 1826 2013 1862 timere
2022 1826 2143 1871 poterit
2153 1849 2166 1866 ‚
2191 1837 2236 1860 ne

1288 1875 1380 1909 Deus
1399 1883 1532 1918 propter
1555 1873 1621 1909 hoc
1640 1876 1676 1909 in
1697 1874 1848 1919 ipsum&
1861 1878 2004 1920 posteros
2014 1875 2083 1919 ejus
2092 1876 2235 1921 graviter

1290 1924 1440 1959 vendicet
1452 1947 1461 1956 .
1483 1922 1608 1966 Neque
1620 1936 1682 1960 nos
1693 1924 1726 1960 id
1738 1926 1917 1970 poterimus
1928 1926 2125 1961 dissimulare
2134 1948 2147 1966 ‚
2173 1935 2234 1960 nec

1286 1973 1411 2009 diutius
1430 1973 1631 2016 impunitum
1667 1975 1848 2020 relinquere
1867 1999 1874 2007 .
1908 1977 2080 2025 Qoniam
2102 1985 2193 2020 pater
2218 1997 2233 2017 ,

1287 2033 1385 2067 quem
1397 2021 1510 2067 diligit
1523 2046 1536 2063 ,
1561 2024 1656 2059 illum
1666 2026 1844 2069 corripit&
1855 2027 1991 2073 castigat
2003 2052 2012 2060 .

1306 2122 1313 2129 ·
1337 2074 1376 2107 In
1392 2072 1533 2111 eundem
1555 2073 1692 2110 modum
1717 2076 1941 2122 Burdigalensi
1964 2078 1999 2112 ἀ
2022 2073 2231 2123 suffraganeis

1286 2134 1354 2168 ejus
1367 2147 1375 2156 .

1473 2223 1882 2262 EPISTOLA
1942 2225 2056 2264 xm.

1288 2323 1455 2359 Alexander
1468 2326 1556 2366 Papa
1577 2323 1698 2358 Thomae
1720 2325 1931 2368 cantuarienfi
1949 2308 2194 2371 Archi-Eplfioffl

1512 2376 1546 2408 Θ
1556 2373 1690 2407 omnibus
1701 2373 1856 2417 Episcopi:
1869 2377 1988 2420 Angliae
1996 2401 2004 2410 .
2175 2397 2180 2402 -

1295 2473 1426 2560 AD
1445 2469 1510 2508 hoc
1532 2472 1737 2508 Pontificalis
1756 2474 1870 2509 officii
1882 2484 1967 2509 onus
1986 2473 2155 2519 suscepisse
2173 2483 2234 2509 no·

1416 2524 1546 2558 sbimini
1559 2547 1571 2564 ‚
1597 2534 1632 2557 ut
1643 2524 1830 2558 commissas
1841 2523 1933 2558 vobis
1957 2524 2114 2559 Ecclesias
2132 2524 2175 2559 sne
2186 2523 2231 2559 ad

1290 2568 1453 2608 bonorem
1470 2573 1544 2608 Dei
1563 2573 1597 2607 &
1630 2573 1832 2608 subditorum
1852 2573 2033 2617 profestum
2060 2584 2158 2618 atque
2187 2573 2235 2609 sn-

1264 2663 1267 2666 ·
1291 2620 1394 2657 lutem
1419 2624 1567 2669 regatis,
1587 2623 1677 2666 quod
1697 2623 1883 2658 eammdem
1907 2623 2123 2659 Ecclesiamm
2133 2622 2228 2658 liber·

1291 2680 1339 2706 tas
1358 2685 1413 2718 per
1435 2685 1494 2709 vos
1515 2673 1701 2708 nullatenus
1722 2673 1909 2714 minuatur,
1933 2671 1988 2707 sed
2012 2674 2124 2708 infixo
2142 2672 2230 2708 statu

1293 2731 1347 2764 per
1369 2723 1512 2759 studium
1535 2724 1675 2758 vestrum
1692 2723 1727 2758 ἀ
1746 2734 1876 2768 operam
1895 2724 2101 2758 conservetur
2113 2747 2121 2756 .
2147 2720 2229 2759 lade

1291 2770 1447 2813 fiquidem
1469 2773 1515 2808 est
1534 2798 1547 2815 ‚
1583 2774 1673 2818 quod
1693 2773 1900 2808 Fraternitati
1923 2773 2033 2808 vestrae
2054 2784 2109 2817 per
2136 2774 2231 2816 Apo·

1293 2821 1405 2858 stolica
1422 2825 1539 2868 scripta
1561 2823 1777 2869 praecipiendo
1801 2823 2013 2864 mandamus,
2039 2824 2120 2857 &in
2133 2822 2232 2862 virruff
2244 2858 2254 2870 „-

1292 2872 1524 2909 teobedientiae
1548 2873 1774 2918 injungimus,
1799 2874 1960 2918 quatenus
1980 2873 2148 2907 fiillustris
2159 2873 2232 2906 Λιι-

1292 2923 1425 2968 glorum
1442 2924 1519 2959 Rex.
1541 2923 1717 2968 quidquam
1738 2924 1757 2956 a
1776 2924 1870 2957 vobis
1891 2923 2005 2967 aliquo
2027 2932 2232 2966 temporete-

1293 2973 1450 3019 quiefierit
1463 2998 1476 3011 ,
1511 2973 1599 3018 quod
1616 2982 1733 3008 contra
1760 2973 2015 3007 Ecclesiasticam
2046 2972 2229 3009 libertatem

1291 3024 1409 3060 existat
1444 3046 1455 3063 ,
1492 3023 1559 3058 hoc
1593 3024 1624 3056 ei
1660 3023 1766 3057 facere
1796 3023 1989 3058 'nullatenus
2024 3023 2195 3059 atnentetla
2212 3045 2228 3062 ‚

1295 3082 1354 3109 nec
1373 3084 1432 3109 vos
1452 3073 1500 3108 illi
1522 3074 1558 3108 in
1579 3072 1716 3117 aliquo,
1743 3073 1777 3107 ὅ(
1797 3071 1944 3108 maxime
1964 3083 2085 3109 contra¹
2104 3072 2230 3116 nia-a-

1296 3135 1370 3159 nam
1396 3123 1573 3158 Ecclesiam
1594 3122 1749 3167 obligetis
1777 3146 1788 3163 ,
1823 3133 1879 3159 aut
1900 3135 1993 3158 novae
2012 3120 2229 3167 pro-:imonis

1296 3176 1349 3210 seu
1370 3173 1544 3217 juramenti
1563 3173 1704 3217 formam
1724 3173 1878 3209 inducere
1899 3171 2094 3217 praesumatis
2111 3196 2123 3213 ‚
2149 3181 2233 3223 prz-

1295 3236 1342 3260 ter
1361 3223 1395 3258 id
1415 3223 1508 3268 quod
1529 3222 1684 3266 Episcopi
1703 3223 1766 3257 suis
1796 3223 1946 3269 Regibus
1969 3224 2072 3257 facere
2093 3222 2230 3256 consue-

1298 3284 1409 3310 verunt
1422 3299 1429 3305 .
1466 3274 1500 3307 Si
1517 3282 1630 3307 autem
1652 3272 1716 3315 jam
1737 3271 1825 3308 disto
1848 3273 1934 3318 Regi
1955 3273 2045 3317 super
2064 3271 2230 3315 hujusmo-

1297 3326 1331 3360 di
1345 3335 1400 3360 vos
1411 3324 1446 3357 in
1453 3323 1570 3367 aliquo
1581 3322 1955 3369 adstrietoscognoscitis
1965 3346 1976 3364 ‚
2002 3322 2093 3368 quod
2113 3321 2232 3365 promi·

1297 3375 1374 3410 sistis
1386 3372 1572 3408 nullatenus
1583 3371 1758 3408 observetis
1768 3396 1779 3413 ,
1805 3373 1858 3408 sed
1874 3373 1939 3407 hoc
1961 3373 2070 3417 potius
2082 3380 2232 3406 revocare

1298 3424 1414 3459 curetis
1427 3448 1438 3464 ,
1463 3424 1498 3461 ἀ
1514 3423 1555 3457 de
1567 3424 1775 3467 promissione
1798 3422 1913 3459 illicita
1934 3422 2087 3459 studeatis
2108 3421 2187 3455 Deo
2199 3419 2233 3454 δε

1301 3472 1444 3510 Ecclesiae
1455 3473 1660 3509 reconciliari
1673 3492 1684 3501 -

2114 3517 2201 3556 ΕῙΡΙι
