2358 3776
418 141 516 193 306

342 213 474 260 Angiiz
486 213 642 260 litteras,
655 206 802 250 sitamen
815 212 1000 255 adulteratae
1021 223 1089 248 non
1103 215 1176 248 sunt
1188 236 1200 254 ‚
1223 223 1276 257 pa-

338 274 464 307 tenteS,
489 262 605 310 quibus
629 262 802 307 statuistis,
818 274 865 310 vut
889 262 1131 298 Cantuarienlis
1154 261 1278 297 Archi-⁴

1060 112 1640 178 EPIgil-ULAE-

1335 210 1391 256 qui
1402 220 1500 247 terret
1510 235 1520 250 ,
1535 210 1606 254 plus
1621 201 1686 256 ipse
1697 211 1793 245 timet
1802 234 1813 252 ,
1822 210 1857 246 &
1869 206 1946 245 De‘o'
1955 212 2147 256 propitiante
2158 225 2268 258 prorn-

1335 261 1418 306 ptior
1426 262 1471 296 est
1483 261 1522 296 ad
1535 262 1648 306 fugam
1659 285 1671 302 ,
1684 261 1785 305 quam·
1794 259 1972 295 ut·hostem
1985 262 2099 299 audeat
2107 265 2266 309 exspesta·

335 312 543 362 Episcopus,
559 312 692 362 ‚quijam
717 313 933 363 quadriennio
956 323 1013 357 pro
1026 313 1147 356 justitia
1168 313 1279 349 exula-
1333 310 1375 346 re';
1389 310 1559 356 Nusquam
1569 313 1659 346 enim
1671 311 1835 352 tutus'est2,
1861 311 1974 346 &non
1984 320 2050 345 tarn
2061 322 2229 351 extraneos
2248 338 2264 356 ,

338 365 387 399 vit
397 389 409 407 ,
435 364 625 404 sententiam
638 365 719 400 ferre
732 374 801 397 non
816 361 910 406 poffit
923 362 957 394 in
972 373 1048 396 eum
1059 388 1070 405 ‚
1094 364 1145 398 vel
1168 365 1202 398 in
1215 373 1272 398 ter·
1301 399 1303 402 ,

336 425 404 449 ram
423 413 509 458 eius,
535 425 596 448 nec
619 423 793 458 gravamen
815 412 935 447 inferre
955 411 1054 447 alicui
1081 411 1220 457 personae
1235 414 1275 447 de

333 474 414 501 terra
427 466 483 500 sun
494 490 507 505 ‚
535 463 643 497 donec
653 463 687 495 in
703 462 798 506 ipsius
809 461 948 507 gratiam
962 461 1155 498 restituatur.
1175 464 1269 498 Nona

330 526 375 549 ne
388 540 398 557 ,
423 514 540 555 Pater,
567 523 609 546 ex
620 510 672 546 his
683 512 798 549 litteris
809 511 927 547 habere
949 511 1075 553 videtur
1096 513 1273 548 authorita-

330 562 543 605 temimpune
562 562 736 605 peccandi,
765 562 800 596 <Sc
824 560 1143 606 Archi-Episcopum
1165 575 1269 608 perpe·

328 614 388 650 tuo
399 611 642 656 proscribendi.
671 613 763 651 Nam
785 612 826 648 de
849 621 966 647 caetero
993 613 1029 646 in
1056 613 1192 662 arbitrio
1203 615 1270 657 ejus
1296 657 1299 660 Ι

325 666 387 698 erit
398 672 474 697 eum
486 663 646 706 recipere.
675 662 768 698 Hinc
781 661 864 696 adeo
876 661 1090 698 scandalizata
1113 663 1159 697 est
1183 664 1268 709 apud
1296 662 1298 704 J

326 725 389 754 nos
400 722 469 749 tota
483 712 625 749 Ecclesia
638 737 649 754 ,
677 723 713 748 ut
724 714 827 758 magis
837 712 958 749 turbari
972 725 1041 749 non
1055 713 1169 757 poffit:
1191 715 1276 758 quia*
1294 715 1298 728 ⁵

324 763 448 798 malum
461 765 651 807 exemplum
663 763 816 798 omnibus
828 759 1036 807 Principibus
1057 764 1170 799 datum
1183 765 1239 803 effi
1259 758 1277 799 v*
1293 772 1296 791 ³

323 813 498 848 Dominus
517 825 608 849 meus
629 814 722 855 Rex,
750 813 804 847 cui
829 811 1147 860 Archi-Episcopum
1169 812 1265 850 tradi·

320 862 413 904 distis
425 888 437 907 ,
463 864 613 899 turbatur
622 862 799 908 plurimum
811 888 822 904 ‚
846 863 934 912 quod
948 865 1034 899 inter
1049 875 1164 901 manus
1177 864 1244 910 ejus
1255 887 1266 905 ,

320 914 345 948 fl
360 914 514 951 tamenin
528 908 590 949 ha'c
614 915 775 948 sententia
796 910 1023 962 perstiteritis,
1046 914 1209 950 innocens
1218 914 1263 958 ju·

319 964 467 1011 guiatur.
497 962 602 999 Dolet
622 963 778 1012 Regnum
802 959 915 1008 toturn
927 962 944 1006 3,‘
971 962 1068 1013 *qnod
1091 964 1179 1008 apud
1205 976 1263 999 vos
1291 984 1293 987 ·

316 1014 491 1058 praevalent
504 1013 614 1050 hostes
625 1014 726 1050 nostri
741 1039 748 1047 .
776 1013 949 1058 Exspest'at
960 1013 1078 1049 'adhuc'
1092 1014 1262 1052 Dominus

315 1075 410 1100 meus
430 1063 506 1097 Rex
524 1065 652 1102 exitum
675 1064 895 1107 promiffionis
918 1064 1049 1105 vestrae,
1082 1075 1181 1110 quam
1204 1065 1260 1098 nisi

313 1113 411 1148 citius
423 1110 731 1158 viderltadimpleri
744 1138 756 1155 ,
781 1115 871 1166 quid‘
883 1113 925 1149 de
951 1114 1103 1152 Romana
1118 1114 1260 1152 Ecclesia

313 1165 435 1209 sperare
446 1162 583 1205 debeat,
609 1162 824 1206 edocebitnr,
853 1164 1021 1209 &posteri
1044 1165 1111 1198 sui.
1140 1161 1269 1200 Valere*

314 1212 496 1250 ehariffime
507 1216 541 1255 ἀ
554 1214 742 1252 [αηᾶἰίῑῐωε
753 1213 850 1249 Pater
864 1239 876 1255 ‚
901 1216 936 1249 δε
952 1215 1180 1252 Cantuarienii
1194 1215 1253 1251 Ar·
1286 1252 1289 1258 J

311 1262 568 1314 chi-Episcopo}
593 1265 616 1302 ii
629 1264 760 1312 piacet,
788 1264 978 1316 subvenite.
1230 1278 1233 1282 Δ

482 1362 514 1401 Β
541 1363 568 1399 Ρ
594 1363 610 1399 1
634 1363 657 1399 S
683 1360 721 1398 T
747 1364 781 1399 O
806 1362 836 1399 L
862 1363 912 1399 A·
1018 1362 1095 1399 XX.

434 1456 614 1496 Alexandr&
634 1464 732 1504 Papa
773 1460 952 1502 stephanus·
971 1460 1142 1503 Meldenfis'
1182 1465 1184 1469 ’

689 1506 879 1556 Episcopiu.

375 1609 748 1654 ,REBRESCUNT,
775 1608 893 1654 Pater,
921 1609 1072 1647 scandala
1089 1610 1248 1656 tempori-

419 1663 479 1699 bus
503 1662 635 1697 nostris.
663 1662 725 1698 Sed
749 1674 794 1697 vae
818 1661 869 1697 liii
884 1686 896 1703 ,
923 1658 981 1706 per
1001 1673 1100 1707 quem
1122 1662 1252 1696 scanda-

304 1713 376 1748 lum
403 1714 512 1747 veuit.
540 1713 574 1747 Si
598 1713 688 1749 enim
710 1711 887 1756 praecipitio
905 1712 940 1745 &
955 1709 1044 1748 mola
1054 1711 1261 1752 asinaria'di*

304 1774 392 1807 gnus
403 1762 447 1796 est
460 1762 494 1796 ὅ(
507 1758 674 1806 profundo
685 1783 696 1799 ‚
721 1762 778 1805 qui
793 1772 898 1795 unum
908 1761 949 1795 de
962 1760 1086 1797 Christi
1105 1759 1250 1796 parvulis

303 1811 523 1852 scandalizat,
549 1811 638 1852 quod
652 1821 790 1846 meretur
799 1809 959 1854 judicium
972 1835 983 1852 ‚
995 1811 1119 1855 quasin
1131 1813 1161 1845 se
1175 1821 1246 1855 pro-

304 1871 402 1896 vocat
421 1869 553 1905 poenas,
581 1859 638 1902 qui
649 1870 751 1896 totam
775 1857 951 1895 Ecclesiam
963 1861 1028 1895 Dei
1041 1860 1193 1895 scandalo
1205 1872 1249 1894 re-

302 1912 372 1955 plet
384 1936 395 1953 ,
421 1911 606 1956 sanstorum
622 1910 888 1955 cordapercellit
899 1933 911 1950 ,
937 1920 973 1944 ut
984 1933 994 1949 ,
1020 1911 1041 1943 fi
1053 1912 1248 1957 fierinpoffet',

301 1961 320 1996 a
337 1960 494 1996 fidelitate
517 1960 551 1994 ὅ(
572 1956 863 1995 devotionesedis
877 1959 1076 2003 Apostolicae
1090 1970 1248 1994 movean-
1279 1981 1282 1987 ‚

301 2021 354 2049 tur
368 2011 494 2046 Eleeti?
526 2010 569 2044 Et
581 2010 715 2055 quidem
729 2010 870 2053 Joannes
889 2008 928 2042 de
953 2009 1148 2043 Oxeneford
1159 2020 1248 2042 anno

302 2062 466 2108 praeterito
478 2061 569 2105 gravi
582 2061 736 2095 scandalo
747 2060 866 2094 collisit
878 2059 1054 2093 Ecclesiam
1067 2084 1078 2100 ‚
1106 2059 1163 2102 qui
1180 2058 1246 2093 Do'·

302 2112 390 2147 mini
414 2110 656 2145 Cantuarienfis
683 2110 990 2145 excommunicatos
1012 2134 1023 2150 ‚
1051 2108 1248 2153 persistentes

299 2162 336 2198 in
364 2162 480 2196 scelere
503 2163 563 2195 suo
586 2186 596 2201 ,
634 2161 724 2206 quod
748 2161 906 2195 omnibus
929 2169 1047 2194 notum
1073 2159 1118 2193 est
1141 2184 1150 2198 ,
1180 2159 1246 2193 sine

301 2212 397 2247 omni
410 2223 478 2246 non
492 2211 571 2246 dico
581 2209 823 2252 satisfactione,
851 2211 905 2245 sed
927 2211 1027 2244 etiarn
1040 2209 1103 2242 fine
1119 2207 1240 2241 satisfa-

302 2261 421 2296 aionis
444 2256 589 2306 imagine
608 2261 686 2295 fecit
709 2261 854 2294 absolvi.
883 2260 926 2292 Et
949 2257 1038 2300 quod
1051 2258 1117 2289 fine
1129 2257 1246 2290 dolore

301 2311 335 2347 &
348 2311 542 2346 confusione
554 2321 621 2343 non
634 2311 772 2352 eloquor
783 2333 794 2348 ,
819 2307 926 2341 adhuc
950 2306 1166 2340 Ecclefiarum
1177 2309 1245 2350 pos-

301 2358 494 2396 seffionibus
531 2358 689 2393 incubant
708 2381 719 2397 ,
744 2357 886 2402 spoliant
923 2355 1070 2390 Clericos
1091 2380 1102 2396 ,
1130 2366 1253 2400 paupev
1277 2388 1280 2399 ἱ

1277 2404 1280 2411 ’
1308 2414 1421 2440 contra
1447 2406 1589 2439 eundem
1617 2406 1937 2449 Archi-Episcopum
1975 2405 2115 2441 anobis
2133 2415 2259 2450 mapeffr

302 2422 375 2446 rum
387 2407 512 2444 Christi
526 2407 613 2442 bona
625 2407 807 2451 diripiunt,
833 2406 967 2450 impune
981 2407 1010 2442 se
1035 2416 1103 2440 tam
1116 2406 1242 2441 Roma-

301 2470 353 2495 nae
367 2458 516 2494 Ecclesiae
529 2455 749 2498 authoritate,
778 2457 876 2500 quam
888 2456 990 2501 Regis
1012 2457 1059 2489 sui
1073 2454 1244 2499 iniquitate

302 2520 393 2545 tutos
414 2509 478 2543 effe
506 2507 704 2553 gloriantes.
734 2505 896 2540 Caeterum
921 2504 1106 2540 scandalum
1126 2506 1209 2541 illud
1234 2531 1245 2547 ,

304 2561 383 2595 licet
407 2559 592 2595 maximum
625 2557 743 2595 fuerit,
770 2555 861 2599 jocus
882 2565 950 2590 erat
972 2566 1031 2599 prae
1054 2555 1104 2590 his
1126 2582 1137 2597 ‚
1174 2569 1244 2604 quar

303 2609 409 2655 Regis
433 2607 566 2653 Angliae
590 2605 717 2642 Nuncii
741 2617 844 2651 nuper
869 2604 1071 2646 attulerunt,
1098 2607 1132 2640 &
1154 2605 1244 2651 quod

305 2661 459 2695 omnium
470 2658 621 2692 fidelium
634 2657 813 2690 vestrorum
832 2654 930 2691 corda
943 2656 1047 2700 magis
1056 2656 1220 2691 exulcerat
1231 2681 1240 2696 ‚

305 2711 342 2745 in
354 2708 526 2750 colloquio
550 2707 682 2752 Regum
707 2706 879 2740 noviffimo
893 2704 1053 2749 publicata
1066 2707 1158 2741 sunta
1185 2708 1241 2741 Le-

304 2761 359 2795 &ae
368 2757 456 2794 enirn
469 2759 541 2792 sunt
552 2757 667 2792 litterae
679 2780 690 2796 ,
716 2755 834 2798 quibus
844 2757 1013 2791 Dominus
1028 2757 1243 2791 Cantuarien-

303 2809 344 2844 fis
356 2834 366 2849 ,
393 2810 444 2843 vir
456 2805 835 2847 litterarumeruditione
846 2807 879 2840 δε
891 2818 1020 2841 morum
1037 2805 1206 2841 honestate
1233 2832 1243 2847 ,

304 2858 360 2893 sed
372 2858 477 2903 magis
489 2867 547 2901 pro
568 2856 664 2890 causa
686 2856 829 2890 Domini
855 2856 1049 2890 &libertate
1064 2856 1211 2891 Ecclesiae
1233 2882 1243 2897 ‚

302 2907 396 2951 cujus
422 2907 554 2941 assertor
579 2904 647 2946 est,
673 2905 874 2941 venerandus
898 2931 909 2947 ,
934 2907 1094 2950 potestate
1129 2906 1238 2941 debita

303 2956 480 2994 coercendi
503 2954 650 2990 subditos
671 2955 813 2999 privatus
834 2956 879 2989 est
901 2981 913 2998 ‚
950 2957 1056 2991 donec
1077 2958 1185 2992 redeat
1207 2959 1240 2991 in

305 3008 445 3054 gratiam
468 3005 572 3052 Regis
595 3004 700 3044 illius,
728 3004 782 3040 cui
803 3016 915 3050 gratus
934 3007 997 3040 effe
1008 3018 1075 3041 non
1088 3006 1206 3051 poterit
1232 3032 1242 3048 ,

305 3059 365 3093 nisi
378 3057 455 3092 Deo
465 3057 610 3102 ingratus
620 3055 657 3089 fit
671 3079 683 3095 ‚
707 3055 899 3090 &infidelis
922 3054 1119 3098 Apostolicae
1130 3057 1205 3092 Sedi
1231 3081 1243 3098 ,

306 3106 340 3142 &
353 3106 416 3143 toti
430 3105 629 3151 perniciosus
639 3104 786 3140 Ecclesiae
799 3130 807 3137 .
832 3103 999 3139 Confusus
1021 3107 1064 3140 est
1080 3106 1244 3142 Christia-

305 3156 452 3193 aiminus
473 3155 548 3193 Rex
565 3155 601 3190 in
623 3155 722 3190 verbo
742 3154 830 3196 isto,
856 3154 977 3198 stupuit
990 3155 1130 3193 Ecclesia
1141 3157 1242 3191 Galli-

306 3219 410 3247 cana,
433 3205 602 3250 Principes
619 3204 797 3240 doluerunt
819 3229 830 3246 ‚
868 3204 956 3249 quod
977 3206 1105 3240 tantum
1128 3217 1242 3250 praeva-

305 3258 370 3292 luit
381 3255 467 3302 apud
479 3267 537 3291 vos
548 3255 738 3290 manifestus
760 3254 863 3289 hostis
877 3255 987 3300 Regni
1001 3256 1201 3290 Francorum
1229 3280 1241 3298 ,

307 3306 500 3342 universalis
522 3305 670 3341 Ecclefiae
693 3305 873 3349 perseeutor
887 3330 899 3346 ‚
923 3306 1073 3340 incentor
1090 3305 1241 3341 schisma·

307 3356 351 3389 tis
361 3357 469 3399 quoad
482 3355 609 3400 potuit,
627 3355 661 3390 δε
672 3355 783 3389 fautor
793 3353 1017 3390 hereticorum
1029 3380 1037 3389 .
1067 3355 1128 3390 Sed
1141 3368 1241 3398 nunc,

306 3403 443 3439 authore
454 3407 530 3441 Deo
541 3430 553 3447 ,
579 3405 613 3440 in
624 3416 665 3440 eo
677 3405 807 3440 calculo
817 3404 1014 3440 constitutus
1026 3405 1071 3439 est
1083 3430 1095 3446 ,
1117 3415 1154 3440 ut
1168 3406 1242 3442 licet

308 3454 428 3492 minari
441 3455 571 3500 audeat,
583 3457 621 3493 in
631 3454 692 3493 hac
701 3465 792 3502 parte
803 3466 871 3492 non
885 3456 981 3502 ponit
991 3466 1110 3493 nocere
1118 3480 1126 3490 .
1153 3457 1245 3495 Nam

1332 359 1429 407 quam
1450 360 1647 396 domesticos
1665 372 1791 396 veretur
1812 360 1919 396 hostes
1938 385 1946 393 .
1970 361 2136 397 Dominus
2155 366 2266 401 noster

1326 412 1406 446 ‘Rex
1417 413 1576 457 quantum
1586 417 1695 447 motus
1714 412 1752 445 fit
1764 436 1776 453 ,
1801 411 1892 456 quod
1914 411 2043 447 tantum
2064 412 2265 455 acquievistis

1336 462 1688 507 Ecclefiae‘persecutori
1699 462 1733 495 &
1746 460 1831 496 hosti
1843 462 1914 502 suo,
1926 472 1995 496 non
2006 460 2102 496 facile
2112 462 2266 506 dixerim,

1333 520 1375 546 ne
1383 513 1530 548 referenti
1543 513 1642 547 vestra
1656 513 1805 547 sanstitas
1817 510 2071 558 indignetur‚sed
2083 522 2208 547 certum
2216 514 2263 549 est

1298 569 1301 573 ’
1333 560 1396 596 hoc
1405 563 1591 611 scandalum
1604 563 1703 598 sedari
1717 573 1785 597 non
1799 561 1887 605 posse
1904 586 1916 602 ‚
1928 562 1985 596 nisi
1998 563 2098 597 citam
2110 562 2263 598 adhibue-

1296 615 1300 637 5
1325 611 1399 646 ritis
1412 614 1616 656 medici—nam.
1627 614 1699 648 Nec
1710 614 1825 646 desunt
1837 613 1893 656 qui
1907 613 2074 651 suadeant,
2080 622 2116 646 ut
2127 611 2170 647 de
2180 622 2273 656 ceto.

1324 663 1365 696 'ro
1377 660 1585 708 nond'efistat'
1596 673 1655 709 pro
1665 662 1841 697 reverentia
1854 663 1943 697 suam
1955 664 1990 697 δι
2014 663 2124 707 Regni
2143 673 2272 706 procu-⁴⁴
2295 671 2297 674 ·

1330 722 1396 746 rare
1405 712 1581 757 utilitatem
1590 738 1601 754 ,
1624 712 1853 749 contrahendo
1862 722 1938 747 cum
1951 712 2001 746 his
2013 737 2025 752 ‚
2051 713 2108 756 qai
2120 710 2273 748 oderunt·

1323 763 1452 796 'nomen
1463 762 1603 799 Vestrum
1617 789 1623 796 .
1651 764 1783 798 Placeat
1797 762 1908 807 itaque
1928 761 2093 806 Maiestati
2105 763 2215 798 vestrae
2225 763 2273 797 in-

1327 814 1586 848 consolationem
1601 814 1742 849 Domini
1754 811 1994 848 cantuariensis
2005 837 2017 854 ,
2029 812 2179 847 immo-lin
2193 811 2270 856 sub-¹

1329 862 1685 899 levationemssc‘ciefiae
1696 863 1846 908 mitigare
1867 864 2017 898 animum
2030 862 2097 907 ejus
2107 887 2119 904 ,
2145 864 2178 898 &
2191 863 2268 898 Ee·-

1326 913 1454 947 cleliam>
1461 914 1669 948 Gallicanam
1679 914 1698 947 a
1711 923 1806 947 tanto
1817 913 1970 949 scandalo
1983 912 2127 948 liberare.
2155 910 2262 961 Qod

1319 963 1438 1011 :utique
1451 964 1518 998 fieri
1531 965 1619 1008 posse
1631 973 1697 998 non
1708 961 1863 1001 arbitror,
1891 963 1948 997 nifi
1960 963 2146 998 absolvatur
2161 964 2271 998 inno-i

1325 1012 1414 1053 cens,
1422 1013 1455 1046 δε
1467 1013 1586 1057 impius
1597 1013 1776 1053 vinciatur,
1787 1011 1880 1054 cujus
1891 1013 2080 1056 potestatem
2094 1013 2268 1055 jamenu-.-

1321 1063 1423 1096 stavit
1433 1062 1616 1111 Altiffir'nus
1624 1082 1638 1105 =‚
1659 1073 1695 1096 ut
1717 1062 1760 1096 de
1779 1062 1890 1104 cetero
1912 1073 1982 1096 non
1993 1073 2143 1105 oporteat
2154 1061 2260 1098 vereri

1323 1112 1426 1147 minas
1437 1112 1521 1156 ejus'.
1551 1112 1743 1147 Verendum
1753 1112 1797 1146 est
1809 1135 1821 1152 ‚
1850 1120 1892 1145 ne
1901 1111 1958 1145 aiii
1981 1111 2146 1153 Principes
2157 1112 2194 1146 in
2202 1112 2259 1147 de·

1322 1161 1493 1197 stitutione
1505 1161 1727 1197 Ecciefiaehoc
1738 1160 1891 1204 exemplo
1903 1160 2017 1196 similia
2034 1160 2225 1204 praessamant
2247 1182 2265 1201 2

1321 1214 1355 1247 ἀ
1368 1214 1497 1256 quoties
1507 1214 1524 1246 a
1535 1212 1669 1247 ,Christi
1694 1210 1921 1246 Sacerdotibus
1933 1209 2155 1254 corripiuntur
2166 1233 2181 1251 ,
2201 1220 2263 1246 on

1317 1274 1431 1296 eorum
1455 1264 1601 1297 nitantur
1624 1261 1796 1297 obcludere
1808 1285 1819 1302 ,
1846 1262 1881 1296 δε
1901 1261 2070 1295 ministerii
2091 1259 2260 1297 detrahere

1285 1351 1286 1354 Ἴ
1319 1313 1509 1356 potestatem
1518 1337 1525 1344 .
1547 1311 1667 1345 Valeat
1680 1313 1801 1354 semper
1813 1311 1845 1344 &
1856 1310 1963 1355 vigeat
1975 1309 2236 1353 sanctitas'vestra
2248 1325 2269 1344 ι.-

1470 1382 1880 1447 Epis-Tota
2012 1409 2113 1446 xxi..

1283 1525 1285 1527 ¹
1345 1508 1519 1579 Alexandria
1533 1512 1626 1553 Papa
1639 1514 1684 1543 N.
1701 1531 1725 1542 ..
1740 1533 1763 1541 ..
1778 1534 1785 1542 .
1795 1533 1802 1541 .
1818 1505 1980 1550 Senonenfis
1993 1486 2211 1552 ibesaurmui
2218 1533 2230 1543 .
2248 1514 2266 1539 r.

1413 1610 1530 1645 MNIS
1556 1610 1690 1654 quidem
1724 1608 1831 1644 fidelis
1849 1608 1959 1644 anima
1978 1609 2266 1653 neceffiraoegintisr

1438 1660 1605 1703 subjicitur
1629 1657 2027 1704 ApostolicaeMajestati‚
2055 1657 2187 1704 sedego
2197 1670 2265 1695 που,

1319 1711 1367 1745 bis
1381 1712 1508 1755 speciali
1521 1709 1700 1746 devotione
1720 1708 1908 1744 familiarius
1919 1719 2035 1743 teneor
2047 1733 2060 1750 ‚
2083 1703 2266 1750 &delia-‚³

1320 1772 1387 1804 quae
1414 1763 1454 1795 ad
1481 1760 1713 1804 Apostolatum
1742 1758 1881 1794 vestrum
1918 1760 2082 1804 pertinent
2112 1783 2125 1800 ,
2143 1757 2267 1804 magia

1317 1811 1413 1853 quam
1426 1810 1467 1843 de
1479 1811 1615 1853 propriae
1624 1810 1720 1843 sortis
1730 1807 1926 1843 conditione
1935 1830 1949 1847 ,
1972 1805 2140 1842 charitatis
2151 1808 2186 1843 &
2195 1819 2268 1851 uoq

1315 1859 1465 1893 ceffitatis
1478 1860 1592 1894 debito
1602 1867 1839 1897 concurrente,
1864 1867 1969 1903 cogor
1987 1858 2051 1892 effe
2073 1847 2266 1894 sollicitus..

1317 1909 1449 1950 Loquar
1475 1909 1556 1954 ergo
1592 1909 1632 1942 ad
1670 1908 1859 1942 Dominum
1896 1907 2031 1947 meum,
2057 1906 2267 1943 fidnciaiicet¹

1316 1969 1415 2002 agens
1437 1960 1471 1991 in
1495 1958 1566 1998 his,
1589 1968 1663 2001 quae
1673 1958 1779 2002 magis
1789 1956 1831 1991 ad
1842 1955 2003 1991 honorem
2024 1957 2270 1994 &utilitatem

1307 2008 1450 2041 ‘vestram
1465 2030 1475 2046 ,
1493 2007 1516 2040 fi
1528 2006 1625 2041 verba
1637 2006 1726 2051 pueri
1738 2005 1831 2040 vestri
1846 2005 1943 2041 vultis
1958 2007 2071 2042 audine
2080 2030 2094 2051 ‚
2116 2009 2264 2052 quinem

1314 2058 1442 2091 casione
1455 2057 1609 2091 Mandati
1622 2056 1715 2091 vestri
1728 2056 1917 2100 periclitor,
1942 2056 2094 2100 quamad
2114 2068 2219 2093 meam
2238 2079 2252 2097 ,

1314 2103 1629 2151 propitiantessoeo,
1656 2104 1833 2149 proficienE
1855 2105 2104 2141 liberationem.
2131 2106 2252 2143 Praeco·

1312 2157 1428 2201 pistis,
1455 2156 1570 2198 Pater,
1598 2158 1620 2190 fi
1657 2156 1822 2191 reminisci
1859 2155 2005 2199 placeat,
2032 2165 2069 2190 ut
2096 2157 2251 2192 Domino

1313 2207 1425 2242 nostro
1447 2206 1732 2242 Christianiffirno
1750 2205 1836 2250 Regi
1862 2205 1991 2241 confini
2019 2206 2252 2243 vestri‘aeerba

1311 2259 1495 2300 proferrem,
1532 2258 1565 2292 δε
1586 2258 1742 2302 erigerem
1770 2266 1915 2291 mentem
1934 2256 2004 2299 ejus
2017 2254 2092 2291 data
2105 2257 2159 2300 spe
2171 2257 2252 2292 rele-

1311 2308 1451 2340 vationis
1474 2307 1616 2341 Domini
1634 2307 1906 2347 Cantuariensis,
1934 2318 1975 2341 ne
1997 2308 2182 2342 moveretur
2190 2304 2207 2350 ,'

1306 2354 1393 2390 *forte
1415 2357 1540 2404 audiret
1562 2357 1714 2391 Nuncios
1737 2354 1840 2401 Regis
1864 2357 1995 2400 Angiiae
2015 2305 2258 2403 gravevaliqniff

1308 2456 1420 2490 trasse.
1448 2453 1660 2489 Conservetis
1686 2455 1775 2488 enirn
1802 2456 1931 2488 causam
1957 2454 2025 2495 ejus
2050 2454 2184 2490 illaesam
2211 2455 2254 2491 in.

1308 2507 1376 2539 sinu
1399 2505 1526 2540 vestro.
1555 2504 1597 2538 Ei
1612 2505 1695 2542 soii,
1723 2505 1837 2543 Pater,
1866 2501 2001 2546 exposui
2023 2502 2119 2539 verba
2131 2504 2245 2546 vostra,

1308 2556 1365 2599 qui
1395 2554 1572 2590 uberrimas
1595 2555 1734 2588 referens
1756 2553 1911 2597 gratias„
1936 2551 2115 2588 sinistimus
2135 2554 2252 2589 vestra:¹

1276 2630 1278 2637 ,
1305 2605 1448 2651 gloriam
1471 2607 1656 2650 prosecutus
1680 2605 1726 2637 est
1749 2602 1913 2637 immensis
1935 2602 2086 2636 laudibus
2106 2628 2114 2636 .
2151 2603 2246 2639 Deus

1275 2657 1278 2675 ³
1309 2656 1429 2694 novit,
1456 2654 1553 2697 quod*
1577 2664 1641 2687 nec
1666 2653 1721 2696 ipsi
1743 2651 2041 2696 Archi—Episcopo
2054 2653 2245 2696 'mysterium

1308 2704 1435 2740 consilii
1449 2704 1543 2739 'vestri
1555 2699 1570 2744 '‚
1599 2703 1728 2744 neculli
1752 2702 1941 2746 mortalium
1953 2702 2046 2737 ausus
2058 2703 2250 2748 sum-aperi.

1307 2767 1361 2790 re.
1389 2754 1451 2790 Sed
1473 2760 1551 2789 ecce
1572 2754 1744 2788 occasione
1768 2754 1969 2792 litterarum·²
1994 2761 2072 2795 quas
2085 2753 2158 2787 Rex
2169 2754 2245 2789 An-

1307 2807 1380 2851 gliae
1392 2811 1491 2848 nuper
1498 2804 1579 2838 fecit
1591 2804 1626 2838 in
1641 2803 1876 2847 Episcoporum
1888 2801 2058 2846 colloquio
2071 2803 2251 2845 publicari,

1307 2857 1342 2890 δε
1355 2854 1645 2898 auditajastatione
1657 2853 1879 2892 Nunciorum‚
1888 2852 1945 2895 qui
1957 2853 1988 2886 se
2002 2853 2167 2894 praefatum
2179 2852 2251 2888 Arm

1309 2905 1577 2949 chi-Episcopum
1589 2903 1786 2948 prostravisse
1797 2925 1809 2942 ,
1821 2901 1855 2935 &
1869 2901 2116 2945 irreparabiliter
2127 2903 2243 2947 protri-

1310 2955 1387 2989 visse
1413 2955 1545 2999 gloriati
1567 2956 1661 2992 sunt,
1687 2951 1859 2986 attestante
1879 2952 1926 2985 eis
1947 2950 2123 2987 vestrarum
2133 2952 2249 2989 referi-2

1309 3016 1367 3049 pto
1397 3005 1599 3043 litterarum,
1618 3001 1702 3036 adeo
1723 3002 1881 3036 confusus
1901 3001 2090 3038 &turbatus
2107 3002 2153 3038 est
2165 3025 2178 3043 ‚
2201 3010 2248 3039 ut-

1309 3054 1410 3089 mein
1423 3055 1525 3089 vestra
1539 3051 1744 3098 promissione
1752 3051 1943 3086 mendacem
1965 3051 2054 3087 dicat
2066 3077 2078 3094 ,
2102 3052 2138 3088 ἀ
2148 3049 2245 3098 quo&

1306 3106 1347 3140 de
1367 3105 1521 3148 operibus
1543 3102 1686 3137 Ecclefiae
1705 3102 1865 3136 Romanae
1888 3099 1971 3136 nihil
1994 3101 2074 3137 boni
2099 3101 2245 3146 sperabit

1306 3155 1467 3199 amplius,
1509 3154 1566 3189 nili
1586 3151 1745 3196 quatenus
1764 3152 1843 3186 fides
1865 3152 2049 3195 persuaserit
2067 3152 2200 3187 oculata
2225 3177 2242 3186 -

1307 3206 1400 3246 Nec,
1427 3215 1464 3239 ut
1475 3204 1540 3246 ait,
1565 3202 1699 3236 moleste
1720 3203 1815 3237 ferret
1830 3227 1841 3242 ,
1865 3202 1887 3234 si
1911 3202 2040 3245 iniquas
2059 3200 2143 3236 forte
2169 3211 2240 3246 pre-

1305 3266 1358 3291 ces
1371 3256 1536 3300 porrigens
1547 3252 1751 3296 repelleretur
1761 3252 1780 3286 ὲ
1805 3251 1900 3286 vobis
1916 3275 1927 3291 ‚
1953 3251 2006 3286 sed
2030 3251 2143 3292 dolet,
2169 3251 2242 3286 mi·-

1304 3316 1413 3346 ratur‚
1433 3305 1581 3347 &stupet
1596 3327 1606 3343 ‚
1632 3303 1719 3347 quod
1743 3303 1814 3346 plus
1837 3301 1945 3335 valent
1964 3301 2052 3346 apud
2065 3312 2124 3337 vos
2134 3297 2241 3336 ruani-¹

1306 3355 1377 3391 festi
1392 3354 1597 3397 persecutoris
1612 3353 1757 3386 Ecclefiae
1771 3353 1817 3392 ,ἀ
1829 3350 1929 3386 hostis
1942 3351 2050 3396 Regni
2062 3362 2117 3396 per
2126 3348 2239 3386 vilim-

1306 3415 1378 3440 mas
1387 3403 1536 3448 personas
1546 3413 1657 3437 contra
1669 3403 1780 3436 Deum
1803 3403 1953 3446 porrectae
1970 3412 2075 3445 preces
2098 3409 2152 3435 ant
2165 3398 2237 3433 mi*

1306 3467 1355 3492 nae
1372 3477 1385 3498 ‚
1411 3452 1509 3501 quim
1528 3453 1608 3492 fides
1630 3454 1663 3489 ὅς
1687 3451 1882 3498 obsequium
1900 3451 1968 3497 ejus
1991 3449 2144 3497 &Regni
2142 3447 2231 3535 Eszii.
