2358 3776
301 155 343 199 S.

81 236 169 272 disto
190 234 424 270 Archi-Praesul
448 235 577 280 surgens
590 235 607 269 a
620 234 751 273 mensa,
779 231 953 266 confestim
979 232 1046 266 Ro·

414 149 801 198 THOMAE
872 147 1803 198 CANTUARIENSIS.

1952 169 1978 199 2
1991 170 2010 199 1

1112 229 1288 265 Procerum
1310 254 1321 269 ,
1348 228 1518 265 Abbatum
1540 254 1551 270 ,
1577 230 1611 264 &
1636 230 1785 267 Priorum
1805 258 1816 275 ,
1842 234 1878 270 in
1895 234 1992 275 luco,
2020 239 2078 280 qui

81 296 193 331 gerum
217 284 458 330 Vigornensem
479 310 490 325 ,
515 286 549 319 &
572 282 751 318 Robertum
771 282 1045 316 Herefordensem
1114 279 1234 315 dicitur
1245 277 1457 324 Waberghe,
1482 279 1590 315 exiliit
1612 280 1741 315 Ericius
1761 283 1801 315 de
1815 286 1923 320 medio
1941 297 2078 330 eorum,

80 334 262 380 Episcopus
282 360 294 376 ,
330 336 366 369 ὃς
395 335 584 369 Roffensem
609 332 806 375 Episcopum
831 356 843 372 ‚

882 332 1046 375 proprium
1113 332 1265 372 tanquam
1287 329 1431 365 tumultu
1452 331 1646 366 venantium
1670 331 1851 365 excitatus.
1878 337 1986 384 Qem
2001 350 2079 372 cun-

81 385 299 430 Capellanum
322 387 412 419 suum
427 410 438 425 ‚
463 384 503 419 ad
521 384 647 426 Regem
676 382 759 415 misit
778 407 789 423 ,
817 381 984 426 postulans
1009 382 1049 416 ab
1113 382 1154 415 cti
1176 380 1323 414 videntes
1347 381 1471 424 agitare
1489 390 1660 425 coeperunt
1690 405 1704 421 ‚
1728 381 2017 421 vociferationibus
2042 389 2079 423 δε

84 446 126 470 eo
138 434 283 471 securum
294 435 334 470 dc
343 445 425 470 terra
439 436 491 475 sua
503 432 660 477 egressum
670 456 680 463 .
706 432 776 479 Qi
797 432 867 466 cito
881 432 993 465 reverfi
1006 443 1049 467 re-

80 485 226 523 tulerunt
245 487 372 530 Regem
393 481 587 526 respondisse
611 505 624 522 ,
659 483 748 526 quod
783 482 817 516 in
844 482 989 517 crastino
1009 483 1051 517 ad

79 529 276 572 Concilium
294 533 360 570 hoc
386 532 531 566 differret
546 555 553 563 .

379 629 753 676 JOANNEs

131 726 234 771 Ipso
256 730 312 767 die
333 731 403 767 duo
426 733 540 778 magni
567 732 600 766 δε
623 731 799 767 fidelisiimi
831 733 987 768 Proceres
1009 732 1049 767 ad

78 785 202 821 eumin
222 784 294 826 ipso
307 782 411 817 noctis
431 781 581 818 confinio
604 785 798 818 accesserunt
812 807 823 823 ,
849 783 941 816 vultu
961 783 1053 817 mise·

86 833 198 870 rabiles
235 834 268 868 &
292 831 490 876 lachrymosi
512 858 523 874 ,
560 832 736 868 tundentes
756 835 884 877 pestora
905 834 960 867 sua
979 858 990 875 ,
1020 833 1055 867 &

80 883 276 923 consite-ates
300 895 339 917 ac
350 882 566 926 protestantes
589 894 645 927 per
659 883 864 918 tremendum
888 882 1053 926 Iudicium

80 932 166 978 Dei,
193 931 282 978 quod
303 931 525 968 indubitanter
548 932 694 968 sciebant
717 935 802 969 viros
829 943 991 977 magnos,
1018 933 1052 967 &

79 983 262 1018 malefactis
290 984 341 1017 vel
355 982 524 1018 maleficiis
537 983 697 1029 insignes,
723 982 838 1027 utpote
850 983 965 1017 multis
988 983 1056 1027 pol-

1113 430 1381 465 insultationibus
1392 431 1598 468 insectantes.
1630 432 1701 474 Ipse
1710 442 1821 465 autem
1835 437 2080 472 multitudinem

1114 491 1321 524 praewrreus,
1350 491 1419 523 non
1440 479 1474 514 in
1496 481 1678 521 directum,
1703 481 1759 517 sed
1781 491 1836 525 per
1847 480 2009 518 flexuosos
2020 487 2083 521 cal.

1115 531 1160 565 les
1181 530 1222 564 ad
1234 540 1322 564 mare
1341 529 1537 572 festinabat,
1562 541 1695 573 portans
1705 531 1740 566 in
1752 530 1850 566 dorso
1871 532 1929 566 suo
1943 533 2082 570 Librum

1118 580 1325 615 intitulatum
1350 606 1362 623 ,
1388 580 1478 614 AHus
1497 579 1693 623 Apostolorum
1715 606 1723 614 .
1761 581 1874 616 Nemo
1892 593 2001 617 autem
2033 595 2087 618 eo-

1115 641 1211 670 rum,
1238 631 1294 674 qui
1307 630 1545 675 sequebantur,
1569 641 1639 665 erat
1650 631 1720 666 fine
1741 630 1824 666 vitio
1835 634 2003 676 corporis,
2031 634 2085 668 sed

1106 684 1171 715 'aut
1191 692 1323 722 coecus,
1348 689 1407 716 aut
1426 681 1531 716 luscus
1553 679 1745 722 videbatur,
1769 692 1828 717 aut
1850 681 2005 724 claudus,
2031 694 2087 719 aut

1116 730 1211 765 labiis
1227 753 1239 770 ,
1264 740 1321 765 aut
1343 731 1423 766 naso
1437 731 1628 766 mutilatus.
1655 730 1811 775 Cumque
1832 732 1965 766 tandem
1989 733 2092 767 venis-

1118 782 1163 815 set
1185 779 1313 815 Ericius
1335 779 1377 815 ad
1399 792 1508 823 mare,
1535 780 1621 816 misit
1643 782 1676 816 se
1699 781 1849 823 infflud,
1875 781 2011 817 ulterius
2021 795 2091 818 non

1116 829 1260 865 emersit.
1286 830 1390 878 Qod
1405 831 1577 874 videntes,
1594 830 1741 880 quicum
1760 833 1919 876 persecuti
1941 834 2068 868 fuerant
2080 858 2092 873 ,

1118 881 1226 916 reversi
1239 880 1330 915 sunt.
1357 880 1403 915 Et
1415 892 1493 917 ecce
1505 881 1636 917 suborta
1645 882 1693 917 est
1706 881 1825 918 nebula
1839 906 1851 923 ,
1875 881 1971 918 devia
1997 884 2030 917 δε
2049 894 2097 918 te-

1119 929 1252 966 nebrosa
1273 956 1284 972 ,
1310 941 1475 975 occupans
1498 932 1618 968 faciem
1638 942 1728 967 terrae
1740 957 1752 974 ,
1778 943 1878 976 quam
1899 933 2095 977 sequebatur

1121 980 1224 1016 imber
1243 981 1430 1026 sanguinis.
1457 982 1606 1017 Divertit
1627 993 1736 1018 autem
1749 983 1823 1017 Rex
1847 983 1880 1017 in
1903 984 2010 1018 Salam
2030 984 2097 1019 Re-

82 1033 175 1067 lutos
195 1032 398 1068 facinoribus
411 1058 422 1075 ,
447 1034 483 1067 in
503 1033 592 1067 illius
615 1044 724 1068 necem
745 1032 956 1078 conspirasse,
979 1034 1014 1067 ’δε
1027 1034 1057 1067 se
1118 1031 1207 1078 giam
1229 1032 1400 1066 fundatam
1422 1031 1457 1066 in
1469 1032 1623 1076 praedicto
1641 1033 1740 1074 loco,
1757 1034 1933 1068 &seditin
1951 1045 1986 1068 ea
2002 1035 2099 1069 indu·

82 1083 124 1123 ad
143 1092 219 1118 eum
241 1083 464 1118 occidendum
476 1084 600 1118 mutuis
621 1083 764 1118 invicem
784 1082 988 1118 adstrinxiss'e
1010 1083 1058 1126 ju-

82 1133 238 1178 ramentis
247 1159 254 1166 .
283 1134 337 1167 Ne
347 1145 428 1179 ergo
439 1134 533 1168 causa
545 1133 695 1168 Ecclefiae
705 1160 716 1175 ,
741 1145 812 1178 quae
821 1134 970 1168 nondum
993 1134 1057 1176 ple-

83 1181 125 1216 ne
136 1183 324 1218 innotuerat
334 1208 344 1223 ,
372 1185 406 1217 in
430 1194 536 1219 morte
546 1182 613 1227 ejus
631 1194 792 1228 pateretur
803 1184 954 1219 occasum
967 1207 978 1224 ,
993 1194 1058 1217 coe-

82 1233 132 1281 pit
143 1233 289 1278 cogitare
300 1231 340 1267 de
350 1234 428 1278 fuga
440 1258 448 1266 .

330 1327 809 1370 ALANUS.

127 1430 571 1482 INTELLlGENsQUE
601 1432 728 1469 moram
759 1432 818 1469 sibi
843 1433 1059 1479 periculosam

82 1481 168 1524 effe,
195 1482 229 1523 ὃς
241 1494 296 1527 per
308 1493 377 1517 eam
391 1482 449 1518 sibi
470 1484 573 1528 parari
588 1484 839 1528 posseinfidias,
862 1483 948 1528 juffit
964 1485 1001 1518 in
1016 1484 1060 1527 ip·

82 1532 116 1565 sa
127 1534 221 1568 noste
240 1534 274 1567 in
289 1532 431 1568 Ecclesia
454 1534 562 1569 Sansti
575 1535 712 1571 Andreae
735 1535 839 1580 parari
858 1534 918 1569 fibi
940 1534 1060 1569 lcitum

83 1582 170 1616 inter
189 1583 258 1617 duo
279 1581 427 1618 Altaria.
454 1585 536 1633 Qo
562 1584 718 1620 accedens
741 1585 818 1620 curn
831 1585 965 1628 paucis,
991 1596 1063 1627 pro-

83 1630 309 1676 stratuscoepit
323 1633 456 1675 psallere
468 1631 711 1676 poenitentiales
734 1645 811 1668 cum
833 1634 965 1667 Litania
977 1645 995 1670 ε.
1017 1634 1061 1666 Et

84 1680 287 1727 singulorum
309 1683 501 1715 Sanctorum
514 1682 653 1725 nomina
675 1682 895 1725 pronuncians
921 1681 1062 1726 singulas

86 1731 167 1767 fecit
185 1730 440 1775 genuflexiones*
460 1754 469 1761 .
498 1730 581 1777 Qo
594 1731 771 1772 “completo
790 1752 802 1767 ‚
827 1730 967 1770 proinde
987 1729 1062 1761 fati-

85 1788 180 1824 gatus
189 1779 289 1812 strato
311 1778 343 1810 fi:
356 1777 490 1819 projecit
502 1801 512 1817 ,
539 1778 745 1820 capescenda:
763 1777 884 1823 quietis
906 1776 1062 1810 simulans

81 1826 284 1869 occasionem
305 1850 314 1858 .
340 1826 474 1861 Deinde
496 1826 617 1862 secreto
641 1827 672 1860 se
692 1824 883 1861 subtrahens
912 1851 923 1867 ‚
949 1827 983 1861 &
1006 1837 1061 1870 per

81 1876 244 1920 posticum
257 1876 369 1911 exiens
381 1903 392 1921 ‚
416 1888 531 1921 parum
543 1887 618 1912 ante
631 1877 849 1913 Gallicinium
862 1901 874 1917 ‚
899 1877 985 1912 clam
1009 1878 1063 1912 de·

83 1926 218 1962 stiuavit
230 1928 342 1976 fugam
353 1951 361 1958 .

242 2026 275 2061 C
324 2025 359 2062 A
409 2026 438 2061 P
490 2027 531 2063 U
581 2028 620 2061 T
694 2026 901 2062 XXXVI.

343 2128 470 2170 Visiones
495 2127 680 2171 Propheticae
693 2127 782 2172 fugae
795 2153 803 2161 .

313 2227 835 2264 WILHELMUS.

170 2325 264 2362 CCE
287 2326 447 2372 fugitivus
469 2327 618 2367 Ericins,
645 2327 687 2362 de
709 2318 784 2371 'quo
798 2328 971 2363 Diaconus
995 2326 1067 2372 qui-

195 2377 268 2410 dam
281 2377 363 2411 vidit
376 2375 408 2410 in
424 2377 557 2411 visione.
578 2377 668 2412 Nam
680 2377 774 2422 Rege
791 2378 979 2423 Anglorum
990 2389 1065 2413 cum

90 2426 292 2462 universitate
304 2427 435 2462 suorum
457 2426 846 2472 Archi-Episcoporum‚
873 2428 1070 2470 Comitum,
1122 2470 1124 2473 ¹

1122 1092 1174 1117 tus
1186 1081 1273 1116 vesse
1294 1081 1458 1122 candida,
1483 1082 1570 1117 linea
1587 1107 1599 1124 ,
1622 1083 1659 1117 &
1681 1083 1769 1125 lata,
1795 1084 1971 1127 caudisque
1996 1084 2098 1128 vulpi-

1112 1133 1337 1176 ‘nistanquam
1350 1132 1440 1167 sertis
1458 1132 1601 1167 cinstus.
1629 1132 1712 1168 Non
1733 1133 1873 1168 cessabat
1895 1145 2004 1168 autem
2028 1135 2101 1168 san-

1112 1183 1197 1233 'guis
1208 1184 1301 1227 super
1319 1192 1395 1216 eum
1415 1181 1571 1216 distillare
1585 1195 1597 1215 .-

1623 1183 1716 1231 Qia
1742 1184 1884 1223 domus,
1909 1183 2025 1225 utpote
2046 1183 2101 1217 de-

1123 1234 1204 1267 serta
1226 1233 1261 1266 in
1281 1232 1359 1266 loco
1380 1231 1494 1265 deserti
1517 1254 1529 1270 ,
1552 1233 1636 1266 sarta
1658 1234 1743 1267 teda
1767 1243 1836 1266 non
1860 1231 2026 1272 habebat,
2046 1243 2102 1276 per

1122 1293 1193 1327 quae
1209 1280 1427 1325 dependentes
1449 1281 1568 1316 caudas
1581 1281 1737 1325 vulpinas
1756 1280 1922 1316 defluebat
1942 1282 1978 1316 in
1996 1282 2103 1317 finum

1122 1333 1211 1376 ejus.
1240 1331 1395 1375 Cumque
1407 1331 1510 1366 sinum
1538 1331 1711 1367 &sinuosa
1735 1332 1830 1367 vestis
1850 1331 1919 1376 ejus
1931 1331 2103 1367 volumina

1124 1382 1307 1426 implesset,
1332 1381 1468 1417 refluere
1495 1382 1597 1427 coepit
1622 1382 1706 1417 &in
1726 1393 1764 1418 os
1785 1381 1853 1426 ejus
1879 1382 1914 1417 &
1932 1381 2105 1419 abundans

1124 1431 1272 1478 implevit
1284 1455 1293 1464 .

1330 1531 1894 1570 HERIBERTUS.

1175 1629 1350 1666 EADEM
1372 1642 1506 1675 quoque
1527 1632 1647 1671 noste,
1671 1642 1736 1674 qua
1760 1631 1893 1666 Sanctus
1915 1630 1980 1665 Vir
1993 1633 2109 1678 fugam

1125 1682 1202 1716 iniit
1227 1702 1240 1718 ‚
1263 1680 1398 1722 quidam
1420 1680 1463 1712 de
1486 1678 1626 1711 Clericis
1644 1701 1657 1718 ,
1683 1681 1770 1723 fuga:
1793 1679 1886 1713 istius
1907 1680 2014 1725 ignari
2034 1707 2045 1723 ‚
2072 1683 2110 1717 in

1124 1729 1274 1763 thalamo
1313 1726 1459 1769 quodam
1491 1726 1623 1761 seorsim
1677 1727 1884 1765 dormierunt
1904 1752 1913 1761 .
1956 1731 2111 1779 Qorum

1123 1787 1227 1817 unus,
1253 1786 1290 1810 ut
1312 1776 1379 1820 ipse
1399 1775 1510 1820 postea
1529 1776 1668 1818 retulit,
1696 1778 1858 1815 insomnis
1880 1780 1997 1816 sonum
2021 1782 2112 1816 vocis

1125 1825 1298 1863 manifeste
1322 1825 1478 1868 audivit„
1509 1826 1596 1862 duos
1619 1826 1696 1862 illos
1716 1826 1987 1875 Psalmo—graphi
2009 1834 2116 1867 versus

1124 1872 1332 1913 decantantis
1355 1891 1367 1911 .-
1406 1879 1519 1912 Anlmae
1538 1876 1635 1918 nostra
1660 1876 1734 1923 ficut
1769 1879 1864 1922 paffer
1883 1889 1985 1923 erepta
2016 1882 2054 1921 eft
2076 1884 2113 1917 de

1125 1929 1231 1972 laqueo
1250 1932 1431 1962 venantium
1445 1951 1454 1960 .
1481 1929 1625 1971 Laqueus
1651 1933 1794 1965 contritus
1817 1927 1856 1968 est
1875 1954 1886 1971 ,
1912 1932 1947 1965 (τ
1967 1943 2019 1965 nos
2038 1931 2114 1967 llbe-

1119 1984 1187 2019 *ran
1208 1977 1314 2022 sumus
1334 2004 1342 2010 .
1369 1978 1404 2012 O
1427 1977 1601 2012 maledifia
1627 1976 1697 2013 dies
1719 2003 1731 2020 ,
1759 1990 1781 2014 o
1805 1980 1989 2025 malignum
2013 1983 2115 2017 consi-

1126 2029 1208 2062 lium
1225 2053 1237 2068 ,
1262 2027 1284 2061 ὸ
1306 2027 1379 2061 vere
1407 2027 1440 2061 ὃς
1463 2027 1591 2062 consilii
1615 2024 1700 2062 ictio
1729 2029 1887 2064 omnibus
1906 2030 1975 2072 post
1998 2031 2114 2068 futuris

1128 2077 1249 2112 saeculis
1274 2077 1464 2111 detestanda
1487 2102 1498 2119 ,
1523 2089 1582 2121 per
1604 2089 1704 2121 quam
1736 2079 1818 2113 tanti
1844 2079 1947 2124 Regis
1971 2081 2006 2114 ὃς
2030 2081 2113 2116 tanti

1128 2127 1303 2162 Pontifieis
1329 2137 1396 2160 tam
1419 2126 1519 2161 chara
1538 2126 1663 2162 foedera
1692 2128 2019 2173 tamirreparabiliter
2040 2133 2115 2167 sunt

1128 2178 1253 2213 soluta.
1280 2177 1336 2211 De
1347 2186 1463 2212 caetero
1485 2177 1656 2221 nunquam
1671 2178 1766 2224 Rege
1792 2180 1827 2215 ὅ(
1847 2179 2114 2217 Archi-Praesule

1130 2228 1211 2261 sein
1234 2226 1357 2272 Regno
1380 2227 1529 2262 revisuris
1552 2231 1560 2262 !
1597 2228 1632 2262 O
1654 2239 1776 2272 quanta
1809 2242 1850 2264 ex
1874 2229 1925 2265 his
1947 2232 2054 2266 Gestis
2079 2232 2115 2267 dc

1131 2278 1253 2325 Regno
1279 2275 1517 2312 &Sacerdotio
1532 2277 1749 2314 incommoda
1769 2286 2008 2324 provenerunt!
2034 2283 2116 2329 Qae

1132 2329 1265 2373 sequens
1285 2338 1327 2362 ex
1346 2337 1438 2373 parte
1461 2326 1610 2362 historiae
1633 2328 1718 2364 ordo
1743 2329 1941 2368 declarabit.

1412 2429 1550 2473 Explicit
1577 2427 1669 2464 Liber
1695 2436 1819 2473 primu:
1833 2456 1841 2466 .

1970 3538 2076 3569 INCI-
