2358 3776
108 1885 111 1896 ,.
109 1869 112 1872 r
97 1774 109 1838 ab<

336 121 375 164 S.

138 198 270 241 tatione
289 199 490 244 repellimur.
533 201 575 233 Et
600 196 679 233 dum
705 195 793 230 velut
815 193 959 228 extracto
978 191 1088 235 gladio

136 257 254 298 ⁴pugna
266 252 467 292 conseritur,
494 261 552 294 pro
577 249 671 283 vobis
691 244 890 288 supplicandi
912 242 1003 275 locus
1026 244 1089 276 uti-

137 311 208 346 que
220 313 287 336 non
303 302 487 335 invenitur.
515 298 613 333 Unde
626 297 712 331 Patri
725 294 891 328 scribimus
900 301 940 324 ex
951 291 1086 326 charita-

140 364 177 387 te
188 352 358 385 eonsilium
373 373 383 391 ,
412 363 451 384 ne
472 349 596 384 labores
620 344 803 383 laboribus,
827 341 960 385 injurias
984 342 1086 384 super·

141 402 242 436 addat
255 401 379 443 injuriis
393 425 403 441 ‚
430 401 482 436 sed
503 397 622 432 omiffis
645 396 743 429 minis
757 391 959 437 patientiae&
977 389 1087 425 humi-

148 453 233 487 litati
256 453 406 484 inserviat
427 472 438 489 ,
463 447 589 483 causam
611 446 699 479 suam
722 443 853 477 Divinas
873 442 1051 475 clementiae
1076 466 1087 481 ,

142 502 352 542 Domitiique
367 498 533 544 suigrariae
544 495 743 530 misericordi
756 491 942 527 committat
956 515 964 523 .
992 492 1034 525 Et
1046 492 1086 524 sic

83 582 90 592 ,
145 553 277 597 agendo
292 551 448 585 carbones
460 548 545 592 ignis
557 548 591 580 in
603 546 781 579 multorum
793 543 898 585 capita
918 552 1086 575 coacervet

144 603 346 646 &congerat
360 625 367 631 .
395 597 638 631 Accenderetur
661 595 726 629 hoc
746 593 848 627 modo
870 590 1028 631 charitas,
1054 592 1087 625 ὅ(

146 653 238 695 quod
250 651 345 685 minae
355 659 421 682 non
433 656 600 690 poterant,
628 645 803 689 inspirante
824 642 996 682 Domino,
1024 641 1086 675 bo·-

137 711 335 743 *notumque
358 699 510 731 suadente
532 695 668 731 consilio
689 719 700 735 ,
737 694 803 727 sola
832 692 961 725 fortasse
987 692 1088 734 pietas

146 752 311 786 obtineret
325 774 331 781 .
344 749 471 781 Bonum
483 756 548 780 erat
559 745 599 779 de
611 752 796 788 paupertate
820 743 1003 775 voluntaria
1017 743 1084 786 glo-

145 800 232 836 riose
254 799 373 832 laudari
391 820 401 838 ,
430 800 526 839 quam
549 796 592 829 de
614 794 762 828 beneficii
786 791 1022 835 ingratitudine
1044 790 1086 824 ab

145 848 304 884 omnibus
327 848 360 880 in
382 844 705 881 commune‘notari.
732 842 853 876 Insedit
874 842 939 876 alte
960 842 1090 875 cuniio-

80 932 83 939 ,
138 910 221 933 ‘rum
236 897 399 931 mentibus
411 919 422 935 ,
447 896 544 939 quam
557 895 718 940 benignus
738 892 833 927 vobis
854 892 1021 926 Dominus
1034 901 1090 923 no-

139 948 218 982 mr
234 947 309 981 Rex
331 945 507 985 exstiterit,
535 945 568 978 in
590 954 688 988 quam
713 954 772 977 vos
792 942 932 987 gloriam
952 941 993 975 ab
1010 940 1091 974 exili

137 998 354 1043 ·provexerit‚
379 997 413 1030 ὅ(
435 997 469 1029 in
491 995 682 1029 familiarem
705 994 844 1038 gratiam
867 1003 932 1026 tam
956 992 1020 1025 lata
1033 1001 1090 1024 vos

146 1059 261 1082 mente
273 1046 466 1089 susceperit,
484 1054 527 1079 ut
546 1043 794 1078 Dominationis
819 1043 878 1076 sure
900 1043 971 1076 loca
985 1065 996 1081 ,
1021 1052 1091 1084 quae

142 1099 168 1132 ὲ
182 1097 455 1139 Boreali'Oceano
467 1092 507 1129 ad
519 1095 711 1138 Pyrenaeum
725 1095 826 1136 usque
839 1094 979 1135 porresta
990 1093 1063 1123 sunt
1080 1114 1089 1128 ,

140 1146 311 1182 ..Potestati
330 1145 434 1179 vestrae
453 1146 567 1178 cunila
588 1142 779 1187 subjecerit,
806 1154 841 1176 ut
865 1143 897 1175 in
922 1142 972 1174 his
986 1140 1089 1173 solum

136 1198 214 1231 ,hos
226 1197 332 1230 beatos
342 1205 501 1238 reputaret
512 1195 629 1237 opinio
640 1218 651 1233 ‚
679 1194 734 1236 qui
762 1194 796 1225 in
822 1192 930 1225 vestris
942 1200 1090 1232 poterant

148 1247 255 1280 oculis
265 1246 468 1286 complacere
479 1268 486 1275 .
498 1246 501 1273 ἰ
514 1244 557 1276 Et
569 1253 609 1276 ne
621 1244 756 1276 vestram
767 1241 907 1285 gloriam
919 1239 1084 1272 mobilitas

141 1295 256 1339 ⁹90¹.
266 1293 429 1326 mundana
442 1302 615 1326 concutere
626 1316 637 1331 ,
663 1292 697 1324 in
711 1290 760 1324 his
783 1301 851 1332 quae
864 1289 929 1323 Dei
952 1290 1024 1322 sunt
1036 1299 1090 1322 vo-

143 1342 438 1378 -luitimmobiliter
449 1342 586 1375 radicare
597 1365 604 1373 .
634 1341 677 1375 Et
696 1338 897 1374 dissuadente
908 1348 1007 1373 matre
1024 1339 1089 1378 sua,

139 1391 276 1439 «Regno
296 1392 509 1429 reclamante,
537 1390 676 1425 Ecclesia
697 1390 762 1424 Dei
785 1414 796 1430 ,
829 1390 937 1433 quoad
958 1388 1053 1422 licuit
1080 1411 1091 1427 ,

142 1441 638 1487 suspirante&ingemiscente,
665 1451 721 1474 vos
738 1441 773 1473 in
794 1450 889 1479 eam,
917 1449 979 1483 qua
1002 1449 1090 1482 praee-

143 1494 228 1533 itis,
254 1492 548 1535 dignitatemmodis
558 1490 713 1525 omnibus
734 1489 859 1524 studuit
882 1489 1054 1523 sublimare
1081 1511 1091 1527 ,

141 1545 279 1587 ‘sperans
293 1543 323 1576 se
335 1542 491 1583 decetero
511 1552 646 1585 regnare
666 1541 824 1580 feliciter,
850 1541 882 1572 ἃ
906 1550 969 1582 ope
992 1538 1092 1571 vestra

142 1594 186 1627 ’ἃ
196 1592 332 1627 consilio
346 1616 356 1630 ,
382 1593 506 1624 summa
523 1590 690 1624 securitate
711 1590 870 1634 gaudere.
897 1588 931 1621 Si
950 1598 1029 1631 ergo
1052 1588 1092 1620 se-

146 1642 256 1677 curim
268 1641 407 1683 accipit,
434 1640 522 1672 unde
540 1641 744 1673 securitatem
764 1638 930 1681 sperabat,
955 1648 1024 1680 quae
1046 1637 1086 1670 de

152 1691 248 1726 vobis
258 1692 318 1724 erit
329 1690 363 1723 in
374 1690 564 1723 cunctorum
589 1700 646 1723 ore
665 1690 834 1722 narratio?
858 1688 943 1732 Qae
961 1685 1093 1721 retribu-

147 1742 254 1776 tionis
265 1738 417 1773 hactenus
437 1739 589 1771 inaudita:
610 1738 840 1770 rememoratio
851 1737 868 1766 ,ἒ
893 1734 1036 1768 Parentis
1048 1745 1093 1767 er-

143 1801 220 1835 go,
245 1787 398 1830 fiplacet,
423 1786 515 1819 fama:
527 1785 655 1822 vestrae,
681 1785 820 1827 parcatis
844 1783 879 1816 δε
901 1782 1033 1827 gloriae:
1060 1782 1093 1815 ὅ(

146 1837 338 1872 humilitate
349 1835 534 1868 Dominum
547 1857 560 1874 ,
583 1833 752 1876 filiumque
774 1832 913 1866 vestrum
934 1831 1093 1866 charitate

146 1889 280 1933 lvincere
299 1884 451 1918 studeatis
469 1909 476 1916 .
513 1883 569 1918 nd
592 1883 683 1927 quod
706 1882 729 1915 fi
754 1883 859 1917 nostra
883 1893 941 1916 vos
965 1880 1091 1916 monita

146 1945 477 1979 moverenequeunt‚
499 1933 594 1968 debet
608 1932 720 1968 saltem
740 1933 864 1967 Summi
884 1932 1057 1966 pontificis
1082 1956 1092 1972 ,

146 1988 330 2030 danstaeque
347 1984 494 2018 Ecclefiae
508 1984 666 2018 Romanae
676 1983 808 2017 dileetio
829 1984 863 2016 ἀ
883 1981 1022 2016 fidelitas
1046 1982 1092 2014 in-

144 2039 272 2073 clinare
283 2061 290 2068 .
317 2034 425 2069 Vobis
436 2034 525 2068 enim
538 2032 660 2067 suaderi
680 2032 773 2067 debet
785 2032 803 2066 e
826 2031 934 2072 facili,
959 2043 1002 2064 ne
1014 2030 1092 2073 quid

146 2097 314 2122 attentare
325 2084 431 2119 velitis
441 2107 453 2124 ,
469 2084 558 2128 quod
572 2083 732 2118 laboranti
744 2081 865 2125 jamdiu
878 2080 979 2115 Matri
990 2081 1095 2114 vestrae

143 2138 282 2172 labores
294 2139 412 2181 augeat
429 2158 442 2175 ,
454 2134 564 2179 quove
580 2134 757 2168 multorum
769 2131 1025 2166 inobedientiam
1043 2130 1093 2163 de·

138 2186 296 2234 ›gloranti
316 2186 354 2220 in
373 2195 487 2220 eorum
501 2207 512 2224 ,
535 2185 591 2227 qui
605 2182 787 2222 obediunt,
814 2181 982 2216 amiffione
1000 2180 1094 2214 dolor

146 2237 309 2271 accrescat
319 2260 327 2268 .
356 2234 447 2280 Qid
459 2234 547 2273 enim
557 2234 579 2266 si
593 2232 689 2267 vestra
703 2257 714 2272 ‚
741 2230 829 2275 quod
841 2229 918 2266 abfit
932 2255 943 2271 ,
968 2240 1093 2279 exacer-

147 2285 286 2320 batione
307 2284 340 2318 &
362 2293 458 2326 opera
480 2283 647 2318 Dominus
665 2282 791 2323 noster,
817 2292 914 2326 quem
936 2281 1092 2325 largiente

152 2335 307 2372 Domino
319 2328 437 2376 populi
449 2334 623 2375 sequuntur
635 2333 670 2366 ὅ(
681 2331 795 2376 Regna
806 2353 817 2370 ,
843 2331 861 2364 a
875 2331 1027 2364 Domino
1037 2330 1091 2364 Pa-

148 2397 192 2430 pa
201 2383 358 2419 recesserit
369 2406 380 2422 ,
399 2382 568 2426 ipsumque
579 2382 633 2414 sibi
646 2381 783 2415 fortassis
794 2380 961 2415 adversum
976 2391 1034 2414 vos
1047 2381 1090 2413 so-

147 2435 229 2470 latia
239 2432 455 2477 denegantem
469 2432 557 2475 sequi
569 2429 610 2465 de
620 2436 726 2473 cetero
735 2430 961 2465 declinaverit:
983 2431 1091 2474 Ipsum

143 2494 292 2528 namque
302 2484 337 2516 in
347 2480 412 2516 hoc
422 2492 490 2525 quae
499 2481 752 2525 supplicationes
763 2503 774 2520 ,
798 2491 868 2525 quae
881 2481 968 2515 dona
978 2505 989 2522 ‚
1011 2489 1092 2523 quot

146 2535 313 2579 quantave
327 2532 476 2575 promissa
488 2532 694 2565 sollicitant?
707 2530 746 2564 In
759 2542 845 2575 petra
861 2541 970 2564 tamen
983 2531 1093 2563 firmus

147 2584 216 2620 huc
231 2584 330 2626 usque
342 2581 479 2624 perstitit
490 2602 502 2620 ‚
526 2580 559 2614 δε
572 2591 680 2614 totum
702 2580 792 2624 quod
815 2581 957 2615 mundus
981 2581 1094 2614 offerre

146 2633 255 2681 potest
268 2656 280 2673 ,
305 2632 407 2665 vietor
417 2628 479 2665 alta
494 2632 601 2663 rne‘nte
611 2630 766 2663 calcavit.
795 2630 916 2664 Unum
939 2630 1035 2665 nobis
1058 2630 1092 2664 ti·

147 2683 239 2721 mori
248 2681 295 2718 est
306 2706 319 2723 ,
343 2691 380 2716 ut
392 2690 490 2722 quem
503 2678 617 2714 oblatae
628 2679 747 2713 divitiae
757 2704 767 2720 ,
793 2680 827 2714 &
837 2690 945 2715 totum
957 2679 1046 2724 quod
1059 2681 1093 2713 in

152 2729 445 2776 hominumgloria
458 2730 633 2773 pretiosum
645 2729 691 2763 est
703 2754 712 2769 ,
734 2729 856 2764 flectere
867 2731 1093 2773 nequiverunt,

149 2782 254 2820 animi
266 2782 313 2816 sui
326 2782 428 2815 valeat
442 2780 631 2824 indignatio
642 2779 708 2814 sola
728 2779 907 2814 subvertere
921 2804 928 2812 .
953 2780 1056 2827 Qod
1068 2779 1091 2812 fi

150 2844 207 2877 per
219 2843 274 2866 vos
281 2829 432 2866 acciderit
444 2853 455 2869 ,
482 2831 516 2864 in
529 2830 686 2864 Threnos
697 2839 785 2863 totus
798 2829 843 2863 ire
854 2829 1001 2873 poteritis
1019 2854 1031 2870 ,
1057 2831 1092 2864 ἀ

151 2882 393 2926 lachrymarum
403 2881 531 2929 fontem
544 2879 645 2914 oculis
657 2880 766 2913 vestris
792 2879 833 2914 de
845 2890 952 2922 cetero
975 2891 1092 2924 negare

154 2932 244 2967 nulla
253 2931 383 2975 quidem
395 2931 519 2965 ratione
533 2930 676 2973 poteritis
686 2955 693 2962 .
723 2930 896 2964 Revocetis
911 2930 1019 2974 itaque
1032 2955 1043 2970 ‚
1070 2931 1090 2964 fi

155 2982 262 3026 placet
273 2979 462 3015 sublimitati
475 2980 613 3022 vestrae,
628 2980 798 3014 confilium
813 3004 824 3020 ‚
850 2979 1001 3014 Domino
1023 2980 1088 3024 qui-

154 3031 232 3066 dem
243 3031 363 3072 Papae,
387 3030 563 3074 sanctaeque
573 3030 730 3065 Romana:
744 3030 888 3064 Ecclesia:
898 3055 909 3071 ,
926 3030 1089 3074 vobisque,

148 3080 177 3115 si
189 3080 297 3124 placet
308 3076 468 3114 advertere
477 3105 489 3121 ‚
515 3080 623 3115 modis
636 3079 791 3114 omnibus
801 3104 812 3121 ‚
837 3080 859 3113 fi
873 3082 1051 3123 processerit
1079 3106 1090 3122 ‚

150 3130 347 3170 obfuturum
360 3151 368 3160 .
396 3127 457 3162 Sed
467 3130 522 3171 qui
534 3141 631 3173 penes
644 3142 700 3164 vos
712 3129 774 3164 alta
787 3131 912 3174 sapiunt
924 3154 937 3171 ,
962 3142 1019 3165 vos
1030 3130 1088 3165 hac

152 3179 236 3215 forte
246 3178 296 3214 via
310 3177 459 3222 progredi
470 3187 538 3214 non
549 3181 756 3223 permittunt.
786 3181 970 3215 Hortantur
996 3192 1089 3224 expe-

154 3230 210 3265 riri
220 3230 292 3273 quis
303 3229 387 3268 fitis,
415 3228 447 3260 in
460 3227 643 3263 Dominum
656 3230 803 3275 Regem,
830 3231 863 3264 ὅ(
886 3230 998 3265 ornnia
1022 3242 1089 3271 quae

152 3277 327 3319 sua-sunt,
353 3277 543 3321 potestatem
564 3288 707 3314 exercere
730 3291 793 3324 qua
815 3281 968 3324 praeestis.
1006 3281 1089 3326 Quae

152 3328 310 3365 nimirum
323 3328 461 3370 potestas
482 3328 628 3370 peccanti
649 3329 791 3364 timenda
817 3331 861 3364 est
874 3355 884 3371 ‚
910 3330 1088 3364 satisfacere

154 3378 282 3414 nolenti
303 3377 506 3412 fbrmidanda
527 3389 534 3408 :
571 3377 755 3413 Dominum
779 3379 853 3414 vero*
871 3380 998 3424 Regem
1021 3391 1086 3414 non

151 3429 285 3475 quidem
298 3438 365 3461 non
377 3429 515 3469 peccaffe
526 3426 667 3461 dicimus
680 3452 696 3472 ‚
721 3429 773 3465 sed
795 3431 917 3475 semper
938 3430 1090 3465 Domino

253 3470 359 3518 cbriif.
374 3480 450 3521 Lupi
459 3480 555 3520 opera
567 3480 645 3510 rom.
653 3479 693 3511 Χ.

451 103 834 163 THOMAE
902 102 1838 164 CANT‘UARIENsts.

1152 198 1297 234 paratum
1318 190 1496 224 satisfacere
1515 192 1719 228 confidenter
1739 199 1879 236 dicimus
1897 200 1932 236 &
1948 200 2092 245 praedicg.

1153 251 1244 274 mus.
1273 239 1375 274 Rexa
1389 240 1539 274 Domino
1552 243 1752 279 constitutus
1774 252 1843 290 paci
1866 250 2014 295 providet
2038 264 2093 295 per

1150 289 1262 324 omnia
1275 290 1477 325 subditorum
1490 315 1497 322 .
1513 290 1556 325 Et
1568 302 1604 325 ut
1617 290 1700 325 harre
1717 298 1880 335 conservet
1899 301 2047 336 Ecclefiis
2059 302 2103 335 δι’

1150 340 1326 374 commiffis
1336 340 1393 374 fibi
1407 340 1536 384 populis
1549 365 1559 380 ‚
1594 342 1771 387 dignitates
1793 345 1938 390 Regibus
1959 352 2093 385 antese

1149 390 1316 424 debitas&
1335 389 1495 425 exhibitas
1516 391 1570 424 sibi
1585 393 1654 425 vult
1676 403 1714 426 ac
1735 394 1838 438 exigit
1861 398 2019 434 exhiberi.
2052 402 2093 434 ln

1149 451 1215 483 quo
1226 440 1246 472 si
1259 441 1345 474 inter
1355 441 1458 483 ipsum
1472 443 1503 474 ὅ(
1517 453 1573 474 vos
1583 442 1689 484 aliqua
1701 442 1747 477 est
1759 443 1876 478 oborta
1900 451 2071 484 contentio
2081 472 2093 488 ‚

1148 489 1313 524 &Summo
1326 492 1415 533 super
1440 490 1506 525 hoc
1516 491 1818 536 Pontificepaterna
1842 496 1946 540 gratia
1968 507 2021 538 per
2042 509 2094 531 ve·

1149 540 1304 574 nerabiles
1315 542 1436 575 Fratres
1445 541 1572 574 nostros
1590 540 1860 578 Londoniensem
1883 546 1918 579 dc
1940 544 2091 579 Herefor-

1147 588 1278 623 densern
1293 591 1472 635 Episcopus
1492 601 1673 625 conventus
1692 593 1727 626 δε
1750 596 1996 635 commonitus,
2025 606 2093 629 non

1149 640 1184 673 in
1194 641 1313 673 coelum
1326 652 1365 674 os
1377 640 1467 675 suum
1481 641 1607 685 posuit,
1635 642 1689 675 sed
1701 643 1742 677 de
1762 644 1916 678 omnibus
1929 669 1940 685 ‚
1970 647 2004 679 in
2027 647 2096 688 qui-

1151 690 1208 724 bus
1222 693 1269 723 vel
1290 690 1455 730 Ecclesia,
1482 688 1538 725 vel'
1555 691 1774 727 Ecclefiastica
1796 705 2093 739 quaecumqueper—

1151 741 1227 773 sona
1239 736 1270 773 se
1282 751 1446 784 gravatam
1460 740 1665 781 ostenderet,
1693 744 1802 777 senon
1828 744 1976 779 alienum
2003 756 2096 788 quae-

1150 801 1216 823 rere
1228 813 1240 828 ‚
1267 791 1319 823 sed
1331 791 1480 824 Ecclesiae
1494 791 1602 836 Regni
1614 791 1661 826 sui
1674 792 1852 836 pariturum
1863 793 1987 836 judicio
2002 819 2013 836 ,
2027 793 2094 828 hu-

1150 839 1315 873 militer&
1327 840 1491 875 mansuete
1509 842 1694 886 respondit.
1721 843 1824 889 Qod
1846 845 1979 885 quidem
2000 845 2034 878 ἀ
2046 845 2093 878 fa-

1151 890 1209 924 stis
1219 891 1353 933 implere
1364 902 1490 934 paratus
1502 892 1545 925 est
1560 917 1566 924 .
1583 892 1625 926 Et
1636 888 1732 926 dulce
1743 902 1870 936 reputat
1881 894 2092 938 obsequium,

1151 951 1187 973 ut
1198 942 1362 984 corrigat,
1387 941 1409 974 fi
1425 941 1504 984 quid
1522 942 1665 976 offendat
1679 943 1714 976 in
1730 944 1842 978 Deum
1864 969 1873 977 .
1902 944 1975 979 Nec
1987 944 2096 978 solum

1153 990 1348 1031 satisfacere,
1377 991 1556 1032 sedetiam,
1583 993 1605 1025 fi
1626 993 1677 1035 jus
1700 993 1812 1038 exigat
1828 1019 1839 1035 ,
1864 994 1899 1028 in
1922 993 1987 1029 hoc
2009 994 2097 1028 satis-

1151 1041 1226 1075 dare
1237 1042 1441 1084 paratusest.
1469 1039 1804 1085 Igitur&latisfacere
1816 1044 2000 1084 volentem,
2035 1044 2097 1077 Ec-

1151 1090 1312 1133 clesiaeque
1325 1092 1355 1124 se
1367 1091 1489 1133 judicio
1501 1094 1533 1125 in
1549 1093 1600 1126 his
1612 1104 1683 1137 quae
1693 1094 1766 1129 sunt
1784 1093 1935 1128 Eccleliae
1946 1118 1958 1135 ‚
1985 1094 2093 1128 necin

1152 1141 1283 1175 modico
1296 1139 1535 1175 subtrahentem
1558 1167 1568 1182 ,
1606 1143 1691 1178 colla
1709 1143 1831 1178 Christi
1855 1144 1935 1189 jugo
1962 1142 2100 1179 subden-

1151 1200 1237 1230 tem,
1265 1191 1430 1234 qnojure,
1459 1202 1521 1234 qua
1534 1194 1626 1236 lege,
1650 1193 1759 1237 quove
1771 1206 1899 1228 canone
1921 1203 1977 1227 aut
2002 1195 2098 1227 inter-

1150 1239 1237 1273 disto
1249 1240 1447 1284 gravabitis,
1474 1253 1527 1273 aut
1542 1243 1641 1274 securi
1664 1267 1674 1282 ,
1702 1244 1791 1285 quod
1814 1244 1895 1276 abfit
1910 1267 1920 1282 ‚
1950 1244 2098 1286 Evange-

1151 1289 1211 1322 lica
1226 1290 1424 1332 praecidetis?
1454 1291 1533 1322 Non
1560 1292 1685 1332 impetu
1709 1292 1844 1334 quidem
1868 1293 1964 1331 ferri,
1990 1291 2100 1335 sedju-
2120 1302 2123 1308 ·

1150 1339 1238 1372 dicio
1249 1338 1420 1381 prudenter
1440 1341 1505 1383 regi
1527 1339 1691 1374 laudabile
1713 1342 1757 1375 est
1778 1365 1785 1373 .
1817 1340 1922 1375 Unde
1948 1341 2098 1376 nostrum

1150 1389 1300 1422 omnium
1322 1400 1387 1422 una
1410 1389 1454 1421 est
1475 1391 1508 1422 in
1523 1401 1701 1424 commune
1725 1391 1840 1434 petitio
1859 1416 1869 1431 ‚
1898 1404 1938 1426 ne
1961 1393 2097 1426 consilio

1151 1440 1303 1483 praecipiti
1317 1440 1452 1472 maflare
1467 1441 1605 1483 pergatis
1619 1441 1651 1474 ὃ(
1666 1440 1815 1483 perdere,
1843 1441 1896 1475 sed
1919 1442 2099 1475 cornmiffis

1145 1489 1288 1529 ovibus,
1314 1499 1349 1522 ut
1372 1490 1495 1529 viram,
1522 1501 1558 1522 ut
1581 1501 1691 1532 pacem
1706 1516 1715 1529 ,
1754 1502 1789 1525 ut
1812 1493 2017 1526 securitatem
2038 1490 2093 1525 ha-

1153 1539 1248 1572 beant
1261 1561 1272 1577 ,
1299 1549 1427 1580 paterna
1441 1538 1591 1572 studeatis
1601 1540 1703 1584 gratia
1718 1541 1886 1582 providere
1898 1565 1905 1572 .

1168 1612 1171 1613 γ
1204 1588 1322 1621 Movet
1335 1587 1592 1630 quidemomnes
1604 1601 1684 1628 nos,
1710 1588 1799 1633 quod
1823 1592 1857 1624 in
1886 1592 2015 1625 fratrem
2042 1603 2099 1626 no-

1154 1637 1275 1676 strum,
1312 1637 1500 1671 Dominum
1523 1639 1793 1672 Saresberiensem
1818 1641 2040 1685 Episcopum,
2065 1642 2099 1675 &

1155 1688 1328 1721 Decanum
1339 1686 1478 1727 ejusdem
1491 1709 1502 1724 ,
1531 1687 1716 1728 praepostere
1735 1711 1747 1726 ,
1776 1698 1813 1721 ut
1833 1690 1968 1731 quidam
1989 1691 2103 1724 existi-

1154 1745 1265 1774 mant,
1294 1744 1396 1775 nuper
1408 1735 1512 1767 actum
1524 1735 1727 1769 audivimus:
1758 1735 1796 1769 ln
1819 1749 1902 1779 quos
1930 1740 2104 1782 suspenlio·

1157 1784 1206 1816 nis
1217 1793 1272 1817 aut
1293 1782 1517 1817 damnationis
1538 1795 1668 1827 poenam
1692 1794 1770 1820 ante
1795 1797 1921 1822 motam
1942 1789 1983 1823 de
2005 1790 2102 1834 culpa

1155 1834 1425 1883 controversiam,
1452 1833 1592 1869 calorem
1609 1859 1620 1875 ,
1648 1845 1684 1868 ut
1707 1834 1853 1878 videtur,
1878 1838 2053 1874 iracundiae
2081 1865 2093 1880 ‚

1159 1881 1326 1926 plusquam
1339 1882 1469 1926 justitiae
1480 1886 1603 1918 secutus
1617 1885 1778 1919 tramitem
1792 1910 1802 1926 ‚
1822 1887 1993 1922 intorsistis
2006 1915 2013 1921 .
2040 1892 2101 1924 Or-

1155 1932 1408 1977 dojudiciorum
1428 1945 1532 1968 novus
1555 1935 1609 1968 hic
1634 1935 1680 1969 est
1694 1960 1705 1976 ,
1733 1934 1913 1981 huc-usque
1926 1937 2049 1982 legibus
2065 1927 2101 1972 δέ

1156 1981 1372 2024 Canonibus,
1398 1985 1667 2027 ursperabamus,
1694 1986 1906 2030 incognitus.-
1931 1989 2099 2023 Damnare

1157 2042 1296 2076 primum
1309 2057 1320 2072 ,
1347 2033 1379 2065 ὃ(
1391 2031 1431 2068 de
1443 2035 1537 2076 culpa
1551 2033 1712 2077 postremo
1734 2037 1932 2080 cognoscere
1952 2063 1959 2069 .
1985 2040 2099 2085 Qem

1157 2093 1198 2116 ne
1212 2083 1247 2115 in
1259 2083 1444 2116 Dominum
1459 2086 1604 2118 nostrum
1622 2085 1749 2129 Regem
1761 2086 1794 2119 ὅ(
1820 2085 1976 2131 Regnum
1998 2089 2064 2130 ejus
2089 2113 2100 2129 ,

1158 2142 1197 2165 ne
1210 2132 1243 2165 in
1258 2143 1318 2166 nos
1329 2134 1361 2166 δε
1371 2133 1552 2168 commissas
1567 2134 1660 2168 nobis
1674 2135 1831 2169 Ecclefias
1842 2138 1876 2170 ὅ(
1899 2135 2074 2172 parochias
2088 2162 2099 2178 ,

1157 2182 1190 2215 in
1205 2182 1345 2215 Domini
1361 2181 1452 2226 Papae
1462 2184 1618 2218 damnum
1635 2210 1645 2225 ,
1673 2186 1845 2230 sanslaeque
1864 2186 2023 2222 Romanae
2038 2188 2102 2222 Ec-

1155 2231 1255 2264 clefiae
1280 2232 1417 2265 dedecus
1439 2233 1472 2265 ὃς
1493 2234 1726 2268 detrimentum
1746 2260 1757 2275 ,
1783 2238 1963 2280 nostraeque
1984 2239 2102 2272 consu·

1144 2281 1252 2315 -fionis
1263 2291 1474 2326 augmentum
1489 2293 1557 2316 non
1570 2282 1759 2326 modicum,
1796 2298 1944 2323 exercere
1967 2289 2098 2323 tentetis

1154 2332 1391 2373 &extendere,
1416 2330 1595 2366 remedium
1614 2332 1708 2368 vobis
1730 2337 1962 2378 appellationis
1988 2350 2097 2382 oppo-

1155 2382 1284 2414 nimus.
1312 2382 1355 2415 Et
1378 2381 1436 2426 qui
1457 2392 1573 2417 contra
1585 2388 1943 2429 metumgravaminum
1956 2389 1990 2421 in
2014 2389 2097 2421 facie

1156 2431 1301 2465 Ecclefiae
1312 2432 1383 2466 viva
1394 2433 1586 2476 jamdudum
1600 2444 1680 2467 voce
1696 2434 1737 2467 ad
1763 2435 1948 2470 Dominum
1970 2437 2092 2479 Papam

1154 2481 1386 2525 appellavimus
1408 2507 1419 2523 ,
1449 2482 1566 2518 iterato
1587 2483 1652 2526 jam
1675 2494 1763 2518 nunc
1785 2483 1824 2517 ad
1848 2486 1950 2528 ipsum
1975 2488 2095 2528 scripto

1153 2533 1254 2566 etiam
1268 2532 1492 2577 appellamus,
1517 2533 1552 2566 δε
1575 2532 1788 2575 appellationi
1809 2537 1985 2570 terminum
2008 2536 2096 2572 diem

1155 2580 1386 2617 Adscenlionis
1410 2581 1596 2615 Dominicae
1616 2580 1842 2627 designamus,
1869 2594 1998 2628 vquanta
2021 2587 2092 2629 qui-

1153 2631 1228 2666 dem
1239 2635 1403 2675 postumus
1413 2631 1592 2665 devotione
1611 2632 1830 2675 supplicantes
1843 2658 1853 2674 ‚
1881 2644 1916 2668 ut
1940 2636 2026 2669 inito
2051 2637 2097 2670 sa-

1146 2681 1288 2716 lubriori
1301 2680 1437 2716 consilio
1450 2681 1559 2714 vestris
1571 2692 1609 2715 ac
1622 2683 1738 2725 nostris
1750 2683 1913 2719 laboribus
1933 2709 1944 2725 ‚
1973 2695 2095 2729 expen-

1153 2731 1254 2775 sisque
1279 2730 1436 2775 parcatis,
1458 2732 1649 2772 causamque
1671 2733 1805 2768 vestram
1832 2735 1865 2767 in
1890 2733 1974 2775 hoc,
2002 2746 2038 2769 ut
2049 2747 2097 2770 re·

1154 2781 1300 2815 medium
1315 2780 1431 2814 habere
1442 2790 1538 2825 queat
1553 2804 1564 2822 ‚
1575 2792 1698 2824 ponere
1706 2783 1874 2820 studeatis.
1902 2782 2020 2821 Valere
2034 2795 2092 2820 vos

1152 2842 1304 2876 optamus
1315 2830 1349 2865 in
1361 2830 1512 2866 Domino
1525 2854 1536 2873 ‚
1562 2829 1677 2867 Pater.

1947 3482 2048 3519 1391-
