2358 3776
565 149 1578 204 1³0·⁴ST'MARTYRL..UM.

1103 245 1114 935 l

322 244 359 279 C
408 242 440 278 Δ
490 241 518 277 Ρ
570 242 617 284 U,
651 240 708 275 »T
799 238 863 274 VI.

128 344 175 385 De
196 334 372 389 hostibus}
398 349 474 387 Rege
496 343 559 385 post
591 344 859 384 peregrinationem
886 336 974 381 suam
1005 340 1061 371 cito

147 420 151 424 ·
186 405 188 407 '
334 393 547 437 „triumphatis
579 398 636 432 per
658 391 838 427 Martyrem.

226 488 547 534 MNIBUSf‘ffoaque
572 491 606 524 in
633 498 722 524 tanta
743 486 928 523 humilitate
950 488 985 521 δε
1008 486 1063 520 de·

251 541 595 583 votione,confirinatis
607 564 617 580 ,
631 539 706 574 Rex
715 543 900 584 peregrinus
913 539 946 571 in
960 537 1063 572 crasti-

131 610 179 633 no
190 598 259 642 post
282 595 413 630 Minium
433 600 509 627 aute
526 589 688 632 'Martyris
709 590 906 633 sepulturam
928 588 1063 621 celebra·

132 655 201 683 tam
217 649 259 682 de
274 645 420 687 Martyre
432 665 442 680 ‚
470 641 641 675 maculatis
665 641 708 674 iic
719 639 853 683 pedibus
865 663 876 679 ,
903 649 938 672 ut
951 637 1063 671 humi-

132 699 204 733 liter
227 704 332 730 coram
352 691 502 733 'Martyre
526 698 674 730 venerat,
702 700 761 724 nec
782 689 879 723 etiam
904 688 1060 722 refocilla·

131 761 207 788 tus,
232 747 265 779 in
277 744 329 786 spe
338 743 444 778 multa
457 741 632 784 patrocinii
651 751 709 783 per
718 740 899 782 Martyrem
923 740 957 771 in
972 738 1062 772 brevi

131 795 232 833 futuri
251 792 388 827 reeessit.
416 792 488 824 Nec
507 791 624 825 fefellit
647 791 834 832 eumfpes.
865 786 1063 828 Enimvero,

128 844 222 892 qnod
235 836 328 876 ¹(lictu
345 842 466 879 >mirum
479 864 490 879 ,
517 841 550 875 δε
564 841 603 874 ad
616 840 775 882 Martyris
795 839 936 884 gloriam
959 837 1061 871 &Re-

127 897 183 942 gis
191 891 450 939 poenitentialem
460 889 672 925 devotionem
683 888 980 927 commendandam
995 899 1062 921 non

126 946 186 981 «st,
200 937 404 982 tacendum„
424 941 493 984 ipso
511 941 588 980 die,
615 943 693 974 ficut
717 941 810 974 novit
836 939 980 974 mundus
995 961 1006 978 ‚
1032 939 1072 974 δε,

130 997 210 1039 Rex
235 993 302 1037 ipse
323 990 415 1026 fateri
437 991 591 1035 dignatus
616 991 660 1024 est
680 1000 809 1032 ‚,·<‡quo,
837 1001 871 1024 ut
894 989 1066 1028 diximus,

132 1044 245 1081 audita
263 1051 338 1077 ante
357 1040 541 1084 Martyrem
560 1041 643 1075 &de
661 1039 808 1084 Martyre
835 1040 952 1079 Mina,
978 1038 1064 1072 Mar·

132 1102 208 1140 t‘yre
216 1093 315 1129 etiam
325 1090 578 1125 affeetuofiffime
591 1092 728 1125 salutato
746 1115 756 1130 ‚
783 1091 869 1133 quasi
886 1091 904 1124 ὲ,
916 1090 1065 1130 Mai-tyre

134 1143 277 1188 benigne
294 1142 480 1175 licentiatus
504 1141 628 1175 receffit
643 1165 655 1182 ,
682 1141 775 1183 ipso,
802 1140 960 1184 inquam,
984 1138 1065 1178 die,
1086 1178 1090 1190 ἴ

135 1196 193 1238 qui
206 1193 274 1229 dies
297 1189 542 1229 Sabbathitunc
560 1201 648 1230 erat,
674 1190 786 1224 eadem
803 1190 904 1224 etiam
921 1187 985 1225 diei
1009 1186 1065 1221 ho·

136 1257 193 1285 ra,
217 1253 279 1286 qua
291 1242 395 1275 Miffae
416 1239 621 1279 interfuerat,
651 1241 726 1274 Rex
750 1241 927 1274 Scotorum
952 1246 1065 1279 captus

130 1293 196 1334 est,
227 1293 311 1326 inter
336 1289 440 1333 Regis
461 1291 584 1323 multos
609 1290 644 1323 δ(
666 1299 804 1332 magnos
826 1288 980 1323 inimicos
1000 1289 1065 1328 ipse

133 1354 213 1378 tunc
237 1340 400 1378 maximus
422 1363 432 1380 ,
458 1350 513 1372 aut
534 1340 574 1372 de
591 1339 744 1373 maximis
771 1364 777 1371 .
806 1339 848 1372 Et
868 1339 886 1373 ὲ
906 1335 1064 1372 militibus

131 1391 348 1438 quibusdam,
375 1389 408 1424 δε
433 1390 543 1432 paucis
559 1413 569 1429 ,
597 1389 630 1423 δε
650 1390 765 1423 mediae
786 1399 900 1423 manus
923 1388 1064 1422 homini-

131 1443 197 1480 bus
210 1466 221 1482 ,
244 1441 301 1484 qui
318 1440 400 1473 inter
421 1449 540 1481 paucos
557 1439 642 1483 Regi
671 1439 824 1473 favebant
843 1438 951 1473 adhuc
970 1438 1065 1471 inter·

132 1499 268 1537 ceptus,
294 1491 327 1524 &
339 1490 504 1534 tamquam
524 1489 636 1533 gladio
653 1501 722 1524 nen
733 1491 876 1526 extraelo
888 1514 899 1530 ,
925 1499 986 1523 nec
1001 1487 1064 1530 vul·

137 1553 214 1580 nere
237 1541 332 1579 illato
351 1563 369 1580 ,A
388 1539 441 1573 sed
462 1539 540 1573 ficut
555 1540 620 1573 fine
642 1551 752 1584 pugna
772 1539 911 1584 &plaga
933 1547 1067 1581 captuS‚

135 1592 280 1639 quodam
302 1614 312 1631 ,
339 1590 418 1629 sicut
440 1590 625 1630 dicebatur,
652 1591 725 1624 casu
747 1589 884 1625 fortuito
903 1613 915 1629 ‚
941 1589 994 1622 sed
1014 1599 1066 1620 ne·-

136 1644 205 1677 scio
221 1652 288 1684 quo
302 1664 312 1677 ,
337 1638 378 1671 ab
398 1640 542 1672 exercitu
561 1641 619 1672 suo
640 1640 783 1682 grandi,
809 1649 906 1681 quern
929 1636 1066 1680 college·

134 1702 209 1730 rat,
236 1688 347 1731 parurn
367 1685 526 1726 diflexus,
553 1687 720 1722 Altissimo
747 1688 902 1730 quidem,
931 1688 963 1720 in
976 1687 1067 1728 cujus

137 1740 267 1776 ditione
278 1737 392 1778 cuneta
400 1736 476 1775 >sunt
487 1737 589 1775 polita
597 1758 608 1772 ,
637 1737 768 1772 volente
778 1747 852 1768 eum
863 1736 944 1768 tradi
956 1736 996 1766 fic
1007 1758 1014 1764 .

163 1809 165 1811 .
186 1785 336 1828 Sedquia
357 1793 412 1824 per
431 1782 556 1825 lingula
578 1781 649 1824 post
670 1782 774 1826 Regis
793 1791 859 1815 tarn
882 1781 1041 1815 humilem
1054 1804 1066 1820 ‚

129 1846 203 1874 um
221 1834 375 1870 devotam
395 1831 689 1874 peregrinationem
712 1831 825 1866 senfim
839 1832 871 1864 in
885 1831 977 1872 dies,
1005 1841 1065 1864 nec

133 1888 239 1930 longa
257 1893 346 1917 mora
364 1905 375 1921 ,
401 1881 434 1914 ὅ(
457 1881 633 1914 Cismarini
655 1881 926 1916 &Transmarini
950 1881 980 1916 ei
1003 1880 1064 1914 Re·

137 1934 283 1972 bellesin
294 1931 484 1966 retiaculum
499 1955 510 1973 ‚
534 1930 623 1975 quod
645 1931 702 1975 ipsi
715 1932 868 1967 Domino
891 1933 949 1966 suo
963 1940 1065 1965 teten-

133 1987 272 2022 derant,
297 1979 484 2016 ceciderunt
500 2007 508 2014 .
537 1980 698 2015 videntes
721 1991 830 2016 autem
850 1982 906 2015 alii
929 1991 997 2016 tam
1019 1982 1063 2014 su·

131 2035 209 2071 bito
218 2044 294 2068 cum
307 2032 398 2075 Rege
411 2031 551 2065 Domini
568 2041 701 2065 manum
712 2042 778 2065 tam
794 2032 950 2072 validam,
978 2030 1065 2064 silue-

133 2094 215 2122 runt
237 2082 373 2118 universi
390 2105 403 2123 ‚
429 2081 463 2115 ὅ(
480 2082 525 2120 ita
546 2082 636 2125 super
660 2082 779 2116 Mundi
803 2081 1007 2115 assertionem
1032 2080 1064 2114 δε

133 2138 250 2179 spem,
275 2132 356 2166 ficut
366 2141 406 2167 ex
421 2131 580 2174 insperato
603 2131 757 2166 &subito
781 2131 863 2164 siluit
886 2131 996 2164 omnis
1009 2140 1067 2163 ter·

132 2185 217 2223 rnjn
229 2183 403 2226 conspeetu
419 2180 487 2223 ejus
499 2204 510 2219 ‚
533 2182 695 2216 &fastum
717 2181 760 2214 est
774 2181 809 2214 in
822 2192 900 2225 pace
911 2182 1066 2225 Regnum

134 2235 228 2278 ejus,
255 2233 406 2268 Domino
419 2230 510 2272 super
522 2231 601 2264 iram
624 2232 834 2265 inimicorum
858 2230 987 2265 suorum
1001 2241 1066 2264 ma·

136 2293 220 2318 mum
239 2284 326 2315 suam
350 2281 390 2314 sic
410 2280 605 2314 extendente
624 2307 631 2314 .
661 2282 770 2327 Qem
797 2281 888 2325 super
914 2280 1066 2322 inimicos

138 2336 216 2369 suos
232 2331 406 2366 successum
428 2329 528 2363 talem
551 2353 562 2368 ‚
588 2331 622 2363 &
636 2342 745 2373 pacem
770 2341 914 2369 tantam,
940 2331 973 2364 ὅ(
999 2341 1064 2365 tam

137 2382 332 2428 persei-hm,
356 2378 397 2412 ed
409 2377 480 2420 plus
499 2374 723 2414 miraculosam
735 2403 746 2419 ‚
771 2381 838 2423 qud
860 2392 936 2415 tam·
948 2381 1046 2414 citam
1058 2403 1068 2418 ,

134 2430 288 2473 omnium
300 2428 341 2462 sic
364 2427 482 2463 animis
493 2428 674 2463 obfirmatis
692 2430 840 2464 adversus
853 2432 903 2470 se,
931 2430 1002 2464 Rex
1018 2440 1062 2464 to-

133 2490 204 2518 tam
223 2478 387 2522 adscripsit
408 2477 581 2519 Domino,
608 2480 799 2525 &glorioso
821 2480 1065 2525 MartyriTho¹

135 2543 221 2572 mat,
246 2529 300 2564 cui
312 2527 480 2563 certissime
506 2539 572 2563 erat
583 2529 813 2565 adscribenda.

321 2626 353 2661 C
403 2626 444 2661 A.
489 2627 516 2661 Ρ
569 2628 608 2666 U
660 2628 698 2663 T
797 2629 892 2665 Vll.

131 2726 297 2774 ,Desitmnlo
309 2730 434 2766 Martyrt
456 2726 551 2760 adhuc
562 2729 642 2761 exuli
663 2728 833 2771 prophetice*
842 2728 963 2772 ostensi,
988 2729 1072 2775 quasi

281 2777 445 2812 rebellionis
468 2776 556 2818 bajus
576 2779 610 2812 (5
624 2784 712 2821 pacis
739 2779 898 2822 prophecia
912 2805 919 2812 .

133 2870 137 2874 ⁸
242 2878 309 2913 OC
320 2877 397 2911 vero
408 2877 496 2920 quod
510 2877 652 2921 Martyri
665 2877 772 2912 adhuc
792 2878 881 2913 exuli
903 2881 995 2923 super
1009 2880 1066 2914 ista

266 2926 444 2962 rebellione
467 2951 478 2967 ,
517 2928 550 2962 ὅ(
572 2930 641 2971 post
665 2928 876 2963 rebellionem
898 2941 975 2973 pace
1001 2941 1067 2964 tam

137 2977 206 3010 cito
228 2977 346 3012 accidit
373 3000 386 3017 ‚
411 2976 645 3020 propheticum
664 2980 831 3023 quoddam
851 2981 1014 3015 somnium
1035 2982 1068 3015 ὅ(

137 3025 211 3060 vere
227 3026 463 3070 Propheticum
476 3028 713 3063 evidentiffime
736 3029 848 3073 probat
863 3054 874 3072 ,
899 3031 969 3074 ipso
989 3042 1066 3065 tunc

133 3075 388 3119 Martyreexule
402 3078 565 3111 somnium
578 3078 658 3112 illud
681 3091 737 3113 ore
750 3081 882 3123 proprio
909 3081 970 3115 suis
984 3081 1065 3115 indi-

136 3137 233 3161 cante
244 3124 305 3159 fic:
333 3124 537 3168 Adspiciebam
556 3134 590 3161 in
613 3128 720 3171 vtfione
742 3130 834 3163 noctis
846 3154 857 3170 ‚
883 3132 917 3164 (w
941 3142 1000 3164 ecce
1020 3143 1069 3175 ego

133 3175 224 3218 super
244 3184 370 3208 montem
395 3178 487 3211 valde
494 3177 651 3220 excelsum
674 3191 756 3213 eram
776 3182 809 3214 δ’
838 3183 981 3215 Dominus
1005 3185 1068 3214 Rex

138 3223 271 3267 deorsum
282 3231 314 3258 in
333 3224 449 3267 infimo.
477 3228 549 3260 Ecce
554 3226 652 3270 subito
675 3228 826 3273 universa
838 3231 912 3263 eoelt
933 3231 1067 3264 volucres

135 3273 284 3316 adversus
296 3278 401 3320 Regem
419 3286 636 3317 convenerunt,
662 3278 757 3322 ipsum
780 3282 925 3324 unguibus
945 3280 1009 3324 suis
1035 3283 1069 3315 Θ

134 3323 237 3365 postris
259 3322 393 3366 insubitb
416 3326 515 3358 &cita
535 3328 649 3369 alarum
663 3327 786 3371 sicarum
802 3355 813 3371 ‚
837 3329 920 3373 quast
939 3331 1068 3363 turbinis

135 3373 321 3411 vehementis
331 3395 341 3411 ,
353 3371 460 3416 spiritu
476 3381 651 3415 impetentes
663 3403 670 3410 .
685 3381 806 3423 Singula
815 3380 892 3413 mibi
907 3379 976 3424 visa
983 3390 1070 3413 erant

133 3423 287 3458 coalueram
294 3433 407 3465 genera
421 3447 432 3464 ‚
443 3427 578 3458 maxime
588 3437 654 3467 quae
664 3438 701 3461 ex
715 3438 800 3470 rapto
811 3436 923 3463 vivunt
938 3456 948 3470 ,
961 3434 1068 3474 Regem

132 3478 167 3511 in
172 3483 278 3520 genere
285 3470 340 3519 suo
350 3478 523 3514 impetentia
535 3499 541 3507 .
557 3478 654 3516 cujus
666 3469 845 3522 vestimentis
850 3489 907 3525 per
921 3481 1070 3516 volucrum

234 3522 338 3564 christ.
366 3526 444 3566 Lupi
454 3528 552 3568 Opera
581 3528 657 3560 Tom.
676 3529 715 3561 X.
1043 3528 1047 3532 *

1922 175 1978 220 53

1121 248 1230 282 ungues
1252 237 1286 270 Θ
1295 236 1405 277 nistra:
1416 239 1545 278 cittffime
1551 240 1769 280 panniculatim
1783 234 1953 279 dilaceratis
1964 272 1974 287 ‚
1989 248 2056 278 Rex

1122 300 1190 323 mox
1208 285 1452 329 solius·camifiae
1477 295 1558 322 tenui
1573 288 1720 331 schemate
1732 297 1788 323 vix
1811 303 1925 333 opertus
1939 320 1950 336 ‚
1978 295 2060 338 quast

1116 340 1186 379 jam
1197 339 1294 370 nudus
1321 338 1488 372 volucribus
1514 339 1656 381 expoſstus
1679 339 1735 381 est.
1764 344 1808 373 Et
1815 345 1884 382 jam
1896 355 2013 379 tantum
2024 352 2064 377 tn>

1123 389 1242 420 modum
1253 387 1379 421 turbinis
1391 388 1572 423 vehementis
1585 390 1751 422 volantium
1762 412 1772 429 ,
1798 392 1832 423 δ’
1843 393 1937 429 rostris
1961 398 1994 429 <¹5
2008 406 2065 431 un-.

1118 437 1227 481 guibus
1252 443 1460 479 impetentium⁴
1480 463 1490 478 ‚
1518 446 1660 480 impetum
1679 439 1819 483 sustinere
1845 453 1903 474 non
1925 445 2070 485 valens&

1123 488 1188 521 bine
1211 490 1282 522 inde
1304 490 1529 531 impellebatur.
1559 493 1603 523 Et
1614 489 1674 532 ipse
1694 489 1821 533 senfim‚
1847 493 1949 533 quoad
1957 494 2058 532 licuit,

1122 538 1342 582 regrediebatur
1356 564 1367 579 ,
1384 538 1610 573 &retrahebat
1627 539 1682 582 se,
1709 551 1741 573 ut
1765 547 1830 574 vim
1855 547 2003 583 impetus,
2028 543 2061 574 Θ

1117 588 1212 631 finon
1226 590 1388 622 declinaret
1412 592 1551 628 omnino,
1577 599 1751 623 extenuaret
1772 601 1888 625 tamen.
1916 594 1998 624 Erat
2011 602 2061 624 au-

1123 649 1182 672 tem
1194 640 1213 670 ᾱ
1225 648 1304 682 tergo
1315 642 1403 682 Regis
1418 651 1475 672 non
1484 638 1667 681 respicientis
1685 665 1695 679 ,
1707 652 1758 674 nec
1773 647 1853 675 enim
1863 641 2015 683 conclusus
2025 638 2061 681 fic

1123 687 1263 732 respicere
1282 695 1382 729 potuit
1395 714 1405 728 ,
1422 696 1614 726 ,teterrimum
1637 693 1787 732 quoddam
1803 698 2004 734 praect'pittum
2025 693 2060 724 (5

1121 738 1373 782 profundt‘ffimum
1399 742 1419 771 a
1443 743 1539 784 Rege,
1565 749 1664 781 utpote
1684 743 1703 772 ci
1717 749 1817 785 tergo,
1845 739 2038 783 improvisum
2053 765 2060 772 .

1123 793 1181 822 Cui
1195 800 1260 821 cum
1284 791 1354 829 jam
1377 791 1635 834 appropinquaffit
1650 793 1717 823 Rex
1732 790 1772 831 fic
1797 817 1807 832 ,
1832 791 1987 825 retrahens
2003 790 2062 834 se,

1118 842 1159 878 q&
1170 839 1251 882 quod
1258 846 1377 879 poterat
1399 847 1519 873 evitans
1531 846 1736 884 impetentium
1750 846 1815 874 vim
1827 854 1903 875 unus
1931 843 1968 874 de
1981 842 2063 874 Auli-

1118 895 1165 923 ἐὺ
1191 894 1281 932 Regis
1299 889 1542 930 familiartfflmis
1554 917 1564 931 ‚
1591 893 1629 925 de
1649 904 1705 934 quo
1716 901 1862 934 tanquam
1882 894 1919 924 de
1931 893 2023 924 altero
2031 889 2073 934 se*

1119 943 1191 972 *Rex
1202 936 1316 980 fidebat
1336 963 1347 977 ,
1372 948 1471 981 utpote
1484 953 1568 983 quem
1591 944 1624 975 (9
1635 941 1791 975 bonoribus
1804 944 2062 976 &divitiiri'nter

1127 994 1220 1033 Regni
1228 994 1342 1030 primos
1354 989 1557 1029 illustraverat
1570 1004 1576 1023 :
1607 996 1662 1024 Hic
1672 999 1795 1034 inquam
1810 1017 1819 1032 ,
1831 1003 1915 1026 corvo
1928 998 2041 1025 corvtor
2048 996 2080 1031 ,Ὀ

1127 1042 1160 1073 (9¹
1171 1037 1331 1081 plusquam
1346 1039 1526 1074 inhumanus
1538 1047 1571 1074 in
1583 1043 1733 1075 volucrum
1740 1043 1846 1083 acceffit
1857 1043 2038 1084 adjutorium
2047 1055 2069 1082 -‚·

1126 1088 1240 1130 camtfia
1266 1114 1276 1128 ,
1302 1100 1361 1131 qua
1382 1089 1444 1132 sola
1463 1090 1633 1133 supernudo
1657 1096 1724 1126 Rex
1747 1098 1804 1126 vix
1824 1093 1951 1126 nmlc'lur
1973 1101 2040 1125 erat
2052 1104 2073 1132 ,1

1128 1143 1236 1183 Regem
1244 1137 1372 1181 spoliare
1386 1141 1527 1177 violenter
1549 1150 1708 1184 acceptans
1720 1167 1730 1184 ‚
1757 1154 1821 1175 cum
1837 1144 1989 1176 volucrum
2009 1147 2063 1174 im-

1122 1198 1195 1231 petu
1222 1188 1284 1231 ipse
1301 1197 1417 1231 pariter
1441 1198 1526 1232 caepit
1540 1196 1644 1235 Regem
1665 1195 1774 1234 pellere
1786 1199 1817 1225 in
1838 1198 2067 1234 praecipitium.·

1127 1243 1205 1281 Rege
1216 1242 1288 1271 vero
1290 1241 1361 1277 jam
1374 1247 1485 1272 ruituro
1499 1265 1509 1279 ,
1535 1252 1678 1274 commota
1698 1242 1768 1283 sunt
1789 1248 1918 1283 pietatis
1941 1246 2078 1280 eximiaet

1127 1287 1240 1330 viscera
1253 1300 1318 1321 mea
1325 1287 1414 1329 saper
1427 1293 1523 1332 Rege.
1552 1295 1587 1322 ln
1602 1300 1698 1323 monte
1718 1290 1827 1333 excelso
1842 1290 1984 1333 sedebam
2005 1302 2063 1323 cer·

1127 1349 1200 1372 nens
1214 1337 1277 1371 haec
1287 1363 1295 1370 .
1323 1341 1369 1377 Et
1375 1340 1513 1380 'pristinae
1520 1343 1647 1383 gratiae,
1672 1341 1940 1382 &familiaritatis
1952 1351 2063 1374 mutuae

1126 1394 1203 1421 inter
1225 1392 1333 1431 Regem
1357 1391 1390 1423 (9
1402 1401 1448 1422 me
1468 1391 1592 1423 recolens
1606 1416 1616 1430 ,
1644 1391 1698 1433 etfi
1712 1392 1789 1424 mebi
1800 1394 1884 1425 modo
1902 1390 2061 1434 offensum,

1128 1450 1184 1478 non
1194 1445 1275 1479 potui
1287 1441 1407 1477 tantum
1432 1439 1541 1482 offensa
1554 1441 1608 1473 bac
1620 1440 1822 1484 miseratione]
1843 1454 1922 1475 meat
1936 1447 2063 1475 contine-

1116 1500 1158 1522 2re
1168 1513 1179 1529 ‚
1206 1495 1277 1531 quin
1285 1491 1384 1530 potius
1388 1489 1459 1530 ficut
1471 1489 1569 1533 visum
1582 1493 1620 1526 de
1630 1495 1742 1525 Montis
1766 1494 1864 1525 medio
1886 1503 1950 1525 tam
1961 1490 2068 1533 excelfi

1126 1545 1258 1577 vertice,
1284 1550 1341 1580 quo
1355 1537 1518 1581 sedebam,
1545 1552 1611 1574 tam
1629 1547 1705 1574 citus
1729 1540 1885 1584 descendi,
1913 1543 2063 1583 tanqucim

1121 1589 1188 1629 stin
1201 1588 1258 1620 illu
1271 1590 1344 1620 oculi
1357 1601 1367 1620 :
1396 1590 1528 1622 Pericula
1532 1589 1571 1629 fic
1582 1593 1655 1630 jam
1668 1593 1841 1624 imminente
1854 1606 1866 1630 ‚·
1889 1593 1921 1624 (¹2¹
1932 1589 2070 1633 compos*

1121 1637 1199 1679 stone
1221 1637 1314 1669 multa
1327 1636 1494 1679 quafialat
1504 1638 1707 1672 *tribuentibus
1720 1640 1793 1672 mebi
1803 1655 1826 1680 ,*
1843 1642 1877 1674 &
1891 1647 1923 1672 in
1935 1642 2062 1673 velocem

1127 1698 1172 1719 me
1178 1685 1344 1728 succursum
1362 1687 1587 1724 Ampellentibus
1598 1709 1609 1725 ‚
1630 1687 1671 1727 fic
1692 1689 1776 1728 qudi
1789 1693 1821 1719 in
1832 1700 1977 1723 momento
1989 1693 2063 1733 Regl

1126 1734 1250 1773 adstiti,
1270 1735 1384 1771 &more
1399 1732 1524 1773 framea
1544 1734 1632 1778 longa
1655 1737 1689 1768 Θ
1704 1738 1862 1776 acuttffima
1875 1763 1884 1777 ,
1914 1738 2004 1781 nescio
2017 1752 2065 1774 tn-

1126 1793 1192 1815 men
1205 1793 1259 1823 quo
1269 1779 1337 1824 casu
1347 1806 1357 1822 ,
1385 1787 1417 1815 in
1428 1793 1518 1815 manu
1529 1796 1595 1818 mea
1609 1785 1720 1826 refulfit
1731 1811 1745 1825 ,,
1770 1799 1829 1829 qua
1852 1787 1955 1831 subite}
1971 1791 2005 1824 (π
2017 1801 2066 1823 ve-

1125 1835 1169 1866 lut
1181 1833 1382 1865 momentanee
1395 1831 1469 1865 mibi
1490 1833 1570 1876 visus
1576 1833 1646 1877 sum
1673 1837 1830 1878 universas
1852 1839 1923 1872 illas
1938 1842 2000 1873 coeli
2012 1852 2064 1873 vo-

1125 1885 1218 1916 lucres
1234 1883 1389 1923 diffipatar
1404 1881 1559 1927 dispersisse
1570 1909 1580 1924 ,
1609 1887 1643 1919 (Ὗ
1655 1885 1795 1928 diffi'passe.
1816 1887 1968 1932 dispersas·
1980 1915 1987 1922 .
2015 1894 2062 1923 Et

1127 1937 1235 1977 Regem
1256 1932 1413 1970 liberatum
1427 1932 1467 1973 fic
1488 1938 1621 1968 continuo
1632 1935 1789 1979 tnfignibus
1807 1936 1874 1979 fuir
1888 1942 1991 1982 Regiis
2000 1943 2071 1983 glor

1126 1985 1204 2017 riose*
1231 1985 1265 2017 &
1285 1984 1475 2024 decenttffime‘
1499 1987 1584 2017 indui
1604 2010 1614 2026 ‚
1642 1987 1727 2018 illum
1751 1988 1880 2022 Aulicum
1901 1989 2061 2033 objurgant

1126 2034 1290 2074 acerrime,
1313 2039 1365 2075 qui
1391 2040 1424 2068 in
1445 2034 1594 2068 volucrum
1614 2037 1798 2076 adjutorium
1814 2037 2061 2080 fictranfierat?

1129 2084 1254 2115 Addens
1268 2107 1277 2123 ,
1304 2086 1414 2126 Regem
1429 2083 1468 2115 ab
1479 2083 1542 2126 ipso
1554 2096 1612 2118 non
1633 2088 1762 2128 meruisse
1775 2087 1843 2120 boe.
1871 2089 1915 2122 Et
1926 2090 2058 2132 quidem

1127 2132 1230 2166 relato
1253 2134 1380 2166 somnio
1407 2133 1471 2169 hoc
1483 2135 1651 2169 Dominus
1672 2135 1795 2170 Archi·
1811 2138 1991 2182 Episcopus
2016 2140 2060 2173 lo-

1127 2192 1230 2225 quens
1240 2182 1346 2215 adhuc
1360 2182 1509 2217 brevibus
1522 2208 1532 2224 ‚
1545 2186 1631 2227 quali
1646 2187 1809 2222 somnium
1824 2190 2036 2232 interpretans
2050 2215 2060 2230 ,

1127 2231 1244 2274 adjecit
1271 2233 1300 2264 se
1311 2231 1345 2264 in
1359 2234 1446 2266 arcto
1458 2234 1571 2277 aliquo
1585 2235 1670 2280 Regi
1684 2236 1916 2273 subventurum
1932 2238 2038 2274 adhuc
2051 2250 2069 2281 ,·

1127 2293 1164 2316 ac
1176 2282 1241 2325 ipsa
1254 2283 1524 2325 interpretatione
1538 2294 1604 2319 tam
1619 2285 1706 2320 brevi
1721 2289 1887 2322 somnium
1900 2290 1972 2324 vere
1987 2290 2061 2324 Pro-

1128 2330 1294 2376 pheticum
1307 2331 1477 2367 indicans.
1507 2333 1580 2368 Rex
1593 2336 1694 2370 etiam
1707 2337 1792 2381 ipse,
1817 2339 1893 2373 curn
1908 2341 2060 2374 visionem

1127 2380 1213 2418 hanc
1226 2382 1384 2425 audiiset,
1410 2384 1504 2422 finita
1519 2408 1530 2425 ,
1558 2397 1592 2419 ut
1606 2386 1752 2422 diximus
1764 2413 1775 2428 ‚
1800 2389 2000 2430 rebellione,
2027 2392 2060 2423 ὃς

1128 2443 1206 2476 pace
1228 2431 1362 2476 desuper
1387 2433 1462 2467 data
1476 2458 1487 2474 ,
1514 2446 1593 2468 mox
1608 2436 1834 2480 interpretatus
1847 2440 1911 2477 est,
1938 2441 2059 2474 scilicet

1127 2494 1164 2517 ea
1186 2481 1367 2524 rebellione
1383 2509 1395 2526 ‚
1420 2485 1456 2518 &
1476 2484 1616 2529 ejusdem
1647 2487 1926 2523 rebellionistam
1949 2490 2036 2523 felici
2051 2515 2060 2528 ,

1128 2543 1258 2576 tamque
1282 2534 1452 2578 glorioso,
1476 2535 1510 2569 &
1535 2536 1696 2578 pacifico,
1724 2537 1843 2570 &vere
1859 2540 2062 2573 ‘miraculoso

1127 2584 1217 2618 exitu
1231 2582 1327 2627 hujus
1340 2584 1474 2618 visionis
1487 2587 1654 2618 veritatem
1673 2585 1908 2622 evidentissime
1921 2590 2063 2632 comple-

1128 2644 1193 2668 tam
1206 2633 1287 2667 effe.
1317 2634 1360 2667 Et
1383 2635 1427 2668 ita
1446 2635 1519 2668 Rex
1542 2634 1607 2676 ipse
1631 2635 1707 2670 facti
1729 2638 1894 2672 veritatem
1907 2639 2062 2680 edocuit,

1126 2683 1159 2718 δε
1179 2683 1362 2728 praedicavit
1389 2683 1608 2719 Miraculum.

1305 2783 1336 2817 C
1387 2782 1419 2817 A
1469 2784 1497 2818 P
1550 2785 1590 2820 U
1640 2786 1677 2820 T
1763 2788 1796 2822 V
1810 2790 1822 2822 l
1838 2789 1887 2824 11.

1128 2837 1175 2868 De
1197 2842 1288 2868 morte
1312 2837 1432 2867 Henrict
1453 2839 1543 2880 Regis
1558 2839 1708 2878 junioris,
1735 2838 1979 2884 Archi-Episcopo
1997 2839 2064 2883 pos}

1437 2885 1544 2929 ostensa
1562 2896 1618 2929 per
1638 2886 1752 2930 visum.

1130 2931 1252 3016 DE
1276 2944 1380 2968 morte
1400 2935 1478 2968 vero
1498 2938 1586 2980 pueri
1615 2938 1752 2972 Henrici
1777 2940 1880 2985 Regis
1901 2941 2059 2984 junioris,

1248 2983 1491 3020 Archi-Praesuli
1515 2988 1584 3032 1³>st
1603 2988 1729 3024 ostensa
1750 2990 1979 3033 spiritualiter,
2007 2991 2060 3025 hic

1127 3045 1233 3067 tacere
1255 3045 1321 3067 non
1335 3036 1519 3077 possumus.
1547 3037 1635 3072 Cum
1660 3040 1737 3072 esset
1758 3038 2060 3085 Archi-Episcopus

1128 3083 1235 3119 adhuc
1258 3084 1291 3118 in
1319 3085 1430 3121 Gallia
1453 3088 1593 3121 Senonis
1627 3090 1760 3122 civitate
1789 3093 2060 3135 peregrinationis

1128 3134 1187 3167 suae
1201 3158 1211 3173 ‚
1237 3144 1302 3169 una
1318 3136 1462 3170 nostium
1477 3139 1545 3179 post
1557 3135 1765 3173 decantatum
1782 3142 1978 3175 nosturnum
1993 3166 2002 3180 ‚
2023 3151 2059 3173 ut

1129 3185 1272 3226 pausaret
1286 3209 1296 3226 ,
1325 3185 1358 3218 in
1381 3187 1498 3220 lectum
1513 3188 1604 3222 suum
1623 3189 1654 3222 se
1665 3191 1802 3232 recepit*
1822 3191 1965 3230 Verum,
1982 3191 2061 3223 ficut

1130 3235 1195 3276 ipse
1206 3234 1367 3269 confessus
1379 3237 1423 3269 est
1440 3260 1450 3276 ,
1476 3238 1560 3270 curis
1581 3238 1615 3272 ὃ(
1628 3240 1888 3283 cogitationibus
1916 3241 1946 3273 se
1958 3251 2037 3273 tunc
2051 3264 2062 3278 ‚

1129 3294 1162 3318 ut
1177 3285 1282 3318 solent
1295 3309 1306 3324 ‚
1320 3286 1670 3329 ingerentibus‚somno
1683 3288 1850 3333 indulgere
1862 3299 1927 3321 non
1942 3290 2061 3332 potuit.

1130 3334 1217 3367 lnter
1229 3335 1291 3367 alia
1306 3335 1381 3368 vero
1392 3335 1432 3369 de
1446 3336 1598 3377 Domino
1613 3339 1706 3382 Rege
1719 3339 1906 3381 Anglorum
1917 3362 1928 3379 ,
1941 3338 1982 3373 de
1994 3338 2064 3381 ejus

1131 3383 1362 3428 magnitudine
1385 3408 1396 3424 ,
1422 3385 1463 3420 de
1484 3387 1551 3428 ejus
1569 3388 1777 3430 prosperitate
1798 3388 1831 3420 in
1845 3388 1944 3427 filiis,
1972 3389 2002 3422 in
2019 3389 2063 3422 di-

1133 3434 1220 3467 vitiis
1234 3459 1244 3473 ‚
1272 3433 1390 3467 &latis
1403 3434 1632 3471 potentatibus
1642 3437 1805 3479 cogitatio
1825 3437 1929 3481 subjit
1946 3465 1952 3470 .
1977 3438 2061 3480 Supe

1083 3511 1088 3525 ,
1134 3482 1183 3518 his
1194 3482 1319 3520 diutius
1333 3485 1485 3529 cogitans
1498 3509 1509 3527 2
1531 3485 1563 3521 ἀ
1576 3486 1744 3530 praesertim
1755 3486 1796 3522 d‘e
1805 3486 1883 3523 filiis
1896 3512 1908 3531 ,
1929 3489 1963 3522 δι
1985 3488 2069 3522 inter

1630 3534 1659 3570 Ε
1707 3546 1732 3584 3
1933 3538 2021 3572 filios
