2358 3776
345 94 407 143 28

207 215 211 219 ,
273 190 370 214 coram
381 182 443 212 Deo
454 178 487 211 &
497 173 584 214 vestri
592 172 754 217 prasentia
765 196 775 214 ,
787 174 867 208 unde
873 182 995 218 gemens
1002 173 1103 216 fateor
1112 199 1122 216 ,
1135 174 1216 218 quod

273 230 332 264 bas
355 228 524 271 Anglicanae
536 222 670 265 Ecclefiae
693 223 836 263 molestias
846 235 913 257 mea
925 223 1105 267 miserabilis
1128 226 1214 267 culpa

271 278 428 324 suscitavit
441 299 448 306 .
478 272 600 317 Aftendi
610 281 643 307 in
653 275 740 307 ovile
752 273 862 314 Christi
873 297 884 314 ,
909 271 967 316 fid
986 286 1042 308 non
1049 282 1106 316 per
1118 274 1214 319 ipsum

1103 85 1461 139 VITA

1276 173 1363 208 dehes
1380 198 1390 215 ,
1414 180 1584 216 pauperum
1593 171 1772 216 consolator,
1797 181 1849 205 nec
1857 172 1893 204 id
1901 173 1997 207 doceri
2005 180 2126 216 poteras
2140 196 2149 213 ,
2171 172 2215 205 mi

1271 223 1298 263 fi
1304 225 1417 258 docente
1429 225 1587 268 Religionis
1607 231 1722 262 matre,
1747 220 1814 264 ipsa
1830 229 2009 264 paupertate
2033 247 2044 264 ,
2073 228 2216 266 pauperi·

1276 275 1328 307 bus
1340 274 1449 312 Christi
1460 284 1489 308 te
1501 275 1642 307 duximus
1653 273 1928 307 commendandum.
1964 272 2039 308 H'uic
2049 297 2061 315 ,
2080 279 2224 316 inquam,—

274 330 394 370 0stium,
419 325 500 358 velut
519 336 605 367 quem
626 336 683 357 non
703 328 858 358 canonica
878 329 1001 358 vocavit
1020 324 1136 366 elellio,
1161 324 1217 368 sed
1279 323 1628 366 AbbatiPontiniaceth‘.
1656 324 1733 358 Erat
1743 322 1830 357 enim
1845 320 1891 356 ibi
1901 322 2084 365 praesensex
2103 322 2220 357 condi-

274 388 367 413 terror
373 375 501 418 publica·
514 374 671 414 Potestatis
682 373 798 414 intrusit
810 397 817 405 .
844 376 891 406 Et
901 375 968 407 licet
978 373 1029 407 hoc
1042 386 1112 409 onus
1121 373 1216 419 susce-

271 431 370 470 perim
379 431 496 459 invitus
524 450 535 466 ,
556 435 657 458 tamen
676 423 775 456 adhoc
796 435 843 457 me
865 425 991 457 induxit
1002 424 1156 466 bumana,
1181 427 1216 459 &

274 488 332 510 non
347 480 459 509 Divina
470 477 606 508 voluntas
621 499 626 506 .
656 476 746 517 ,Quid
766 479 856 518 igitur
868 480 978 507 mirum
988 498 999 514 ,
1017 473 1047 516 fi
1054 474 1127 510 mibi
1147 476 1215 516 cefflt

275 532 308 560 in
321 534 519 560 contrarium.
547 525 654 557 Verum
669 523 700 564 fi
714 525 758 557 ad
776 528 866 569 Regis
886 529 1157 566 comminationem,
1182 534 1216 559 ut

273 574 440 618 Coeptfiopi
451 583 508 608 mei
528 572 699 617 persuasere
717 573 874 615 instantius
886 598 897 614 ,
919 575 1125 619 renunciaffem
1143 578 1217 618 Epi-

271 626 399 670 scopulis
410 624 606 657 authoritatis
620 624 694 657 mibi
704 627 821 658 indulto
833 624 999 669 Privilegio
1007 649 1017 665 ,
1048 627 1092 659 ad
1104 629 1215 659 Princi-

271 684 342 718 pum
351 683 456 709 votum
465 677 500 710 <5
509 676 693 708 voluntatem
706 675 870 708 Catholicae
882 674 1017 716 Ecclefiae
1024 672 1217 718 perniciosum

272 727 487 768 relinqueretur
502 725 668 767 exemplum
682 750 690 758 .
717 725 822 764 Dtflult
847 730 938 768 igitur
960 723 1050 769 usque
1071 727 1115 759 ad
1129 725 1216 768 vestri

269 774 482 819 praesentiam.
509 780 600 809 Nunc
611 782 707 809 autem
729 773 929 819 recognoscens
950 776 1102 820 ingreffum
1122 781 1216 810 meum

273 831 375 859 minus
387 829 570 860 canonicum
581 850 591 866 ,
617 828 651 859 (7
665 832 773 859 timens
781 826 907 867 proinde
927 832 1043 859 exitum
1055 825 1130 860 mihi
1147 835 1215 869 pro-

275 881 380 909 venire
390 878 582 915 deteriorem,
606 877 716 909 videns
733 882 825 908 etiam
835 879 919 909 vires
929 887 1014 910 meas
1025 882 1103 911 oneri
1122 882 1215 918 impa-

275 936 323 958 res
337 950 347 966 ,
372 936 408 959 ne
414 933 500 970 gregi
513 931 651 960 inveniar
657 925 775 969 praeesse
787 927 832 959 ad
842 931 961 959 ruinam
971 951 982 966 ,
994 932 1039 960 cui
1049 927 1140 961 datus
1147 925 1216 970 sum

272 976 505 1018 qualiterque-tn
519 976 665 1017 Pastorem
676 1000 687 1017 ,
712 981 745 1009 in
753 987 845 1010 manu
857 984 932 1017 tua,
959 978 1075 1020 Pater,
1103 975 1191 1011 Archi
1205 995 1213 1001 -

273 1024 485 1069 Epist-opattam
505 1024 751 1069 cantuariensem
779 1025 905 1070 refigno.

470 1075 498 1108 B
527 1077 554 1109 E
581 1077 614 1110 N
645 1076 674 1110 E
699 1077 734 1110 D
761 1075 777 1109 1
802 1077 834 1110 C
858 1076 896 1109 T
922 1075 966 1111 U
989 1076 1020 1109 S.

321 1124 431 1159 Mox
456 1126 671 1159 tranffumens
681 1125 840 1159 annulum
853 1126 944 1159 suum
967 1125 1009 1159 de
1031 1124 1138 1170 digito
1159 1126 1215 1160 suo

272 1185 366 1218 rogat
377 1174 524 1209 Ecclefiae
536 1176 675 1220 dignum
687 1174 856 1209 Pastorem
867 1175 1046 1218 provideri,
1076 1176 1117 1210 eo
1128 1175 1216 1222 quod

273 1225 338 1268 ipse
360 1234 479 1258 nomen
501 1225 641 1258 Pastoris
660 1223 782 1259 habens
804 1225 950 1259 officium
984 1224 1126 1260 Pastoris
1148 1238 1214 1261 non

271 1274 436 1318 impleret.
466 1274 706 1320 Complensque
731 1275 915 1310 orationem
938 1275 972 1309 in
999 1274 1175 1319 lachrymis
1203 1301 1214 1317 ,

273 1325 461 1359 Dominum
497 1323 642 1369 Papam,
667 1325 701 1359 &
722 1335 837 1360 omnes
873 1325 928 1370 qui
955 1325 1108 1368 aderaut,
1138 1326 1215 1361 flere

271 1374 431 1419 compulit
444 1398 451 1407 .

565 1423 597 1457 A
624 1423 655 1458 L
682 1424 714 1458 A
742 1425 777 1459 N
806 1425 847 1461 U
874 1425 912 1460 S.

319 1471 574 1508 IMMO&haec
584 1475 719 1509 audiens
729 1476 801 1520 quis
823 1475 943 1518 poterit
954 1475 985 1510 se
1005 1474 1175 1510 continere
1197 1474 1215 1508 a

270 1524 350 1558 fletu
374 1527 387 1557 ?
413 1525 563 1558 Seorsum
575 1524 674 1567 igitur
686 1523 790 1558 Archi
801 1542 813 1550 ·
825 1524 988 1568 Episcopo
1002 1524 1131 1560 sedente
1141 1535 1215 1559 eum

269 1574 379 1608 suisin
393 1571 456 1606 hoc
467 1571 566 1606 verbo
585 1572 828 1612 scandalizatis,
854 1573 1010 1606 nimirum
1033 1574 1091 1615 qui
1113 1584 1219 1616 coepe-

268 1634 342 1658 rant
352 1623 535 1665 desperare,
561 1620 728 1655 Dominus
747 1620 832 1663 Papa
857 1623 948 1665 super
970 1620 1022 1655 his
1041 1631 1116 1656 cum
1137 1621 1219 1657 Ca?—

268 1673 433 1707 dinalibus
442 1671 541 1713 coepit
551 1669 713 1703 conferre.
741 1669 834 1707 Hinc
846 1670 923 1703 inde
945 1671 1031 1704 varia
1043 1672 1078 1705 δι
1094 1672 1217 1706 diversa

270 1724 316 1758 est
339 1732 411 1756 orta
436 1717 596 1754 sententia
620 1741 627 1749 .
657 1717 723 1751 His
753 1718 857 1761 visum
880 1717 925 1752 est
948 1717 1059 1751 oblata
1079 1720 1216 1764 occasio·

270 1785 313 1806 ne
336 1771 438 1816 Regis
449 1771 528 1804 iram
542 1766 641 1802 sedari
655 1768 741 1811 poffe
752 1767 883 1802 facilius
893 1791 904 1808 ,
931 1767 1012 1801 dum
1023 1767 1058 1801 in
1069 1767 1131 1814 ,alia
1146 1767 1219 1802 Per*

270 1821 350 1857 sona
365 1820 511 1858 Ecclefiae
531 1817 752 1852 Cantuarienfi
773 1816 1027 1857 conciliaretur,
1052 1816 1086 1851 &
1116 1817 1218 1852 Beato

270 1871 416 1907 Thomae
439 1870 533 1913 poffit
554 1868 634 1901 alias
655 1866 894 1911 competentius
906 1867 1067 1911 provideri
1081 1891 1088 1899 .
1117 1868 1166 1902 Hi
1185 1868 1218 1902 fi·

269 1922 405 1967 quidem
418 1928 508 1954 erant
518 1929 559 1952 ex
571 1916 738 1951 Pharisaeis
749 1943 756 1950 .
782 1917 869 1951 Aliis
879 1928 988 1952 autem
1002 1916 1104 1951 visum
1120 1918 1166 1952 est
1182 1917 1216 1962 in

267 1971 413 2010 diverfis,
440 1969 636 2013 quiapertos
647 1967 811 2002 habebant
835 1968 973 2002 oculos.
1000 1967 1099 2013 Qafi
1121 1968 1148 2002 is
1159 1969 1215 2011 qui

267 2034 329 2066 pro
341 2019 462 2055 tuenda
482 2017 628 2052 Ecclestae
650 2017 795 2052 libertate
817 2018 945 2051 summo
968 2017 1112 2061 periculo
1126 2017 1216 2052 &di-

267 2069 436 2108 ferimini,
462 2076 531 2101 non
543 2066 646 2100 solum
659 2066 831 2101 divitias&
841 2066 979 2112 gloriam
992 2090 1004 2108 ,
1020 2065 1216 2112 dignitatem

268 2123 302 2156 &
321 2118 575 2156 authoritatem,
602 2115 655 2150 sed
679 2117 714 2150 &
738 2117 840 2150 vitam
863 2118 1035 2160 exposuit,
1063 2116 1104 2152 ad
1116 2117 1217 2162 Regis

269 2171 403 2205 libitum
415 2167 544 2202 deberet
562 2167 620 2201 suo
640 2165 707 2209 jure
728 2166 864 2210 privari:
890 2166 982 2201 Sicut
1002 2167 1108 2201 forma
1127 2165 1216 2201 fieret

270 2221 344 2255 aliis
357 2219 390 2253 in
402 2215 563 2252 consimili
588 2218 682 2251 causa
703 2216 852 2261 Regibus
861 2215 1025 2250 refistendi
1039 2239 1050 2254 ,
1078 2216 1101 2249 fi
1114 2227 1150 2249 ea
1164 2216 1216 2258 Ju-

270 2271 358 2304 stitia
371 2269 545 2302 servaretur
556 2265 670 2300 illaesa.
698 2267 732 2300 Si
756 2277 796 2299 eo
818 2266 955 2300 cadente
972 2264 1123 2299 caderent
1144 2266 1216 2299 uni-

269 2320 347 2354 versi
361 2317 536 2362 Episcopi,
563 2326 599 2350 ut
614 2315 712 2350 nullis
732 2314 849 2349 futuris
872 2312 1072 2362 temporibus
1084 2315 1215 2349 audere't‘

272 2370 344 2413 quis
362 2368 494 2402 obviare
518 2365 680 2409 Principis
697 2364 881 2399 voluntati:
910 2365 954 2399 Et
977 2364 1020 2398 fic
1050 2365 1215 2400 vacillaret

273 2421 373 2454 ssatus
384 2415 564 2452 Catholicae
578 2415 725 2450 Ecclefiae
736 2439 748 2455 ,
773 2416 805 2449 δε
816 2412 964 2449 Romani
977 2411 1151 2450 pontificis
1163 2415 1216 2449 de-

270 2471 385 2513 periret
396 2464 590 2502 authoritas.
622 2466 760 2508 Expedit
780 2470 897 2510 igitur,
933 2465 1111 2508 inquiunt,
1136 2464 1216 2505 resti-

271 2525 315 2553 tui
326 2525 418 2553 etiam
428 2522 534 2550 invitis
546 2517 701 2557 omnibus,
727 2516 796 2549 &ei
808 2540 817 2555 ,
846 2521 896 2559 qui
904 2523 961 2557 pro
970 2515 1054 2549 nobis
1064 2516 1190 2550 dimicat
1204 2538 1216 2555 ,

270 2570 433 2602 omnimode
452 2566 698 2610 succurrendum.
727 2563 856 2600 Placuit
877 2564 1033 2600 omnibus
1060 2564 1126 2600 haec
1150 2566 1214 2600 sen·

271 2620 396 2656 tentia,
423 2617 626 2659 praeterquam
649 2614 829 2650 Pharisaeis.

321 2668 453 2702 Vocato
466 2666 564 2708 igitur
573 2665 674 2697 Beato
686 2664 822 2699 Thema
834 2674 910 2700 cum
931 2666 994 2700 suis
1008 2689 1019 2706 ,
1047 2665 1215 2700 Dominus

273 2718 360 2760 Papa
373 2717 438 2749 haec
451 2717 496 2748 ait
507 2725 548 2748 ex
573 2714 752 2747 sententia:
778 2718 869 2747 Nunc
892 2717 1010 2749 demum
1024 2739 1035 2756 ,
1065 2719 1177 2750 Frater

277 2768 363 2801 nobis
373 2766 484 2808 liquet,
510 2775 596 2806 quem
616 2762 738 2803 habuisti
760 2766 793 2797 ὢ·
811 2763 900 2798 habes
922 2766 1030 2799 Zelum
1045 2774 1102 2808 pro
1125 2770 1216 2799 Domo

277 2821 417 2855 Domini,
445 2820 580 2857 quoniam
599 2811 709 2854 fincera
730 2811 907 2856 confi-tentia
928 2823 958 2848 te
978 2814 1072 2858 ipsum
1089 2816 1216 2857 statuisti

277 2878 394 2901 murum
405 2876 441 2898 ex
452 2863 579 2907 adverso
589 2888 596 2894 .
621 2867 667 2897 De
677 2871 723 2895 tuo
745 2865 866 2907 ingreffu
878 2876 971 2907 quam
991 2874 1100 2907 puram
1106 2866 1215 2909 feceris

277 2915 503 2958 Confeffionem,
531 2913 717 2957 resignatione
732 2913 843 2955 sabla,
869 2927 928 2957 qua
942 2921 1040 2956 potuit
1060 2918 1094 2950 <9⁶
1114 2917 1214 2951 debuit

279 2968 353 3000 dilui
364 2967 448 3006 culpa
462 2963 559 2997 deluit
571 2988 580 3002 ,
600 2964 670 3003 jam
687 2961 785 3006 secure
803 2964 839 2997 de
862 2975 938 2997 novo
944 2971 1055 3006 poteris
1068 2968 1105 3000 de
1124 2978 1215 3000 manu

279 3028 346 3050 mea
365 3014 548 3056 Pontificalis
560 3015 652 3055 Officii
669 3024 769 3046 curam
789 3019 932 3055 recipere,
958 3017 1028 3047 dum
1039 3025 1067 3048 te
1087 3022 1120 3049 in
1143 3023 1216 3050 inte-

276 3077 362 3111 grum
374 3066 494 3097 dicimus
504 3063 728 3103 restituendum.
754 3066 800 3095 Et
811 3067 915 3097 merito
929 3088 939 3103 ,
962 3075 1048 3107 quem
1061 3068 1217 3110 multiplici

278 3126 384 3161 genere
392 3119 566 3147 tentationis
578 3120 678 3146 virum
696 3111 852 3155 probatum
874 3119 1008 3147 novimus
1024 3138 1035 3154 ,
1056 3118 1218 3156 providum

282 3168 316 3200 (gt
327 3164 483 3207 discretum
499 3187 509 3202 ,
537 3167 594 3196 Deo
609 3165 642 3197 (tt
652 3162 815 3196 bominibus
825 3161 948 3197 charum
959 3188 969 3204 ,
997 3164 1082 3197 nobis
1102 3168 1135 3199 (9
1146 3168 1215 3199 sem-

283 3216 338 3248 ⁶¹7ae
350 3218 490 3247 Romanae
502 3212 634 3255 Ecclefiae
640 3222 695 3254 per
705 3218 803 3246 omnia
810 3211 947 3254 fidelem.
974 3217 1018 3245 Et
1020 3213 1094 3255 ficut
1116 3215 1217 3259 noftrae

279 3262 593 3307 perstcutionisfatilus
605 3274 636 3297 es
642 3271 795 3305 particeps
816 3264 851 3297 (¹7
869 3263 978 3306 consors
999 3265 1181 3298 individuus
1205 3290 1218 3308 ,

285 3319 329 3345 ita
341 3314 393 3345 tibi
405 3339 415 3353 ‚
441 3318 502 3348 Deo
517 3313 639 3346 authore
650 3335 660 3351 ,
687 3317 720 3346 in
733 3313 810 3346 nullo
817 3314 903 3356 deesse
911 3319 1071 3355 poterimus
1083 3340 1093 3355 ,
1118 3326 1216 3357 quam·

286 3364 338 3394 diu
351 3368 381 3394 in
398 3362 445 3394 hoc
455 3373 569 3404 corpore
580 3364 700 3396 mortali
711 3364 866 3396 duraverit
882 3362 1009 3406 spirltus
1023 3389 1029 3396 .
1055 3365 1161 3398 Verum
1170 3364 1218 3399 ba—

287 3413 388 3446 e‘lenus
399 3413 508 3445 deliciis
529 3413 675 3456 affluens,
700 3423 734 3448 ut
748 3414 785 3449 de
804 3422 907 3448 caetero
931 3412 1030 3458 discas
1041 3414 1093 3458 effe
1105 3439 1117 3456 ,
1141 3418 1222 3458 quod

1278 375 1352 409 eto.
1378 379 1472 414 Non,
1496 377 1638 418 mquam,
1663 373 1842 408 educandum
1847 369 2025 415 splendide,
2046 370 2218 415 sedfimplt·

1275 429 1347 458 citer
1360 448 1370 464 ,
1396 433 1430 457 ut
1442 426 1524 458 decet
1534 425 1649 458 exulem
1660 448 1671 465 ,
1698 426 1732 459 ό·
1742 421 1851 462 Christi
1863 420 2014 456 athletam
2021 446 2033 463 ,
2056 426 2135 455 inter
2143 431 2218 464 quos

1277 486 1340 508 cum
1358 479 1462 517 paucis
1483 476 1518 509 (5
1539 475 1703 517 necessariis
1728 499 1739 515 ,
1774 473 1896 516 reliquis
1917 473 2005 505 soem
2021 479 2077 514 per
2101 473 2217 508 Amicos

1277 521 1378 565 divifis
1391 549 1402 565 ,
1428 532 1540 568 oportet
1551 534 1580 558 te
1591 523 1781 568 conversari,
1809 526 1897 556 donec
1917 520 2050 565 adspiret
2067 522 2131 555 dies
2152 531 2216 555 con·

1275 573 1426 617 solutionis
1438 597 1449 614 ,
1475 577 1509 609 θ
1521 582 1635 617 tempus
1642 581 1729 617 pacis
1740 572 1862 616 desuper
1872 573 1917 606 ad
1935 584 1986 606 nos
1997 569 2178 614 defienderit
2205 593 2214 602 .

1277 630 1402 659 Interim
1424 635 1522 659 autem
1535 624 1614 667 fortt
1623 630 1722 659 animo
1742 623 1817 666 σβυς
1843 620 1879 658 Θ
1900 619 1948 656 bis
1968 627 2019 666 qui
2025 629 2129 664 pacem
2147 628 2214 664 per·

1279 674 1423 716 turbarit,
1449 673 1538 717 refiste
1549 677 1677 710 viriliter
1691 701 1700 708 .

1450 775 1482 810 C
1531 774 1565 810 A
1615 773 1647 810 Ρ
1695 774 1737 811 U
1787 774 1827 809 T
1926 772 2010 807 XII
2023 773 2048 807 1.

1452 875 1593 919 ‚Qualiter
1631 875 1768 909 habitum
1788 872 1993 909 Monacbalem
2011 873 2049 907 de

1549 936 1642 961 manu
1662 930 1759 969 Papae
1775 923 1953 969 sufi‘eperit.

1283 1021 1565 1109 ACCEPTA
1603 1027 1711 1070 itaque
1733 1023 1961 1060 benedictione
1976 1024 2095 1058 Beatus
2127 1018 2228 1055 Tho·

1396 1085 1465 1108 mas
1475 1086 1549 1110 cum
1562 1077 1674 1119 paucis
1685 1075 1919 1116 familiaribus,
1945 1073 2022 1108 alias
2032 1071 2201 1108 destinatis
2211 1093 2227 1112 .

1280 1135 1316 1159 ut
1328 1124 1449 1171 distutn
1463 1124 1529 1165 cst,
1554 1127 1696 1166 caeteris,
1725 1122 2146 1168 Pontiniacumingreslus,
2174 1120 2223 1162 iu·

1278 1175 1399 1209 dicavit
1408 1175 1440 1209 se
1452 1180 1518 1209 non
1530 1175 1630 1220 digne
1642 1186 1752 1210 curam
1764 1175 1962 1210 pastoralem
1973 1173 2014 1207 de
2025 1182 2123 1206 manu
2137 1169 2230 1215 Apoe

1280 1225 1395 1259 stolica
1407 1225 1581 1269 accepim-²,
1608 1225 1666 1259 nifi
1688 1226 1789 1260 etiam
1810 1227 1842 1260 ὅ(
1863 1223 2013 1279 habitpm
2040 1219 2230 1272 Religionis

1280 1275 1453 1318 reciperet:
1479 1274 1636 1309 nimirum
1658 1277 1761 1319 quiin
1785 1272 2055 1320 Episcopahsede
2065 1271 2230 1321 primogef'

1281 1326 1366 1359 nitos
1377 1325 1462 1359 filios
1476 1326 1550 1360 suos
1561 1323 1691 1360 haberet
1702 1336 1811 1371 tegere
1821 1349 1831 1365 ,
1856 1326 1890 1360 ἀ
1908 1326 1926 1358 a
1945 1323 2047 1367 prima
2062 1319 2229 1356 fundatio·

1279 1386 1320 1410 ne
1329 1374 1568 1410 Cantuarienfis
1580 1375 1724 1411 Ecclefiae
1737 1375 1840 1411 Archi
1852 1392 1864 1403 ·
1877 1373 2057 1419 Episcopus
2077 1368 2229 1405 didicerit

1280 1424 1346 1459 fere
1367 1435 1484 1459 omnes
1503 1424 1691 1460 Monachos
1709 1425 1820 1467 fuiffe,
1847 1437 1908 1460 nec
1929 1420 2106 1459 secundum
2130 1418 2228 1454 Vece-

1280 1486 1352 1509 rum
1372 1473 1539 1510 Historias
1559 1476 1702 1520 aliquam
1726 1475 1839 1522 Regni
1863 1475 2024 1510 scissuram
2037 1471 2087 1506 vel
2109 1470 2231 1505 transa-

1280 1524 1423 1559 ctionem
1448 1524 1622 1566 accidisse,
1649 1527 1707 1560 nifi
1729 1525 1810 1561 dum
1820 1527 1892 1571 quis
1904 1523 2036 1560 alterius
2058 1516 2232 1555 Profefflo·

1281 1573 1330 1607 nis
1353 1574 1581 1610 cantuarienfi
1603 1575 1753 1610 Ecclefiae
1774 1576 1932 1620 praefuerit
1950 1599 1958 1606 ·
1997 1572 2106 1608 Miffis
2127 1570 2230 1616 ig'l'm‘

1282 1621 1417 1664 proinde
1430 1622 1574 1657 Nu‘nciis
1583 1646 1594 1662 ,
1621 1626 1742 1658 re'mifit
1754 1627 1783 1657 ei
1795 1626 1965 1658 Dominus
1977 1624 2064 1665 Papa
2077 1619 2229 1655 habitum

1281 1670 1518 1705 Monachalem
1538 1695 1550 1712 ,
1575 1676 1673 1716 q'uem
1686 1673 1752 1716 ipse
1773 1667 1965 1711 benedixit,
1989 1669 2232 1715 delaneojp‘att-

1282 1730 1325 1751 no
1336 1719 1446 1762 grosso
1468 1720 1634 1753 &crudo-
1665 1721 1773 1754 Unde
1795 1722 1829 1753 δε
1850 1720 1991 1763 N1unc'ii‘s
2013 1716 2232 1763 injunium-

1280 1777 1356 1800 cens
1369 1779 1376 1798 z
1403 1768 1499 1801 Dicite
1509 1764 1634 1801 Domino
1645 1767 1859 1810 cantuarien‘fi
1865 1771 1876 1807 ,'
1885 1768 1983 1810 ”quod
1992 1761 2235 1806 babitu'rtt‘ei‘mt'·

1275 1812 1365 1857 fimus
1378 1841 1389 1858 ,
1416 1817 1534 1859 qualem
1544 1815 1702 1851 babuimui
1714 1842 1727 1859 ,
1752 1819 1810 1851 non
1820 1818 1937 1861 qualem
1948 1817 2092 1851 vellemus
2106 1841 2114 1849 .
2142 1814 2231 1849 Pon-

1279 1867 1463 1900 tiniacenfis
1484 1878 1562 1902 vero
1586 1867 1721 1907 Abbas,
1748 1868 1828 1902 dum
1849 1869 1926 1902 cum
1946 1866 2062 1911 -paucis
2089 1857 2229 1899 Beatam

1278 1914 1450 1950 Thomam
1461 1917 1521 1950 '1110
1531 1917 1680 1963 indueret
1691 1915 1803 1952 habitu
1816 1918 1942 1954 seorfim
1953 1918 1988 1951 &
2002 1913 2123 1951 secreto
2136 1939 2148 1956 ,
2174 1914 2231 1949 ad-

1280 1966 1365 2000 stans
1375 1966 1495 2000 ibidem
1509 1967 1641 2011 quidam
1654 1967 1822 2002 familiaris
1836 1991 1847 2007 ,
1874 1968 1899 2001 is
1921 1966 2035 2011 utique
2046 1965 2103 2009 qui
2127 1964 2232 2009 pridie

1279 2016 1362 2050 illud
1374 2016 1541 2058 problema
1564 2018 1730 2060 proposuit
1741 2017 1827 2062 apud
1851 2018 2097 2052 Clarendonam
2110 2040 2121 2057 ,
2146 2015 2231 2065 seili-

1277 2077 1330 2099 cet
1341 2090 1350 2105 ,
1379 2067 1469 2109 ,Quid
1477 2064 1665 2108 virtutlsfibt'
1675 2074 1823 2109 retinuit,
1848 2074 1899 2111 qui
1909 2065 2116 2111 confi-lentiam
2126 2066 2229 2108 prodi-

1278 2115 1323 2148 dit
1334 2117 1367 2149 (a
1371 2115 1499 2157 famam
1508 2140 1518 2155 ,
1544 2114 1624 2151 dum
1635 2116 1717 2151 vidit
1729 2119 1762 2152 in
1775 2116 1844 2161 ipso
1856 2117 1971 2152 habitu
1984 2117 2157 2161 capicium
2169 2116 2231 2151 mi-

1279 2166 1368 2198 noris
1397 2166 1619 2208 quantitatis„
1633 2168 1730 2211 quam
1753 2179 1790 2202 ut
1810 2168 1875 2202 toti
1892 2177 2090 2213 congrueret
2110 2191 2122 2207 ,
2149 2166 2196 2201 ait
2221 2178 2231 2199 ε

1277 2218 1352 2247 Fuit
1364 2223 1466 2247 tamen
1476 2214 1595 2258 idserto
1604 2216 1724 2259 sallum
1735 2242 1746 2258 ,
1771 2219 1871 2251 utrum
1886 2220 2060 2263 regulariter
2073 2241 2086 2257 ,
2109 2216 2204 2261 nesi-io
2217 2240 2227 2249 .

1279 2268 1388 2307 Liquet
1411 2273 1512 2298 tamen
1525 2269 1682 2300 Dominum
1706 2270 1825 2310 Papam
1846 2269 1943 2302 minus
1964 2261 2091 2312 congrue
2098 2265 2241 2312 aduniffe'

1275 2313 1393 2349 cucullae
1413 2321 1575 2355 capitium.
1606 2316 1783 2350 Subridens
1804 2328 1914 2351 autem
1935 2317 2053 2351 Beatus
2076 2307 2247 2358 Ῡῆὀωϊξι

1278 2364 1405 2407 inquit:
1434 2365 1563 2398 Proinde
1573 2366 1654 2398 ne&
1666 2374 1699 2397 tu
1707 2366 1790 2406 poffir
1804 2367 1910 2398 iterato
1929 2364 2006 2397 mibi
2028 2365 2170 2404 illudere,
2189 2365 2230 2408 [ι’-

1276 2422 1322 2448 cut
1328 2412 1425 2456 fecisti
1432 2415 1533 2455 pridie
1544 2439 1551 2447 .
1581 2414 1624 2449 Et
1638 2414 1692 2448 ille
1704 2415 1779 2448 :Ubi
1795 2416 1829 2449 (5
1839 2417 1958 2458 quando
1970 2439 1981 2456 ,
2008 2416 2158 2448 Domine?
2183 2405 2230 2448 Et*

1277 2462 1711 2508 Archi-Episcopusinquit
1734 2464 1988 2506 nudiustertius,
2014 2463 2094 2498 dum
2120 2463 2225 2498 Sacris

1276 2514 1416 2548 vestibus
1436 2513 1587 2554 induerer
1604 2514 1644 2549 ad
1668 2514 1837 2549 Miffarum
1859 2515 2025 2550 Solemnia
2047 2540 2056 2555 ,
2083 2514 2115 2548 δε
2141 2519 2227 2562 zona

1278 2565 1463 2608 praecinstus
1474 2564 1599 2599 viderer
1621 2565 1845 2599 suffarcinatus
1868 2591 1879 2607 ,
1903 2564 2116 2610 requisivisti:
2141 2564 2225 2598 Unde

1275 2614 1430 2657 posteriora
1443 2624 1507 2647 mea
1522 2614 1756 2658 inflatafuiffent
1769 2616 1787 2649 ἒ
1810 2617 1840 2648 51*
1852 2621 1942 2660 igitur
1957 2616 1977 2647 ἃ
1978 2614 2107 2658 scapulis
2118 2604 2230 2656 depem·

1278 2666 1352 2698 dens
1362 2670 1504 2706 capicium
1525 2667 1624 2706 majus
1637 2663 1676 2697 ibi
1686 2667 1891 2706 praetenderet
1895 2665 2031 2709 formam
2044 2664 2224 2706 inflationis,

1280 2713 1472 2748 nibilominus
1491 2715 1583 2758 poffes
1607 2716 1739 2749 deridere
1768 2714 1935 2760 gibbosum.
1974 2717 2084 2748 Idcirco
2105 2715 2224 2749 cautius

1279 2763 1404 2805 mihies}
1414 2774 1519 2799 contra
1528 2766 1635 2799 talium
1659 2763 1862 2809 insultationes
1910 2764 2093 2800 Videbatur
2115 2764 2223 2809 reveri

1282 2813 1385 2849 Archi
1396 2831 1407 2838 -
1421 2815 1601 2858 Episcopus
1611 2814 1734 2849 Cilicio
1745 2816 1764 2849 a
1779 2815 1947 2850 nudicollo
1958 2815 2058 2859 usque
2068 2815 2109 2849 ad
2122 2812 2229 2859 popli-

1280 2876 1327 2899 tes
1338 2863 1530 2907 clamipfius
1540 2865 1641 2899 etiam
1652 2865 1886 2899 familiaribus:
1916 2866 1957 2899 Et
1968 2864 2046 2899 dum
2074 2865 2224 2909 cingere-
2248 2887 2251 2890 -

1279 2925 1330 2949 tur
1342 2914 1459 2949 atstius
1469 2936 1480 2953 ,
1508 2915 1599 2959 rigor
1610 2914 1722 2948 Cilicii
1737 2916 1767 2948 se
1777 2914 1997 2954 extendebat,
2008 2916 2041 2949 &
2053 2914 2223 2949 videbatur

1280 2964 1415 3010 groffior
1427 2987 1439 3005 ,
1464 2965 1520 3007 qui
1532 2965 1595 2998 fuit
1607 2964 1798 2999 macilentus
1809 2989 1821 3006 ,
1847 2965 1897 2999 sed
1908 2965 2072 3008 jucundus
2094 2964 2196 3004 facie.

1485 3013 1524 3047 H
1550 3014 1579 3047 E
1605 3015 1638 3049 R
1665 3015 1679 3048 1
1707 3014 1734 3047 B
1761 3015 1790 3048 E
1816 3014 1849 3049 R
1874 3015 1911 3048 T
1939 3015 1977 3050 U
2007 3015 2048 3048 S.

1332 3063 1522 3099 TERTIO
1547 3073 1706 3108 quartove
1726 3064 1827 3110 igitur
1838 3065 1994 3099 adventus
2005 3065 2072 3107 ejus
2084 3063 2125 3099 ad
2137 3063 2223 3097 Po‘fi-

1282 3114 1441 3149 tiniacum
1453 3114 1507 3148 die
1530 3114 1684 3160 ingressus
1706 3114 1898 3158 Capitulum
1912 3139 1923 3156 ,
1949 3117 2087 3149 cauffam
2109 3111 2225 3146 Eccle-

1282 3166 1330 3199 fiae
1340 3188 1351 3205 ,
1361 3175 1459 3208 quam
1470 3163 1588 3208 agebat
1600 3188 1612 3204 ,
1635 3165 1709 3199 Deo
1719 3165 1909 3207 &ipsorum
1921 3163 2126 3200 orationibus
2135 3172 2225 3196 com-

1282 3213 1465 3250 mendavit.
1495 3213 1599 3259 Igitur
1620 3214 1692 3258 post
1712 3225 1841 3255 tantas,
1866 3226 1945 3259 quas
1965 3211 2223 3258 supraostendie

1282 3276 1375 3304 mus,
1401 3264 1495 3308 ipfius
1514 3263 1714 3298 turbationes
1734 3289 1746 3305 ,
1785 3265 1869 3309 quafi
1890 3266 1959 3309 post
1994 3265 2122 3298 tensum
2146 3271 2225 3296 tem·

1282 3327 1341 3359 pus
1361 3314 1394 3348 δι
1405 3313 1557 3349 nubilum
1567 3314 1609 3348 ad
1621 3316 1823 3350 serenitatem
1837 3316 1869 3350 &
1880 3314 2149 3358 tranquillitatem
2162 3310 2227 3346 Di·

1285 3367 1364 3399 vinae
1377 3365 1459 3399 lucis
1471 3388 1484 3405 ,
1509 3365 1610 3407 coepit
1634 3365 1665 3398 se
1685 3376 1765 3399 mox
1776 3376 1846 3400 tota
1858 3374 1965 3399 mente
1983 3372 2172 3399 convertere
2183 3359 2225 3394 ad

1287 3414 1479 3451 lectionem.
1515 3414 1592 3450 Fuit
1610 3414 1713 3462 igitur
1732 3416 1815 3450 illud
1845 3414 2085 3452 Monasterium
2106 3410 2227 3494 1A'rchi-

2135 3472 2185 3495 rae-
