2358 3776
473 122 511 167 S.
560 118 851 167 THOMAE
894 118 1287 168 CANTUAR.
1335 117 1472 163 LIB.
1518 121 1623 165 111.
1835 139 1932 185 277

89 207 183 253 Papae
196 206 243 243 vel
256 206 501 251 Reiigiosorum
514 208 650 242 confilio
660 205 700 240 de
721 205 844 240 residuo
863 202 1010 247 parituri.
1028 213 1035 265 ι
1055 205 1290 250 ῑΕρίΐσοΡιωε
1312 202 1358 236 sui
1371 227 1382 243 ‚
1406 213 1505 246 quam
1517 202 1698 237 Wallenses
1719 207 1918 244 inhabitant·
1948 209 2000 243 Ex

87 260 178 306 Qia
191 259 278 299 super
296 257 409 291 omnia
426 259 602 301 perniciem
627 267 771 291 veremur
790 253 956 297 exempli,
981 254 1033 286 &z
1076 267 1142 298 quo
1164 254 1365 298 perspicuum
1375 253 1421 287 est
1443 253 1631 287 Dominum
1657 252 1777 295 Papam
1799 261 1837 294 ad
1858 260 1999 305 gloriam

85 307 178 343 saluti
198 308 311 341 nostrae
333 308 507 348 timemus,
543 308 659 351 pariter
679 307 712 341 δι
739 305 825 339 illius
845 329 853 336 .
886 302 1014 337 Nostrae
1077 306 1141 339 Dei
1164 306 1198 339 ἀ
1217 314 1409 347 perpetuum
1442 302 1601 337 honorem
1633 302 1830 346 Apostolicae
1850 311 1940 343 sedis
1962 310 1998 343 in

87 358 219 402 quidem
232 381 243 397 ‚
269 358 289 390 li
300 366 425 393 tantum
437 357 640 402 sacrilegium
653 355 904 390 diffimulatione
926 353 1013 386 fove·
1031 379 1034 394 f
1078 356 1201 399 Anglia
1220 352 1418 398 triumphare
1431 377 1442 393 ‚
1471 364 1506 387 ut
1532 353 1576 386 ibi
1590 352 1745 387 floreat&
1758 355 1924 393 fructificet
1938 371 2000 393 au-

87 409 208 449 rimus3
235 407 321 442 illius
332 409 408 442 vero
421 432 431 448 ,
457 408 479 441 fi
492 419 558 442 non
582 406 724 441 restituat
736 415 810 439 cum
823 403 1013 438 solvendum
1031 406 1033 412 '
1077 403 1213 439 thoritas
1222 404 1310 446 ejus,
1336 405 1357 437 si
1375 404 1409 437 in
1435 403 1545 447 vigore
1570 403 1833 446 perseveraverit,
1861 416 1919 438 nec
1930 409 2001 449 reje-

84 457 144 498 fit‚
171 467 226 491 aut
241 459 411 492 satisfaciat
421 458 462 491 de
473 457 609 496 ablatis,
637 457 711 500 quia
725 456 760 489 in
774 454 831 489 tali
846 450 920 486 casu
934 464 1009 486 con-

85 507 146 541 stat
160 507 285 550 prorsus
299 520 365 541 non
387 508 510 541 dimitti
534 517 699 551 peccatum
713 529 724 546 ,
749 505 771 538 fi
794 514 861 537 non
873 501 1014 537 restitua-

85 567 137 590 tur
148 558 308 592 ablatum.
338 559 420 591 Sunt
429 568 538 591 autem
551 558 643 590 variae
655 556 769 599 speeies
778 552 1009 596 compensatio-

85 618 164 640 num
181 632 191 648 ,
217 607 336 651 quas&
351 607 404 640 ille
415 607 547 650 implere
558 606 671 640 sufficit
682 606 749 638 fine
760 614 882 648 magno
895 604 941 636 sui
954 602 1016 636 dis-

87 657 205 701 pendio
218 683 229 698 ‚
249 659 282 691 δε
295 669 353 691 nos
364 657 462 700 parati
478 657 634 699 recipere.
662 655 750 688 Nam
762 664 798 687 ut
822 654 851 686 ei
874 654 1013 687 remitta-

86 718 182 747 mus,
216 707 434 751 impoenitenti
453 707 640 750 praesertim,
669 702 758 748 quod
783 702 929 737 Ecclesiae
949 703 1013 737 Dei

87 756 220 791 abstulit
230 782 241 797 ,
268 757 393 791 Divina
404 768 466 790 nos
479 765 667 800 protegente
679 754 864 788 Clementia
876 778 887 793 ,
916 753 1015 788 nullis

85 808 230 850 unquam
243 806 541 841 machinationibus
562 803 726 838 obtinebit
740 829 748 836 .
768 804 808 838 -Si
833 813 940 837 tamen
954 815 1016 847 poe·

85 857 244 896 nituerit,
271 857 303 889 &
321 857 361 890 de
383 865 469 899 parte
492 854 696 895 satisfecerit,
725 865 785 888 nos
808 865 882 887 eum
894 854 934 887 de
947 854 1016 886 reli-

83 917 153 950 quo
169 916 225 948 pro
245 905 441 945 devotione,
467 916 565 949 quam
584 902 754 939 exhibebit
778 903 923 938 Eccleliae
947 928 958 943 ,
983 904 1016 937 δε

84 953 263 993 charitate,
288 966 385 999 quam
397 955 437 989 ad
460 966 519 989 nos
535 953 689 994 habebit,
715 952 1014 996 supportabimusin

85 1005 179 1040 omni
196 1006 368 1048 patientia.
397 1005 486 1051 Qia
496 1014 563 1038 tam
585 1004 745 1038 Romanae
755 1004 850 1046 quam
863 1003 1016 1048 Anglica-

85 1066 136 1089 nae
158 1055 304 1090 Ecclefiae
322 1055 474 1099 expedit,
500 1065 538 1105 ut
558 1054 683 1096 aliquid
708 1053 823 1088 habeat
835 1064 933 1097 penes
950 1055 980 1087 se
1006 1078 1016 1094 ‚

85 1105 176 1148 quod
187 1106 216 1138 ei
229 1106 436 1139 tumultus&
456 1103 631 1139 seditiones
649 1104 798 1138 molienti
821 1102 903 1137 reite
919 1103 1013 1146 poffit

84 1155 227 1197 oppon-i.
258 1154 420 1198 Alioquin
432 1153 576 1198 quisquis
596 1166 672 1189 eum
694 1149 821 1198 prorsus
830 1154 979 1196 expediet
1005 1176 1016 1192 ‚

83 1203 326 1239 immanitatem
354 1204 422 1247 ejus
450 1203 588 1238 armabit
609 1203 650 1238 ad
672 1205 847 1238 Ecclesiam
867 1202 1016 1247 jugulan-

83 1255 175 1288 dam.
206 1255 308 1288 Nunc
328 1264 436 1287 autern
460 1253 495 1286 in
517 1264 558 1286 eo
578 1253 707 1287 calculo
726 1252 925 1286 constitutus
934 1250 979 1284 est
1004 1274 1016 1289 ,

84 1304 356 1338 &imminentem
369 1301 571 1335 fibi&terrae
593 1303 654 1334 sua:
675 1300 868 1334 senteutiam
885 1297 967 1332 adeo
978 1299 1016 1332 ti-

82 1362 173 1393 met,
199 1364 241 1386 ex
250 1363 319 1393 quo
330 1351 519 1385 Dominum
529 1350 752 1385 Senonensem
771 1350 806 1382 δε
820 1348 1015 1383 Gratianum

81 1401 197 1442 illum,
223 1400 313 1444 cujus
333 1401 492 1435 memoria
508 1400 543 1434 in
556 1410 693 1443 utroque
705 1399 827 1443 Regno
857 1400 891 1433 in
912 1398 1016 1443 gloria

82 1451 117 1484 ἀ
154 1450 379 1485 benedictione
414 1451 459 1484 est
483 1473 495 1490 ‚
520 1450 682 1494 cognovit
709 1449 751 1483 ad
776 1448 909 1482 Curiam
946 1460 1016 1491 pro·

83 1500 207 1540 ficisci‚
233 1511 270 1534 ut
307 1498 389 1533 nihil
418 1500 570 1534 Domino
596 1498 689 1543 Papar
715 1509 832 1543 negare
858 1498 973 1531 audeat
1001 1521 1012 1537 ‚

83 1548 243 1593 quidquid
255 1550 382 1585 simulet
393 1549 426 1583 &
438 1549 580 1584 minetur
591 1573 602 1589 ,
629 1550 649 1582 fi
663 1550 695 1582 in
711 1560 807 1583 terras
818 1548 885 1591 ejus
905 1548 1017 1581 cisma-

83 1599 172 1635 rinas
192 1610 365 1644 aggravare
384 1599 559 1633 decreverit
585 1610 718 1633 manum
736 1599 823 1632 suam
843 1622 855 1638 ,
881 1599 913 1631 ὅ(
926 1597 1018 1631 Nun-

83 1650 155 1684 cios
175 1650 244 1692 ejus
268 1650 423 1683 confusos
449 1649 624 1683 remiserit.
651 1650 724 1683 Nec
744 1647 910 1692 oportebit
939 1671 950 1687 ,
979 1656 1015 1681 ut

83 1700 246 1733 sententia
258 1700 409 1733 sortiatur
421 1700 571 1734 effestum
584 1724 595 1739 ,
622 1699 697 1742 quia
710 1699 777 1732 sola
798 1697 1017 1732 comminatio

83 1749 243 1783 facillime
266 1746 426 1792 quidquid
447 1749 646 1782 intentatum
668 1748 764 1781 fuerit
786 1771 796 1786 ,
822 1747 986 1781 obtinebit
1005 1769 1012 1775 .

85 1799 180 1832 Mifit
193 1808 294 1840 nuper
306 1797 339 1829 in
364 1796 525 1840 Angliam
548 1797 751 1829 Gaufredum
764 1796 933 1828 Ridellum
947 1818 957 1834 ‚
983 1804 1019 1827 ut

85 1857 235 1891 torqueat
260 1846 406 1889 personas
427 1845 686 1886 Ecclefiasticas,
712 1845 746 1879 δε
768 1843 808 1878 ad
825 1843 1017 1878 inobedien-

82 1896 134 1931 tiae
152 1898 275 1931 crimen
290 1895 420 1929 nefariis
430 1895 559 1940 obliget
572 1895 794 1930 sacramentis.
825 1893 856 1928 Is
876 1905 951 1927 cum
965 1892 1018 1926 Ri-

85 1947 210 1982 chardo
222 1945 409 1980 pictaviensi
427 1944 700 1980 Archi-Diacono
712 1968 722 1983 ,
747 1945 780 1978 ὅ(
802 1943 874 1977 aliis
886 1944 1018 1978 Officia·

85 1996 174 2031 libus
194 1995 328 2040 Regni,
356 1995 502 2039 praecepit
524 2007 565 2029 ex
590 2004 677 2038 parte
702 1994 827 2037 Regis,
858 2003 1019 2026 utomnes

81 2046 236 2089 Episcopi
260 2045 445 2079 Londoniae
468 2045 685 2079 convenirent
712 2068 723 2084 ‚
757 2042 923 2086 praestituri
948 2053 1022 2075 cau-

85 2096 212 2130 tionem
224 2094 264 2129 de
275 2094 430 2130 servando
445 2094 562 2128 Edicto
576 2094 695 2138 Regis,
710 2105 750 2126 ne
764 2093 836 2136 quis
850 2093 1020 2126 Nuncium

84 2155 142 2187 aut
152 2145 275 2180 litteras
285 2145 426 2179 Domini
438 2144 531 2188 Papae
543 2144 592 2178 vel
604 2144 741 2184 nostras,
756 2143 944 2176 inconsulto
959 2143 1023 2176 Re·

85 2206 128 2240 ge
139 2196 296 2239 recipiat3
326 2206 366 2229 ne
377 2205 486 2237 pareat
509 2194 680 2228 interdicto
695 2218 706 2233 ,
731 2194 752 2226 fi
767 2193 863 2226 fuerit
883 2192 1021 2235 promul·

86 2255 218 2290 garum,
238 2255 276 2276 ne
301 2244 496 2278 sententiam
509 2242 724 2278 anathematis
746 2243 780 2276 in
794 2242 933 2285 aliquem
947 2243 1022 2276 fide·

88 2296 174 2328 lium
201 2293 303 2337 Regis
325 2294 406 2327 ferre
427 2294 615 2337 praesumat.
640 2292 702 2328 Sed
715 2293 825 2327 nullus
847 2292 1022 2335 Episcopo-

85 2354 159 2380 sum
174 2344 224 2378 vel
240 2342 408 2377 Abbatum
419 2353 529 2386 praeter
542 2343 636 2377 illum
648 2343 853 2377 Emiffarium
866 2343 894 2376 S.
910 2342 1025 2386 Augu-

85 2393 162 2428 stini
182 2417 193 2434 ,
217 2392 252 2426 in
275 2392 335 2426 illo
357 2393 594 2427 Conciliabulo
618 2393 812 2427 officialium
832 2402 1019 2434 comparere

86 2442 192 2477 voluit
213 2466 224 2482 ,
255 2441 297 2475 eo
319 2442 406 2483 quod
439 2442 672 2487 praeelegerunt
701 2442 864 2476 incurrere
890 2442 1040 2485 publicae.

92 2491 458 2531 Potessatisoffensam‚
484 2493 591 2526 fieam
605 2492 766 2527 declinare
782 2493 987 2535 nequiverint
1013 2516 1023 2532 ,

89 2541 189 2583 quam
201 2540 423 2584 derelinquere
443 2541 550 2585 legem
570 2541 658 2576 Dei.
686 2541 724 2575 In
739 2542 850 2586 primis
862 2553 942 2586 ergo
957 2543 1025 2575 Do·

87 2592 197 2627 minus
226 2590 452 2624 Vintonienfis
479 2590 607 2632 publice
642 2592 837 2634 protestatus
864 2592 910 2625 est
945 2617 956 2634 ‚
992 2592 1024 2625 δε

89 2642 278 2676 solemniter
304 2639 450 2684 praedicat
477 2640 508 2674 se
534 2640 703 2675 Mandatis
731 2639 930 2683 Apostolicis
952 2666 962 2682 ,
989 2641 1023 2674 ὅ(

90 2690 238 2725 Ecclesiae
263 2689 504 2725 Cantuarierilis
520 2715 531 2731 ,
558 2690 612 2725 cui
638 2702 679 2725 ex
705 2689 900 2733 profeffione
926 2690 1024 2725 fidem

88 2741 123 2776 δε
148 2740 369 2775 obedientiam
396 2740 493 2774 debet
526 2765 537 2781 ‚
573 2751 649 2774 cum
687 2740 784 2774 omni
809 2738 987 2774 devotione
1013 2764 1025 2780 ‚

90 2790 203 2832 quoad
228 2792 369 2830 vixerit,
398 2802 450 2833 per
476 2791 589 2825 omnia
605 2790 801 2834 pariturum:
827 2790 860 2824 δε
885 2790 1023 2824 utidem

90 2840 210 2875 faciant
246 2864 258 2881 ‚
296 2840 432 2875 Clericis
459 2841 523 2875 suis
561 2841 680 2875 indicit
715 2865 722 2872 .
760 2840 910 2874 Imitatur
947 2851 1024 2874 eum

93 2889 276 2933 Episcopus
304 2891 518 2931 Emnienfis,
543 2892 582 2924 ad
608 2901 745 2924 omnem
775 2889 1024 2934 promptusobe-

91 2939 274 2979 dientiarn,
299 2940 330 2973 δι
360 2942 390 2974 se
418 2941 451 2974 in
482 2941 730 2985 Religiosorum
757 2941 913 2986 Collegio
932 2952 1024 2975 ¹nece·

91 2989 161 3033 pit,
186 2989 292 3023 donec
318 2992 453 3024 transeat
484 2991 639 3033 iniquitas
661 3015 668 3022 .
695 2989 920 3026 Norwicenfis
947 2989 1024 3026 vero

92 3038 278 3082 prohibitus
304 3050 344 3072 ex
371 3050 457 3083 parte
483 3041 585 3085 Regis
608 3065 619 3080 ,
645 3039 849 3084 praesentibus
876 3041 1023 3075 officiali-

92 3088 153 3123 bus
176 3113 187 3129 ,
222 3089 522 3123 excommunicavit
551 3091 718 3126 Comitem
744 3090 928 3135 Hugonem
948 3116 958 3132 ,
990 3092 1022 3125 &

93 3138 196 3179 alios,
222 3148 316 3182 prout
343 3136 400 3171 srbi
428 3139 755 3183 fueratimperatum:
781 3141 1023 3176 &descendens

92 3188 112 3222 ὲ
140 3187 274 3231 Pulpito
293 3213 305 3228 ‚
332 3187 532 3222 cambutam
553 3214 563 3230 ,
589 3190 740 3225 baculum
768 3191 889 3225 scilicet
915 3190 1021 3226 Pasto-

94 3237 219 3277 talem,
245 3237 337 3281 super
360 3238 474 3272 Altare
496 3240 620 3281 posuit,
662 3238 772 3276 dicens
793 3242 822 3275 se
843 3242 984 3275 visurum
1011 3266 1021 3282 ,

94 3287 167 3330 quis
180 3288 211 3320 in
223 3297 321 3321 terras
335 3289 382 3321 vel
396 3300 442 3325 res
456 3288 602 3324 Eccleliae
613 3290 672 3323 suar
688 3301 801 3326 manus
813 3290 998 3326 extenderet
1008 3316 1015 3323 .

93 3337 318 3382 ingressusque
341 3337 526 3372 Claustrum
548 3349 622 3372 cum
643 3339 792 3376 fratribus
814 3342 896 3375 vivit
924 3367 931 3374 .
958 3341 1020 3375 Ce-

93 3387 217 3421 strensrs
230 3386 304 3420 vero
317 3387 465 3420 similiter
475 3389 593 3432 exequi
606 3400 732 3431 paratus
742 3391 785 3425 est
799 3393 951 3436 imperata
967 3415 977 3431 ,
987 3391 1019 3424 ὅ(

93 3445 131 3470 ut
146 3436 187 3472 ab
197 3436 394 3471 officialibus
407 3448 495 3471 tutus
518 3439 578 3478 fit,
605 3440 724 3476 secessit
746 3441 882 3478 inillam
897 3452 1019 3487 partem

191 3487 298 3528 christ.
312 3491 498 3531 Luplopera
510 3491 586 3522 Tom.
607 3491 646 3523 X.

1076 456 1156 489 cerit
1167 454 1335 489 Coronam
1355 454 1416 488 fibi
1437 453 1611 487 Divinitus
1633 462 1859 496 praeparatam.
1888 454 2002 488 Nescit

1076 505 1325 548 enimimpietas
1338 506 1406 549 quo
1419 505 1449 538 fe
1460 514 1561 537 vertat
1573 528 1583 542 ‚
1610 503 1643 537 ὃς
1656 505 1801 546 semper,
1828 514 1864 537 ut
1877 503 1924 536 sui
1938 514 2005 545 per-

1078 554 1191 589 hibent
1202 580 1212 594 ,
1240 554 1336 588 habet
1350 564 1424 588 ante
1434 554 1550 587 oculos
1563 553 1749 588 Dominum
1758 554 1979 588 Senonensem
1993 578 2005 592 ‚

1076 606 1108 639 δε
1119 604 1222 638 filium
1236 605 1347 649 gratiae
1358 604 1555 641 Gratianum
1567 627 1574 635 .
1603 602 1659 637 Ad
1682 605 1749 644 cujs
1759 603 1898 648 gloriam
1910 603 2009 647 pluri-

1079 654 1169 689 mum
1191 656 1321 698 proficit
1344 666 1456 694 mora,
1496 663 1593 698 qnam
1614 653 1691 686 fecit
1714 653 1878 687 Vivianus
1899 677 1911 693 ,
1948 652 2006 695 qui

1080 717 1168 739 nunc
1178 705 1312 738 tandem
1334 705 1431 739 dolos
1451 714 1601 748 expertus
1622 702 1667 736 est
1691 702 1853 743 illusoris,
1874 702 2010 736 &mali-

1081 757 1159 789 tiam
1180 754 1265 797 ejus,
1291 755 1325 788 ἀ
1350 754 1478 789 fraudes
1500 755 1602 788 varias
1625 764 1693 787 non
1705 752 1829 787 destitit
1848 752 1932 795 apud
1946 763 2007 786 nos

1083 806 1115 839 in
1127 805 1279 848 compitis
1291 805 1474 847 praedicare.
1502 802 1606 852 Qod
1625 814 1702 838 cum
1725 803 1759 837 in
1787 803 1927 837 Ecclesia
1940 802 2010 836 Ro-

1083 866 1177 889 mana
1190 854 1324 894 fecerit,
1350 856 1492 889 litamen
1506 855 1586 888 fides
1607 855 1642 887 in
1665 852 1802 887 homine
1812 854 1879 894 est,
1906 854 2007 887 etiam

1081 905 1270 940 testimonio
1279 903 1346 947 ejus
1355 903 1493 948 amplius
1503 902 1730 947 justificabitur
1742 904 1909 938 Dominus
1921 903 2009 937 Gra-

1081 956 1188 990 tianus
1210 955 1242 988 in
1262 954 1414 998 operibus
1436 954 1515 988 suis.
1551 954 1623 989 Vos
1643 964 1752 988 autem
1779 954 1812 988 &
1832 965 1887 997 per
1911 953 2011 986 vos&

1083 1017 1136 1049 per
1159 1006 1345 1039 Dominum
1369 1002 1602 1048 Hyacinthum
1622 1004 1785 1038 elaborate
1806 1028 1817 1044 ,
1844 1013 1880 1037 ut
1901 1004 2012 1037 secun·

1081 1054 1159 1089 dum
1172 1054 1259 1098 quod
1279 1055 1422 1099 promisit
1433 1080 1443 1094 ,
1471 1056 1620 1089 confutet
1634 1053 1787 1089 Nuncios
1798 1054 1940 1088 illusoris
1954 1053 2012 1086 sui.

1085 1107 1126 1139 Et
1137 1106 1158 1138 sr
1172 1105 1235 1139 hoc
1248 1106 1359 1140 fecerit
1375 1130 1387 1146 ‚
1412 1105 1445 1140 δι
1455 1105 1622 1140 vobiscum
1633 1104 1772 1139 fideliter
1783 1103 2015 1142 ambulaverit,

1083 1156 1222 1194 litteras,
1248 1166 1445 1200 quasproeo
1456 1155 1648 1195 scribimus,
1675 1155 1847 1199 porrigatis
1861 1155 2015 1188 Domino

1081 1204 1174 1247 Papae
1185 1229 1192 1236 .
1222 1206 1264 1239 Et
1275 1207 1353 1239 ficut
1364 1218 1424 1249 pro
1434 1216 1525 1240 certo
1537 1206 1833 1244 didicimusmunc
1845 1205 1879 1237 in
1895 1203 2015 1252 recessu

1084 1254 1209 1296 Regem
1224 1255 1360 1295 perfidiae
1369 1256 1558 1288 constanter
1568 1256 1675 1297 arguit
1687 1277 1698 1292 ,
1721 1255 1754 1287 δε
1768 1254 1901 1293 famam,
1914 1262 2014 1295 quam

1082 1301 1170 1344 prius
1197 1302 1339 1342 laeserat,
1358 1313 1399 1335 ex
1425 1313 1546 1346 magna
1574 1312 1661 1344 parte
1686 1302 1848 1334 redemit.
1877 1303 1910 1335 Si
1938 1299 2015 1334 vero

1084 1352 1224 1385 voluerit
1255 1351 1384 1396 ingredi
1417 1350 1542 1386 duabus
1563 1351 1622 1385 viis
1649 1375 1660 1390 ‚
1699 1349 1788 1392 quod
1810 1361 1920 1384 tamen
1947 1361 2016 1384 non

1082 1401 1264 1443 credimus,
1291 1402 1368 1445 quia
1381 1401 1554 1445 pecuniam
1574 1399 1695 1435 dicitur
1715 1401 1886 1444 respuiffe,
1909 1401 1941 1433 ἀ
1965 1400 2017 1433 lit-

1083 1463 1163 1485 teras
1184 1451 1374 1491 retineatis,
1398 1451 1433 1484 &
1454 1462 1496 1484 ne
1513 1460 1630 1485 nocere
1653 1450 1783 1488 valeat,
1808 1450 1911 1482 estote
1934 1448 2019 1481 solli·

1083 1503 1159 1535 citi.
1188 1500 1455 1534 Sollicitaverunt
1477 1510 1538 1533 nos
1561 1499 1694 1541 quidam
1716 1510 1757 1532 ex
1769 1497 2016 1533 conscientia&

1083 1549 1247 1584 Mandato
1261 1550 1364 1594 Regis
1377 1574 1386 1590 ‚
1414 1559 1450 1583 ut
1462 1549 1502 1582 ad
1517 1549 1618 1592 ipsum
1632 1549 1666 1581 in
1688 1548 1932 1582 Normanniam
1946 1557 2017 1591 pro·

1084 1601 1285 1634 ficilcamur:
1313 1611 1373 1633 nec
1387 1598 1452 1633 hoc
1474 1599 1688 1633 detrectamus
1708 1598 1859 1642 implere,
1887 1594 2018 1631 linobis

1084 1650 1117 1683 in
1141 1651 1291 1684 confinio
1311 1658 1465 1683 terrarum
1479 1673 1490 1688 ‚
1540 1660 1552 1681 t
1576 1649 1765 1690 promissum
1778 1649 1822 1682 est
1837 1672 1847 1687 ,
1871 1655 2018 1682 occurre·

1083 1700 1147 1733 rint
1161 1724 1172 1739 ‚
1197 1701 1252 1742 qui
1268 1699 1362 1733 nobis
1382 1699 1416 1732 dc
1438 1660 1554 1731 nostzs
1566 1698 1727 1729 sufficiant
1749 1697 1891 1739 praestare
1903 1698 2018 1730 securi—

1083 1759 1202 1782 tatem.
1232 1748 1421 1781 vosautem
1435 1746 1571 1785 instate,
1599 1754 1634 1778 ut
1645 1745 1814 1779 Dominus
1834 1745 2018 1788 Papainhi·

1084 1797 1156 1831 beat
1169 1821 1179 1837 ,
1208 1808 1248 1830 ne
1258 1808 1381 1830 novam
1393 1821 1403 1836 ,
1429 1794 1464 1830 ὃ(
1483 1805 1591 1839 praeter
1613 1806 1736 1829 morem
1754 1795 1903 1829 Eccleliae
1915 1794 2019 1830 Galli-

1084 1858 1171 1881 canae
1195 1847 1228 1880 &
1251 1847 1446 1891 Anglicanae
1467 1846 1650 1889 praestemus
1675 1844 1863 1879 cautionem
1888 1869 1899 1884 ,
1935 1855 1976 1879 ne
1999 1845 2019 1877 ὲ

1086 1898 1213 1937 forma,
1239 1905 1337 1939 quarn
1359 1897 1445 1940 Regi
1471 1895 1621 1939 scriptam
1645 1895 1789 1929 misimus
1812 1917 1822 1933 ‚
1851 1895 2018 1929 Dominus

1086 1947 1173 1988 Papa
1198 1947 1343 1987 recedat;
1372 1956 1408 1979 ut
1429 1956 1552 1988 partem
1575 1945 1812 1979 condecentem
1832 1944 2017 1979 ablatorum

1087 1994 1183 2028 nobis
1206 1995 1327 2029 restitui
1352 1995 1532 2038 praecipiat3
1559 2006 1594 2029 ut
1605 2004 1720 2029 terreat
1731 1996 1859 2039 Regem
1872 1995 2018 2028 metuin-

1086 2045 1206 2079 terditsti
1231 2045 1264 2079 in
1287 2046 1379 2079 terris
1399 2046 1596 2088 cismarinis·‚
1624 2055 1659 2080 ut
1673 2045 1757 2090 Regi
1775 2046 1961 2090 Anglorum
1974 2043 2022 2077 di·

1087 2094 1241 2139 ligentius
1262 2094 1398 2135 scribat,
1424 2106 1585 2139 quatenus
1610 2107 1669 2129 nos
1692 2096 1825 2139 recipiat
1847 2096 1881 2129 in
1900 2095 2018 2129 osculo

1089 2146 1195 2187 paeis3
1220 2145 1372 2187 &jubeat
1387 2146 1420 2178 in
1444 2146 1517 2179 aliis
1539 2147 1675 2187 litteris,
1701 2156 1738 2180 ut
1749 2155 1847 2180 terras
1858 2145 1981 2179 ablatas
2005 2169 2018 2184 ‚

1087 2206 1166 2238 quas
1189 2196 1493 2236 praenominavimus
1509 2220 1519 2235 ,
1555 2196 1620 2229 line
1643 2196 1763 2237 quibus
1783 2207 1846 2239 pax
1866 2195 1928 2229 effe
1949 2205 2018 2228 non

1087 2243 1204 2287 potest,
1219 2243 1365 2277 Eccleliae
1378 2244 1604 2278 Cantuariensr
1619 2246 1764 2280 restituat
1779 2270 1786 2278 .
1813 2245 1896 2279 Item
1908 2243 2021 2291 probi<

1088 2294 1159 2328 beat
1174 2305 1213 2326 ne
1226 2294 1366 2336 aliquem
1378 2317 1390 2333 ,
1415 2294 1472 2326 nili
1499 2294 1639 2336 praestito
1661 2295 1838 2329 secundum
1852 2305 1975 2328 morem
1986 2294 2021 2328 ἃς

1087 2346 1224 2378 formam
1245 2343 1394 2377 Ecclesiae
1412 2342 1597 2386 juramento
1610 2366 1621 2382 ,
1651 2343 1692 2377 ab
1713 2342 1930 2378 anathematis
1951 2344 2021 2378 vin-

1087 2395 1163 2428 culo
1186 2394 1410 2436 praesumamus
1430 2393 1614 2428 absolvere.
1643 2394 1813 2440 Qoniam
1838 2395 1922 2427 inter
1948 2394 2020 2436 jura

1087 2443 1382 2482 consuetudinum,
1408 2454 1486 2485 quas
1511 2443 1661 2475 vendicat
1681 2451 1796 2475 contra
1821 2442 1932 2475 Deum
1957 2465 1969 2481 ‚
1995 2442 2018 2475 fi

1087 2492 1236 2528 credatur
1255 2494 1396 2536 expertis
1409 2519 1418 2532 ,
1445 2491 1615 2526 manifeste
1632 2492 1849 2535 cognoscetur
1871 2490 1936 2525 hoc
1951 2490 2017 2525 fere

1087 2545 1147 2578 effe
1160 2545 1324 2587 perniciosi
1331 2543 1458 2576 ffimum
1470 2566 1476 2573 .
1505 2542 1542 2573 ln
1555 2551 1622 2582 quo
1634 2541 1654 2574 li
1666 2541 1683 2573 a
1699 2541 1950 2584 praesumprione
1963 2541 2019 2575 sua

1087 2594 1240 2628 ceciderit
1262 2618 1272 2634 ,
1300 2605 1367 2627 non
1391 2590 1588 2635 magnopere
1603 2615 1613 2630 ‚
1638 2600 1676 2624 ut
1698 2592 1879 2635 speramus,
1906 2602 1948 2624 ne
1969 2591 2021 2627 sae-

1089 2644 1159 2687 pius
1174 2643 1418 2682 confundatur,
1445 2640 1565 2674 insistet
1576 2642 1710 2674 caeteris.
1740 2640 1795 2676 Ad
1819 2639 1883 2674 haec
1901 2650 1936 2674 ut
1949 2639 2021 2682 Do-

1088 2695 1195 2728 minus
1214 2694 1300 2736 Papa
1322 2690 1598 2726 Christianiffimo
1621 2689 1708 2734 Regi
1730 2689 1772 2724 de
1793 2690 2020 2725 consolatione

1089 2744 1195 2779 nostra
1206 2744 1325 2788 gratias
1338 2751 1437 2786 agens
1448 2765 1459 2782 ,
1476 2740 1591 2774 scribat
1601 2741 1841 2774 exhortatorias
1850 2740 1885 2773 ὅ(
1898 2740 2020 2775 anima·

1088 2796 1187 2828 torias
1198 2819 1208 2833 ‚
1221 2793 1409 2827 interserens
1425 2791 1457 2825 in
1472 2791 1519 2825 eis
1531 2801 1692 2832 quantum
1705 2790 1742 2824 fit
1756 2790 1878 2824 crimen
1892 2789 2019 2824 sacrile-

1087 2844 1155 2888 gii,
1182 2843 1330 2877 Eccleliae
1342 2841 1427 2876 bona
1440 2841 1578 2884 diripere
1590 2865 1600 2880 ‚
1626 2840 1659 2874 ὄε
1672 2841 1736 2874 fine
1747 2839 1828 2882 justa
1846 2840 1938 2874 causa
1950 2851 2019 2883 pere

1088 2895 1181 2928 sonas
1201 2892 1433 2927 Ecclefiasticas
1452 2890 1619 2934 exquifitis
1631 2890 1857 2925 occasionibus
1870 2889 2020 2925 fraudare

1088 2943 1151 2977 suis
1169 2942 1264 2976 bonis
1284 2967 1293 2982 ,
1323 2942 1356 2976 ὅ(
1379 2940 1468 2985 quod
1491 2951 1660 2984 peccatum
1681 2941 1744 2973 fine
1765 2941 1960 2984 poenitenria
1981 2938 2017 2971 δε

1088 2993 1307 3027 satisfactione
1319 3015 1329 3031 ‚
1356 2991 1527 3034 praesertim
1545 3002 1620 3025 cum
1642 3000 1769 3033 tempus
1787 2990 1874 3024 adest
1889 3013 1904 3029 ,x
1929 2989 1961 3022 &
1974 2998 2020 3022 re·

1087 3053 1158 3077 rum
1181 3043 1276 3085 copia
1296 3042 1454 3085 suppetit,
1483 3054 1551 3076 non
1576 3040 1777 3075 dimittitur.
1801 3039 1974 3088 Qoniam
1997 3037 2020 3070 fi

1086 3091 1269 3134 resablata,
1294 3102 1367 3126 cum
1381 3092 1598 3134 reddipoffit,
1627 3101 1695 3124 non
1720 3089 1889 3129 redditur,
1916 3088 2019 3132 phan-

1086 3143 1198 3177 tastica
1225 3143 1417 3186 poenitentia
1439 3142 1483 3175 est
1498 3165 1509 3181 ,
1532 3141 1567 3174 ἃ
1580 3151 1647 3173 non
1660 3150 1732 3174 vera
1746 3164 1757 3180 ,
1783 3151 1851 3184 quar
1869 3136 2019 3183 proficiat

1085 3191 1126 3227 ad
1149 3193 1304 3234 salutem,
1326 3193 1378 3226 sed
1401 3191 1583 3226 accumulat
1605 3189 1854 3224 damnationem
1872 3214 1879 3220 .
1910 3185 2020 3219 Mitti-

1087 3253 1155 3278 mus
1167 3243 1260 3278 vobis
1271 3242 1464 3287 petitionem
1478 3263 1489 3280 ,
1502 3250 1601 3284 quarn
1613 3240 1815 3282 porreximus
1825 3235 1940 3281 Regi‚a
1954 3243 2019 3278 qua

1086 3292 1177 3327 nullo
1190 3293 1292 3328 niodo
1303 3290 1470 3330 recedatis,
1497 3290 1556 3324 nifi
1570 3290 1691 3333 poffitis
1702 3288 1868 3323 meliorare
1880 3285 2021 3326 causam,

1085 3342 1249 3378 &litteras
1259 3354 1338 3386 quas
1351 3341 1495 3374 misimus
1508 3340 1661 3385 magistro
1675 3336 1870 3380 Viviano,&
1882 3344 1961 3378 quas
1977 3333 2019 3371 il·

1087 3393 1164 3432 le‚ut
1175 3394 1372 3436 accepimus,
1385 3391 1470 3424 milit
1486 3389 1673 3434 Anglorum
1687 3387 1782 3430 Regi.
1798 3386 1879 3432 Qo
1891 3381 2018 3428 plenius

1086 3443 1228 3479 instructi
1255 3441 1426 3486 negotium
1466 3439 1611 3475 Ecclefia:
1648 3435 1769 3482 poffitis
1809 3432 2020 3472 commodius

1491 3488 1550 3525 Aa
1847 3493 1976 3530 promo·
