2358 3776
434 69 473 115 s.
509 63 809 114 THOMAE
843 62 1427 123 CANTUAR.-›L113.
1465 68 1567 112 111.

75 158 159 195 alios
171 157 321 203 deinceps
334 154 488 191 Nuncios
500 154 539 189 ad
551 153 757 197 Maiestatem
766 150 906 185 vestram
917 150 1016 182 trans-

74 210 237 250 misimus,
264 218 320 250 per
330 218 412 251 quos
425 208 547 241 litteras
570 204 686 239 vestras
708 201 908 245 recepimus,
938 209 1016 242 quas

74 259 110 292 ὅ(
124 262 201 305 ipsas
214 257 322 292 adhuc
334 268 429 300 penes
442 268 502 290 nos
513 254 668 290 habemus
678 279 688 294 ‚
721 253 755 286 in
768 251 886 297 quibus
897 258 1015 282 terram

75 310 219 345 nostram
241 308 274 342 δε
295 309 443 352 personas
468 306 574 349 Regni
597 306 615 338 a
630 302 748 346 praefati
774 299 1017 334 Cantuarienlis

75 352 234 402 potestate
244 357 435 391 eximebatis
449 381 458 396 ‚
480 352 587 389 donec
599 354 664 397 ipse
676 353 709 386 in
721 352 860 397 gratiam
878 348 1015 388 nostram

75 403 236 443 rediisset.
263 408 367 456 Qod
380 418 455 440 cum
470 404 545 439 ante
557 403 796 439 restitutionem
821 399 935 433 nostrae
947 409 1015 443 gra-

74 455 153 498 tiae,
178 459 337 492 nescimus
359 456 403 491 ob
425 453 524 500 quam
543 455 668 488 causam
692 476 703 493 ,
729 450 977 485 immutaveritis
1004 473 1014 488 ‚

77 504 157 542 dum
168 509 226 542 alii
242 501 366 541 Nuncii
382 503 483 541 nostri
496 504 602 539 adhuc
617 505 650 537 in
665 502 764 536 Curia
787 499 887 533 vestra
908 510 1017 532 mora·-

74 569 207 599 rentur,
232 557 450 599 &antequam
477 554 638 589 noviffimi
661 550 777 596 Legati
797 549 890 582 vestri
903 549 942 581 ad
958 559 1017 582 nos

74 609 313 651 pervenissent,
339 606 504 642 Vivianus
518 603 739 640 &Gratianus
751 625 762 640 ,
783 600 851 642 ipse
866 598 898 632 in
914 600 1016 642 perso-

73 669 135 692 nas
158 658 266 703 Regni
291 655 410 697 nostri,
435 650 475 690 δι’
493 657 531 688 in'
540 651 695 699 quosdam
721 649 895 685 familiares
914 650 946 683 &
960 651 1017 683 ser·

76 709 202 742 vientes
227 708 374 747 nostros,
402 708 457 748 qui
482 706 614 750 singulis
638 701 750 737 diebus
779 699 874 736 nobis
896 700 1016 735 adsiste·

75 759 157 792 bant
168 783 178 798 ,
198 756 558 792 excommunicationis
569 752 761 788 senteutiam
785 750 1014 794 promulgavit.

77 809 169 842 Cum
182 810 259 841 vero
271 808 523 852 praenominatos
542 804 578 837 N
581 803 697 837 uncios
709 800 822 835 debito
845 812 904 836 nos
915 800 1016 833 hono·

77 857 114 891 re
126 857 370 900 suscepissemus
380 881 391 897 ‚
416 856 471 900 qui
484 865 550 888 tam
564 864 618 897 per
629 852 751 886 litteras
763 851 878 885 vestras
891 875 901 891 ‚
921 850 1017 894 quam

76 908 151 940 viva
176 917 256 939 voce
276 906 535 948 protestabantur
555 928 566 944 ,
593 900 683 947 quod
705 901 745 937 ad
771 901 931 935 honorem
955 911 1018 934 no-

76 956 223 991 strum&
237 955 349 1001 Regni
369 955 470 990 nostri
491 954 726 988 exaltationem
753 952 910 986 venissent
924 975 934 990 ‚
961 949 1019 993 pri-

75 1001 136 1053 mo
147 1005 223 1040 loco
234 1005 275 1039 de
286 1005 493 1051 absolvendis
503 1002 794 1038 excommunicatis
804 1003 1019 1040 tractavimus,

77 1055 135 1101 qui
148 1055 216 1091 non
230 1055 334 1090 solum
346 1056 388 1090 ad
400 1056 543 1090 nostram
556 1078 566 1094 ‚
594 1052 704 1087 verum
725 1054 825 1086 etiam
847 1052 887 1085 ad
903 1050 1019 1085 vestro-

77 1108 152 1140 fum
165 1106 366 1150 Legatorum
398 1105 549 1148 injuriam
567 1103 844 1138 excommunicati
866 1101 1018 1135 videban-

81 1162 158 1197 tur,
188 1154 402 1199 petitionibus
413 1155 501 1195 illis,
526 1165 606 1199 quas
626 1165 666 1187 ex
689 1164 777 1197 parte
799 1151 899 1186 vestra
925 1150 1020 1184 nobis
1044 1159 1046 1161 ·

80 1205 330 1254 proponebant,
354 1212 513 1246 quantum
528 1214 731 1248 poteramus,
753 1202 798 1236 ob
811 1200 1020 1235 reverentiam

80 1257 116 1290 &
138 1265 281 1289 amorem
306 1255 441 1287 vestrum
464 1255 519 1297 pio
539 1255 662 1286 assensu
690 1249 986 1285 condescendentes
1013 1272 1019 1279 .

80 1298 315 1348 preponebant
327 1303 485 1346 siquidem
508 1302 616 1336 litterz
637 1300 764 1338 vestrae,
791 1308 950 1343 quatenus
971 1298 1023 1330 sa:-

80 1354 195 1398 petato
203 1352 425 1399 Cantuarienfi
440 1352 676 1395 *Episcopatum
687 1349 779 1382 suum
792 1372 802 1388 ,
829 1358 941 1392 pacem
966 1371 977 1387 ‚
989 1346 1021 1380 ὃ(

78 1413 226 1438 amorem
240 1401 384 1436 nostrum
400 1400 603 1435 redderemus
616 1427 624 1434 .
652 1398 725 1432 Nos
742 1398 818 1431 vero
845 1397 1023 1441 postpofito

81 1449 175 1488 omui
191 1451 318 1486 honore
330 1451 440 1485 nostro
452 1474 462 1489 ,
494 1450 740 1484 communicato
752 1448 888 1482 consilio
905 1447 1024 1480 Burdi-

81 1502 222 1549 galensis
236 1503 270 1536 &
282 1501 557 1545 Rothomagensis
571 1497 927 1542 Archi-Episcoporum
940 1522 951 1537 ‚
965 1497 1024 1531 Ge-

81 1551 310 1597 nomanensis,
335 1550 557 1589 Redonenfis,
582 1548 783 1592 Bajocenfis,
798 1547 1025 1586 Lexovienfis‚

82 1601 343 1636 Constantienfis
356 1601 390 1635 δε
402 1600 562 1644 Sagienfis
576 1600 810 1642 Episcoporum
820 1621 831 1636 ‚
845 1595 1025 1631 Fiscanien-

84 1647 149 1691 fis,
176 1651 347 1685 Beccensis
363 1675 372 1691 ‚
398 1649 504 1683 Sancti
523 1647 776 1694 Wandergifili,
802 1645 1026 1687 Cadomenfis,

85 1701 314 1741 Troanenlis,
342 1699 537 1739 Ceresenfis,
565 1698 803 1739 Rievallenfis,
830 1697 1028 1733 Mortuima-

81 1751 204 1791 ποῦς,
228 1750 433 1791 Tyronenfis
449 1772 460 1788 ,
489 1747 690 1782 Beldecensis
713 1772 725 1789 ,
750 1748 786 1782 δε
823 1747 1027 1790 quorundam

82 1800 223 1835 aliorum
238 1798 405 1832 Abbatum
417 1822 426 1836 ,
453 1808 582 1831 necnon
598 1798 632 1830 δε
652 1796 811 1828 Gaufredi
841 1793 1027 1828 Antifiodo-

82 1849 200 1889 tensis,
227 1846 478 1891 &quorundam
494 1846 634 1879 aliorum
659 1844 905 1888 Religiosorum
929 1843 1027 1877 Viro·-

83 1909 160 1934 rum
180 1923 191 1939 ,
216 1896 430 1931 concessimus
453 1905 529 1931 ante
550 1895 640 1929 disto
663 1893 887 1927 Cantuariensi
907 1917 919 1933 ‚
950 1892 1027 1926 licet

85 1949 178 1992 ipse,
203 1947 281 1981 sicut
304 1946 398 1981 vobis
420 1946 588 1980 multoties
609 1944 877 1988 significavimus,
910 1944 1028 1985 absque

86 1997 289 2032 conscientia
311 1997 418 2031 nostra
440 1997 472 2029 δι
497 1994 666 2029 coastione
679 1993 816 2036 aliquaa
838 1993 958 2036 Regno
973 2003 1027 2024 no-

87 2048 155 2081 stro
177 2047 315 2085 exierit,
340 2056 377 2080 ut
397 2046 430 2079 in
448 2045 541 2079 bono
560 2045 639 2077 &in
665 2054 741 2086 pace
753 2042 890 2081 rediret,
915 2043 948 2075 ὅ(
961 2043 1026 2083 pos-

85 2097 238 2137 sessiones
249 2097 318 2130 suas
329 2106 446 2131 omnes
458 2093 590 2139 haberet
600 2119 609 2133 ,
639 2094 716 2126 licut
729 2092 843 2126 habuit
867 2091 999 2136 quando
1011 2093 1027 2123 a

86 2148 212 2193 Regno
223 2147 326 2181 exivit
338 2171 349 2186 ,
375 2145 487 2189 &ipse
499 2146 534 2179 &
547 2155 661 2178 omnes
675 2143 818 2185 quicum
829 2153 869 2175 eo
891 2142 940 2173 vel
955 2151 1030 2183 pro-

87 2207 161 2244 pter
182 2207 258 2231 eum
278 2197 430 2230 exierunt
450 2220 461 2236 ,
488 2195 532 2228 ob
544 2194 704 2227 honorem
717 2194 804 2232 Dei,
830 2192 863 2226 δε
882 2191 927 2225 ob
940 2201 1026 2223 amo-

88 2258 159 2281 rem
173 2247 309 2280 vestrum
319 2268 328 2283 ‚
350 2243 443 2289 salva
455 2246 604 2288 dignitate
616 2247 712 2286 Regni
730 2242 828 2283 Austri
842 2267 849 2274 .
877 2241 1029 2282 Cumque

88 2293 526 2337 Nunciivestrisupradistis
539 2293 627 2327 Viris
656 2293 846 2335 responsum
878 2289 943 2324 hoc
965 2290 1030 2324 abs·

90 2343 160 2391 que
172 2345 277 2379 omni*
290 2344 550 2379 contradictione
572 2342 759 2385 recepissent
770 2366 780 2382 ‚
807 2340 1028 2375 excommuni-

91 2406 184 2430 catos
219 2394 294 2429 illos
327 2416 339 2435 ,
364 2395 420 2437 qui
451 2395 616 2438 praesentes
650 2402 761 2431 erant,
788 2390 992 2424 absolverunt
1021 2414 1027 2421 .

90 2445 263 2479 Convenit
274 2453 381 2477 autem
395 2443 478 2476 inter
495 2454 575 2482 nos,
593 2452 628 2475 ut
653 2443 732 2474 alter
752 2451 862 2473 eorum
876 2464 886 2479 ‚
914 2440 1026 2473 Vivia-

91 2506 156 2530 arus
168 2493 290 2527 scilicet
303 2517 313 2532 ‚
334 2504 392 2536 pro
403 2493 700 2527 excommunicatis
713 2490 775 2524 illis
785 2491 887 2534 quiin
904 2489 1029 2533 Anglia

89 2553 205 2583 erant,
234 2542 438 2577 absolvendis
474 2543 712 2581 transfretaret,
739 2541 915 2574 Gratianus
954 2539 1030 2573 vero

91 2595 135 2629 ad
147 2593 241 2627 verba
253 2590 319 2625 haec
330 2592 409 2635 saepe
424 2591 599 2624 nominato
618 2591 844 2625 Cantuarienfi
871 2590 1028 2633 transpor-

94 2643 196 2677 tanda
209 2642 342 2677 rediret.
377 2642 596 2674 Maneautem
610 2641 695 2673 facto
708 2639 847 2672 cumbab
869 2641 914 2673 eis
927 2664 936 2678 ,
962 2640 1029 2682 qui·

94 2693 231 2728 busdam
253 2691 396 2738 negotiis
419 2702 479 2725 nos
501 2689 704 2723 trahentibus
723 2713 733 2727 ,
770 2698 901 2731 accepta
923 2688 964 2721 ab
983 2689 1029 2721 eis

96 2742 188 2787 prius
210 2742 339 2776 licentia
360 2764 373 2782 ,
399 2740 624 2775 recessissemus
647 2764 657 2778 ,
684 2739 846 2771 nescimus
869 2737 959 2780 cujus
983 2737 1030 2770 in-

95 2793 213 2826 stinstu
226 2817 237 2832 ,
263 2801 319 2825 aut
339 2802 407 2834 quo
428 2790 540 2836 spiritu
553 2815 564 2831 ,
595 2788 749 2822 conceffis
769 2787 849 2821 stare
871 2790 1030 2821 recusave-

97 2854 174 2877 runt
185 2867 196 2882 ,
210 2843 376 2875 causantes
388 2841 520 2876 verbum
544 2840 625 2873 illud
639 2864 648 2879 ,
676 2849 742 2882 quo
755 2848 814 2871 nos
834 2837 1028 2880 dignitatem

99 2891 212 2937 Regni
226 2892 325 2925 nostri
338 2891 456 2925 salvam
470 2892 538 2930 flore
549 2890 734 2923 dixeramus
746 2913 754 2919 .
782 2888 884 2934 Qiod
897 2898 962 2920 tam
975 2900 1032 2921 no-

99 2942 174 2982 bis,
199 2943 294 2984 quam
307 2940 373 2975 illis
384 2942 438 2983 qui
454 2931 620 2975 nobiscum
633 2940 765 2973 aderant
778 2962 788 2977 ,
811 2937 902 2970 nullo
913 2937 980 2980 jure
991 2938 1030 2971 ab

98 2993 148 3024 eis
170 2991 292 3024 causari
315 2990 431 3025 debere
453 2989 637 3023 videbatur.
666 2990 740 3023 Nos
760 2997 867 3021 autem
881 2987 974 3030 hujus
986 2990 1029 3022 rei

100 3043 215 3077 seriem
227 3040 266 3075 ad
279 3040 410 3073 vestram
421 3041 657 3074 conscientiam
681 3038 881 3074 referendam
903 3040 964 3072 esse
974 3037 1030 3072 du-

102 3092 234 3131 ximus,
252 3089 293 3123 de
304 3089 403 3122 vestra
420 3091 542 3134 semper
561 3088 755 3122 discretione
775 3089 995 3132 praesumentes
1021 3112 1032 3130 ,

102 3141 193 3185 quod
206 3140 307 3174 vosin
327 3138 421 3172 nullo
440 3137 557 3173 honori
582 3138 693 3173 nostro
713 3138 869 3183 derogare
889 3138 995 3172 velitis
1022 3163 1032 3178 ,

104 3191 156 3224 vel
172 3190 280 3234 Regni
295 3188 396 3223 nostri
408 3188 565 3233 dignitati
578 3213 589 3229 ,
608 3188 730 3222 obnixe
741 3189 910 3224 Serenitati
926 3188 1033 3221 vestrae

103 3240 320 3282 supplicantes
331 3264 341 3279 ,
368 3248 529 3279 quatenus
546 3239 668 3271 attente
682 3239 917 3272 considerantes
929 3237 1032 3271 hono-

105 3301 173 3324 rem
184 3290 217 3322 &
230 3289 404 3322 utilitatem
420 3312 431 3327 ‚
458 3299 555 3331 quam
569 3289 658 3321 vobis
670 3289 702 3321 &
713 3289 820 3322 Curiae
839 3289 944 3322 vestrae
957 3300 1034 3322 con-

107 3341 242 3374 tulimus
254 3362 265 3377 ,
291 3339 369 3371 &in
385 3339 528 3372 futurum
539 3359 550 3376 ‚
570 3336 626 3370 nisi
639 3349 692 3381 per
706 3349 762 3372 vos
772 3340 892 3373 steterit
905 3362 914 3377 ‚
925 3337 1033 3371 confe-

108 3400 214 3427 remus
225 3412 236 3427 ,
246 3388 286 3421 lic
297 3398 362 3421 rem
376 3390 570 3430 temperetiS,
594 3397 637 3420 ne
649 3398 742 3432 penes
756 3398 813 3423 vos
824 3389 950 3423 tantum
968 3389 1034 3432 pos

205 3442 230 3470 C
232 3435 312 3478 brist.
322 3440 401 3479 Lupi
411 3441 509 3480 Opera
518 3442 595 3470 Tom.
609 3439 651 3469 X.

1855 89 1911 131 25
1927 89 1946 133 5

1085 150 1145 184 sint
1157 148 1247 183 illius
1259 146 1373 190 perfidi
1390 146 1576 184 Proditoris
1590 153 1691 190 nostri
1718 156 1886 193 malitiosa
1897 158 2024 194 blandi⁴

1086 200 1137 234 tiae
1148 224 1159 239 ,
1185 197 1346 242 quantum
1368 197 1533 232 evidentia
1560 210 1610 234 tot
1621 202 1654 236 δε
1677 213 1842 242 tantorum
1866 209 2023 243 Virorum

1086 247 1279 285 testimoniis
1303 245 1510 282 corroborata
1534 251 1636 283 causae
1660 253 1773 287 nostrae
1797 260 1910 293 merim
1928 284 1941 301 ‚
1971 259 2023 294 sed

1086 300 1175 347 juxta
1186 298 1379 342 petitionem
1394 299 1538 332 nostram
1558 310 1614 333 eos
1627 324 1636 339 ‚
1662 302 1718 342 qui
1743 310 2025 344 excommunicati,

1088 352 1160 384 sunt
1173 373 1184 389 ,
1210 348 1383 383 absolvatis
1397 373 1407 388 ‚
1433 349 1468 383 ἀ
1482 360 1520 383 ne
1532 349 1565 382 in
1580 350 1681 384 nos&
1694 351 1777 385 alios
1788 365 1945 393 venenum
1960 360 2025 393 suae

1086 399 1445 434 excommunicationis
1460 400 1652 443 perfundere
1664 401 1760 443 poffit
1771 425 1783 441 ‚
1811 406 2002 444 provideatis
2014 433 2022 441 -

1087 452 1142 484 Ne
1164 449 1185 482 fi
1211 450 1318 482 minus
1341 448 1374 482 in
1399 447 1459 482 hac
1478 449 1558 492 justa
1574 450 1735 493 petitione
1756 451 1864 486 nostra
1877 457 2023 492 exauditi

1087 499 1241 535 fuerimus
1253 524 1263 539 ‚
1285 500 1440 543 tanquam
1454 499 1495 532 de
1510 499 1607 533 vestra
1619 498 1850 536 benevolentia
1861 502 2027 546 desperan-

1087 562 1134 584 tes
1142 574 1152 590 ‚
1163 550 1255 584 aliter
1267 550 1429 583 securitati
1442 548 1557 583 nostrae
1568 550 1602 584 &
1614 548 1735 585 honori
1748 552 1927 596 prospicere
1938 564 2026 587 com·

1088 600 1265 645 pellamur.
1296 600 1339 633 Et
1349 598 1505 643 quoniam
1517 598 1667 645 singula,
1693 612 1762 644 quae
1781 602 1800 636 ὲ
1826 603 1922 636 nobis
1941 603 2029 641 dieta

1089 651 1206 684 sunt&
1221 649 1379 693 proposlta
1393 674 1404 689 ‚
1430 649 1563 684 difficile
1580 651 1700 693 scripto
1713 648 2031 695 comprehenderem

1089 711 1140 735 tur
1151 725 1161 740 ‚
1188 699 1438 734 transmittimus
1449 699 1489 733 ad
1502 698 1595 743 pedes
1608 700 1817 736 Paternitatis
1827 702 1934 736 vestrae
1944 702 2028 736 Cle-

1089 750 1171 785 ricos
1181 751 1213 785 ὅ(
1226 748 1411 784 Familiares
1424 750 1549 784 nostros
1561 775 1570 789 ‚
1588 750 1809 796 Reginaldum
1826 751 2028 786 Archi-Dia-

1089 810 1212 836 conum
1224 799 1494 834 saresberiensem
1507 825 1517 840 ,
1543 802 1576 835 δε
1597 801 1800 838 Richardum
1826 802 1922 836 Barre
1933 827 1944 842 ,
1969 802 2031 845 qui,

1089 850 1216 896 plenius
1230 850 1323 883 vobis
1335 851 1463 890 cuneta,
1480 861 1550 894 quae
1562 850 1728 886 hincinde
1737 853 1861 896 agitata
1872 854 1959 892 sunt,
1972 864 2033 886 ex-

1090 910 1235 945 ponent.
1263 899 1396 948 Qibus
1409 900 1442 933 in
1454 901 1578 935 cunetis
1589 925 1600 941 ,
1619 913 1689 946 quae
1700 913 1741 936 ex
1756 902 1862 936 nostra
1876 913 1964 946 parte
1976 913 2028 936 ve-

1090 953 1157 985 strae
1169 950 1326 985 sanititati
1341 961 1527 993 proponent
1541 976 1551 991 ‚
1565 951 1663 986 fidem
1676 952 1899 986 indubitanter
1911 951 2028 986 habea·

1090 1003 1144 1036 tis.
1179 1002 1231 1035 De
1240 1011 1385 1047 quorum*
1393 999 1498 1034 reditu
1512 1000 1702 1036 festinanter
1725 1002 1890 1036 maturato
1903 1003 2004 1036 vestra
2016 1026 2029 1042 ‚

1088 1063 1256 1096 precamur
1267 1051 1300 1085 ὃ(
1313 1050 1516 1086 consulimus
1529 1051 1847 1096 sollicite‚provideat
1860 1053 2025 1093 discretio,

1088 1101 1244 1147 quoniam
1256 1112 1368 1135 eorum
1381 1112 1471 1134 mora
1486 1100 1676 1137 diuturnior
1699 1104 1877 1146 periculum
1890 1103 1922 1139 &
1934 1101 2028 1136 dam-

1090 1164 1170 1187 num
1184 1150 1389 1187 intolerabile
1404 1150 1548 1184 Ecclefiae
1561 1153 1661 1194 posset
1673 1151 1798 1188 adferre
1813 1179 1821 1188 .

1265 1251 1294 1284 E
1322 1251 1348 1284 P
1375 1251 1390 1284 1
1417 1252 1438 1284 S
1465 1250 1502 1284 T
1526 1252 1560 1285 Ο
1586 1252 1615 1286 L
1642 1251 1673 1286 A
1761 1253 1856 1287 XXI.

1190 1348 1360 1382 Alexandro
1389 1350 1485 1391 Papa·
1511 1349 1658 1383 Retrodus
1691 1349 1930 1395 Rotbomaegenfis

1401 1399 1677 1445 ‘Archi-Episcopus
1691 1425 1698 1433 .

1173 1498 1363 1536 VOCATI
1375 1500 1484 1533 sumus
1496 1499 1514 1532 a
1526 1499 1678 1535 Domino
1696 1500 1806 1534 nostro
1819 1500 1929 1545 Rege.
1943 1500 2033 1535 Cum

1199 1550 1392 1582 venissemus
1408 1548 1596 1596 adeuriam
1608 1575 1618 1590 ,
1631 1551 1664 1584 δε
1685 1562 1759 1584 cum
1775 1550 1884 1585 vestris
1897 1551 2031 1596 Legatis

1091 1600 1156 1643 jam
1179 1598 1422 1641 aliquantulum
1445 1600 1626 1642 processum
1648 1601 1724 1635 effe:
1748 1601 1839 1644 super
1859 1600 2031 1634 Mandatis

1094 1649 1200 1684 vestris
1210 1673 1220 1688 ,
1247 1661 1289 1683 ex
1303 1649 1503 1683 veraciffimo
1516 1648 1879 1693 Archi-Episcoporum
1893 1652 1929 1694 &b
1941 1651 2035 1694 Epis-

1092 1711 1251 1742 coporum
1277 1699 1404 1736 relatu,
1430 1699 1483 1741 qui
1509 1699 1550 1731 ad
1575 1697 1640 1731 hoc
1663 1709 1840 1739 venerant,
1867 1701 2034 1743 &quibus

1094 1749 1248 1783 nimirum
1270 1747 1454 1787 credimus,
1481 1747 1560 1780 sicut
1584 1746 1679 1781 nobis
1699 1771 1709 1787 ‚
1738 1747 1853 1781 auditu
1876 1747 2038 1791 comperi·

1093 1808 1164 1830 mus
1187 1821 1197 1835 ‚
1225 1796 1314 1839 quod
1344 1795 1497 1829 Nuncios
1514 1796 1547 1828 ἀ
1572 1796 1697 1831 litteras
1729 1798 1847 1832 vestras
1869 1798 2036 1832 Dominus

1094 1847 1167 1880 Rex
1183 1846 1372 1890 Anglorum
1386 1847 1481 1879 tanto
1503 1846 1625 1888 majore
1639 1847 1748 1881 laetitia
1762 1848 1794 1880 ὅ(
1806 1848 1976 1881 alacritate
1989 1850 2037 1882 su-

1094 1897 1225 1938 sceperit
1239 1921 1248 1936 ,
1260 1895 1387 1938 quanto
1402 1896 1556 1938 majorem
1569 1896 1596 1929 ei
1613 1896 1827 1940 benignitatis
1840 1897 1945 1931 vestrae
1956 1909 2034 1942 gra-

1093 1947 1172 1979 tiam
1190 1946 1376 1988 promittere
1391 1946 1604 1979 videbantut.
1636 1946 1742 1981 Unde
1754 1946 1916 1990 petitione
1931 1947 2034 1981 vestra

1094 1996 1135 2028 de
1157 2006 1235 2037 pace
1248 1995 1487 2029 Cantuarienfis
1506 1995 1608 2029 Archi
1622 2014 1630 2020 ·
1645 1996 1826 2041 Episcopi,
1853 1998 1886 2030 δε
1899 2000 2032 2031 suorum

1096 2044 1200 2078 reditu
1214 2070 1224 2084 ,
1261 2045 1400 2078 consilio
1417 2044 1526 2078 'Archi
1541 2065 1550 2070 -
1564 2046 1801 2091 Episcoporum
1814 2073 1824 2088 ‚
1853 2047 2031 2090 Episcopo-

1095 2105 1165 2143 rum
1178 2120 1188 2134 ,
1217 2094 1386 2132 Abbatum
1399 2119 1410 2134 ,
1436 2094 1470 2128 ἀ
1482 2096 1725 2141 Religiosarum
1737 2099 1946 2141 personarum
1961 2122 1971 2138 ,
1997 2100 2031 2133 δε

1094 2145 1290 2187 optimatum
1329 2144 1437 2190 Regni
1461 2145 1509 2179 sui
1557 2170 1569 2186 ‚
1603 2158 1661 2189 pro
1692 2159 1805 2182 amore
1824 2148 1927 2182 vestro
1942 2148 2033 2182 beni-

1095 2193 1192 2239 gnius
1203 2194 1355 2228 exaudita
1370 2218 1381 2234 ,
1407 2198 1480 2228 eum
1495 2195 1533 2229 ad
1545 2197 1913 2241 'Archi-Episcopatum
1937 2200 2032 2232 suum

1096 2244 1198 2278 redire
1218 2266 1230 2282 ,
1262 2243 1433 2286 ipsumque
1454 2257 1529 2279 cum
1560 2247 1654 2281 omni
1678 2249 1870 2293 integritate
1891 2274 1902 2290 ‚
1940 2247 2032 2292 quod

1095 2293 1228 2327 tenebat
1241 2292 1375 2336 quando
1386 2294 1488 2326 exivit
1503 2318 1513 2334 ‚
1540 2295 1679 2337 recipere
1691 2321 1701 2336 ,
1729 2299 1762 2332 ὅ(
1774 2292 1929 2342 deinceps
1950 2296 2034 2332 bene

1098 2344 1132 2378 ὅ(
1154 2344 1186 2377 in
1212 2354 1289 2385 pace
1311 2342 1464 2386 possidere
1485 2344 1524 2378 ad
1540 2343 1700 2380 honorem
1715 2347 1803 2388 Dei,
1831 2348 1917 2381 salva
1941 2348 2039 2382 nimi-

1096 2395 1166 2428 rum
1180 2392 1290 2437 Regni
1304 2391 1351 2426 sui
1373 2393 1504 2437 pristina
1528 2393 1712 2438 dignitate,
1740 2397 1895 2431 conceffit
1909 2422 1916 2429 .
1944 2397 2035 2431 Cum

1096 2445 1197 2488 igitur
1218 2444 1301 2478 inter
1324 2444 1510 2478 Dominum
1536 2443 1662 2488 Regem
1685 2446 1719 2477 δε
1740 2445 1896 2479 Nuncios
1908 2446 2030 2480 vestros

1096 2495 1188 2536 super
1210 2491 1274 2526 hoc
1295 2496 1446 2528 tractatus
1467 2493 1623 2536 prolixior
1645 2493 1805 2528 incidiffet
1828 2520 1838 2535 ,
1872 2496 1904 2528 in
1931 2495 2030 2529 verbo

1095 2543 1258 2586 utrimque
1283 2544 1482 2587 complacito
1502 2542 1672 2576 novissime
1690 2554 1914 2578 convenerunt
1937 2568 1947 2584 ‚
1986 2546 2032 2579 ita

1096 2592 1217 2627 scilicet
1232 2603 1267 2626 ut
1277 2604 1354 2633 eos,
1381 2592 1437 2636 qui
1452 2593 1619 2634 praesentes
1630 2593 1783 2634 aderant,
1805 2594 1910 2628 statim
1923 2595 2029 2629 absol·

1097 2643 1201 2676 verint
1214 2668 1224 2683 ,
1234 2643 1267 2677 &
1280 2642 1319 2677 ad
1332 2653 1388 2676 eos
1400 2667 1409 2680 ,
1419 2641 1474 2684 qui
1488 2651 1580 2675 erant
1593 2643 1626 2675 in
1640 2642 1765 2688 Anglia
1776 2669 1787 2684 ‚
1810 2645 2030 2679 absolvendos

1096 2693 1175 2727 alter
1198 2704 1338 2732 eorum,
1364 2690 1515 2726 videlicet
1536 2693 1688 2738 magister
1715 2693 1877 2727 Vivianus
1900 2720 1910 2734 ,
1939 2694 2030 2728 illico

1096 2743 1188 2776 transi
1196 2754 1227 2777 re
1240 2767 1250 2781 ‚
1270 2742 1348 2776 alter
1361 2742 1438 2774 citra
1453 2752 1539 2775 mare
1559 2743 1601 2776 ad
1625 2745 1855 2778 executionem
1869 2745 2028 2779 condictae

1097 2795 1181 2836 pacis
1193 2792 1415 2826 consenserint
1435 2798 1617 2826 remanere.
1646 2793 1862 2828 Postmodum
1887 2794 1961 2828 vero
1984 2806 2031 2828 re·

1098 2854 1213 2877 vocato
1225 2842 1382 2875 consensu
1407 2840 1560 2883 verbum,
1585 2844 1675 2887 quod
1697 2843 1763 2887 jam
1787 2845 1988 2888 susceperant
2017 2869 2028 2884 ,

1095 2892 1320 2926 conservandae
1333 2892 1366 2925 in
1378 2892 1522 2926 futurum
1533 2894 1644 2937 Regiae
1662 2894 1851 2938 dignitatis,
1878 2895 2030 2929 admitte-

1097 2953 1128 2976 re
1139 2944 1314 2976 noluerunt
1326 2966 1337 2982 ,
1362 2951 1398 2975 ea
1411 2942 1552 2986 quaejam
1564 2945 1730 2978 salubriter
1751 2945 1883 2987 quidem
1898 2946 2027 2988 disposi-

1097 3002 1129 3025 ta
1153 2993 1277 3025 fuerant
1298 3016 1310 3033 ,
1334 2993 1452 3036 exequi
1475 2994 1654 3027 recusantes
1676 3018 1683 3026 .
1722 2993 1797 3039 Ego
1818 2995 1926 3038 itaque
1949 3006 2026 3028 curn

1099 3041 1232 3085 praefatis
1245 3051 1309 3074 non
1322 3050 1517 3085 contemptae
1538 3043 1744 3076 authoritatis
1767 3047 1928 3088 personis,
1956 3056 2025 3087 quae

1097 3091 1228 3125 aderant
1240 3116 1250 3130 ‚
1277 3103 1334 3135 pro
1346 3090 1435 3126 bono
1446 3103 1542 3126 tantas
1554 3094 1639 3135 pacis
1653 3094 1761 3126 miffus
1783 3097 1874 3128 omni
1889 3095 2025 3139 vigilan·
2055 3101 2058 3105 ’

1098 3141 1188 3174 tia&
1203 3141 1553 3179 sollicitudineinstiti,
1583 3153 1615 3174 ut
1639 3142 1717 3175 sicut
1738 3143 1860 3177 dicrum
1880 3145 1985 3177 fuerat
2013 3167 2023 3182 ,

1099 3192 1263 3234 praepofito
1276 3190 1402 3226 honore
1413 3192 1497 3230 Dei,
1522 3192 1556 3226 ὅ(
1581 3192 1690 3236 Regni
1714 3192 1818 3228 stante
1840 3197 1968 3234 antiqua
1980 3192 2024 3225 di-

1099 3241 1226 3285 gnitate
1243 3264 1253 3280 ,
1293 3252 1328 3275 ut
1351 3240 1488 3285 dignum
1509 3242 1552 3274 est
1576 3266 1586 3280 ,
1623 3242 1749 3275 Nuncii
1774 3244 1864 3276 vestri
1890 3242 2022 3275 verbum

1098 3291 1259 3334 optimum
1275 3315 1284 3329 ,
1295 3291 1432 3325 &omni
1445 3292 1632 3333 acceptione
1641 3293 1780 3336 dignum
1796 3293 1905 3335 Regia:
1917 3292 2026 3334 digni-

1099 3339 1172 3374 tatis
1184 3353 1258 3374 cum
1272 3340 1395 3384 gaudio
1406 3341 1599 3384 susciperent
1610 3365 1619 3379 ,
1647 3354 1687 3375 ne
1698 3352 1823 3375 tantum
1845 3342 1965 3373 bonum
1981 3353 2025 3374 re-

1101 3401 1240 3427 maneret
1262 3415 1268 3423 .
1310 3390 1355 3424 Et
1392 3400 1468 3424 cum
1505 3391 1611 3424 nostra
1649 3392 1845 3433 persuasione
1882 3391 2024 3427 multum

1593 3439 1627 3471 Y
1676 3451 1697 3475 2
1897 3438 1981 3475 labo—
