2358 3776
284 239 403 277 cidalis
414 236 511 279 hujus
530 233 706 276 sceloehest
723 233 883 272 atrocitas
898 231 1084 273 referenda,
1107 231 1225 268 Domi-

281 301 330 325 no
343 289 437 331 Papae
449 286 578 331 scribite
595 308 607 328 ,
631 284 771 329 qualiter
789 283 895 321 filium
907 293 965 325 pro
982 281 1087 322 vsalute
1107 283 1225 322 Matris

278 350 397 375 contra
409 338 538 374 fratrem
558 335 799 377 ismaelitam&
822 331 1068 375 sanguinarium
1089 333 1224 368 scribere

279 390 397 424 decet.-
421 385 584 432 quialicet
595 395 739 422 cruorem
762 378 899 426 propriis
914 380 1071 421 manibus
1090 394 1161 420 non
1180 384 1223 419 ef·

281 437 417 479 fundat,
442 448 554 475 tamen
572 435 718 472 nostrum
730 433 765 472 ἀ
777 430 899 465 Christi
912 441 1088 474 pauperum
1100 434 1224 479 sangui-

279 500 357 524 nem
366 489 448 523 fitit.
476 487 520 520 Et
541 496 616 519 eum
639 482 772 526 quidem
793 482 857 522 suis
871 480 1017 515 consiliis
1044 481 1185 518 effundit
1213 508 1224 524 ,

270 537 332 579 ξω
340 539 479 578 abutens
489 533 670 574 ministerio
678 543 908 576 tyrannorum.
919 531 1043 570 Caetera
1053 531 1088 568 in
1101 543 1159 571 ore
1167 533 1223 573 La-

277 585 569 632 torispraesentium
580 584 680 628 posita
694 583 766 621 sunt
779 606 791 623 ,
818 592 916 626 quem
931 582 964 616 in
978 580 1031 620 his
1040 606 1053 626 ‚
1078 594 1153 627 quae
1164 594 1225 618 vo·

278 639 328 678 bis
338 650 380 673 ex
392 646 482 681 parte
492 635 600 674 nostra
613 632 699 671 dicet
711 657 723 673 ‚
747 632 886 671 audiatis
899 641 935 666 ut
961 642 1022 666 nos
1034 656 1040 664 .
1065 632 1220 669 Sci-ibunt

269 700 334 733 ¹pro
347 686 571 723 Cantuarienfi
584 683 726 726 Ecclesia
751 682 905 731 Episcopi
921 681 1115 725 Gallicani,
1139 683 1220 722 ficut

272 749 318 775 ex
340 737 456 776 litteris
479 734 622 774 Domini
642 733 824 774 parisiensis
847 732 982 776 potestis
1000 732 1134 775 audire,
1168 733 1220 769 sed

275 798 333 822 vos
343 786 485 827 scribetis
494 785 666 830 expreffius
675 809 686 826 ,
713 783 769 828 qui
783 782 942 823 tenemini
951 783 1079 826 arelius,
1090 784 1125 819 &
1135 795 1218 822 ama·

277 838 321 872 tis
342 832 627 876 ardentius.'Hoc
646 843 753 873 autem
779 833 980 876 exprimatur
1005 834 1041 872 in
1068 834 1183 870 litteris
1210 859 1220 876 ,

272 898 355 932 quas
365 888 504 923 mittetis
525 885 765 922 ad'Dominum
777 882 923 927 Papam,
948 884 1088 928 qualiter
1113 886 1217 933 praefa-

273 946 326 972 tus
337 936 579 975 Londoniensis
592 935 726 979 receptis
747 933 863 972 litteris
883 934 1087 977 Apostolicis
1099 957 1110 974 ,
1134 946 1213 978 quas

266 987 352 1025 eide
363 987 633 1028 reconciliatione
654 985 761 1019 nostra
787 983 987 1023 Frater-nitas
1008 985 1108 1020 vestra
1123 993 1215 1021 tran-

271 1037 373 1075 smisit
383 1052 406 1077 ‚-
421 1037 623 1082 malignatus
635 1035 680 1071 est
694 1059 705 1079 ,
717 1045 785 1069 non
808 1033 909 1074 modo
918 1035 1045 1076 nullum
1071 1046 1129 1079 pro
1140 1046 1218 1078 pace

276 1086 427 1124 Ecclesiae
438 1083 524 1130 apud
539 1086 666 1131 Regem
678 1085 799 1123 faciens
808 1085 938 1124 verbum
950 1107 961 1127 ‚
986 1085 1040 1120 sed
1061 1086 1150 1123 secus
1170 1084 1214 1119 fa·

271 1136 366 1172 -ciens
375 1161 386 1178 ‚
413 1137 632 1180 ‹Se-procurans
642 1135 837 1176 seditionem
848 1160 859 1178 ,
886 1147 942 1179 per
952 1135 983 1169 se
994 1135 1027 1172 ἀ
1040 1134 1141 1180 Regis
1151 1135 1216 1172 Of·-

268 1186 392 1225 ficiales
403 1187 523 1225 institit
538 1210 550 1233 ,
574 1197 611 1222 ut
621 1185 800 1230 Episcopi,
825 1184 974 1224 Abbates
989 1210 1001 1226 ‚
1027 1185 1060 1222 dt
1074 1185 1213 1222 univerfi

264 1236 483 1272 {scelestarum
495 1235 623 1277 Praelati
635 1261 646 1277 ,
673 1237 731 1270 suo
741 1236 774 1271 δε
788 1235 992 1275 subditorum
1007 1236 1143 1273 nomine
1159 1235 1212 1270 ad-

264 1286 374 1322 versus
383 1287 575 1328 mandatum
590 1285 821 1330 Apostolicum
833 1285 1055 1328 appellarent,
1080 1283 1154 1319 cum
1169 1295 1212 1319 ta-

266 1346 344 1371 men
364 1336 463 1371 nobis
483 1335 649 1374 indultum
673 1334 707 1368 fit
726 1333 999 1378 appellationibus
1023 1333 1210 1377 hujusmodi

263 1396 335 1425 non
347 1385 490 1425 deferre.
519 1385 582 1425 Sed
595 1385 670 1423 Deo
681 1384 873 1428 providente
897 1384 1034 1429 melius,
1059 1394 1211 1421 evacuata

266 1434 456 1474 estmalitia
465 1434 551 1479 ejus,
576 1444 646 1468 non
669 1432 953 1469 consentientibus
971 1434 1004 1470 ei
1027 1434 1103 1469 viris
1117 1433 1212 1469 Reli—

259 1484 381 1533 giosis‚
403 1488 469 1518 'nec
482 1494 543 1526 pro
552 1489 642 1520 metu
653 1481 858 1519 Officialium
880 1505 891 1522 ,
918 1492 980 1518 nec
1002 1492 1062 1529 pro
1079 1482 1212 1519 manda-

261 1543 299 1571 to
307 1532 444 1578 publicae
451 1531 621 1578 potestatis
633 1555 644 1572 ,
665 1529 757 1573 cujus
768 1530 803 1567 in
819 1530 991 1568 inserendo
1003 1530 1069 1564 vim
1084 1541 1212 1574 praeten-

259 1583 359 1621 debat
369 1580 625 1622 authoritatem.
651 1582 690 1615 ln
712 1579 776 1618 hac
797 1580 846 1615 sui
868 1581 1052 1619 aeceffitate
1063 1580 1140 1616 fidei
1160 1593 1212 1617 ve-

262 1633 333 1669 stra:
345 1628 608 1678 experimentum
620 1630 718 1670 faciet
731 1630 870 1668 Ecclesia
881 1654 893 1671 ,
919 1629 952 1668 ἀ
973 1631 1102 1666 eximiae
1111 1634 1211 1667 virtu·

257 1683 301 1723 tis
312 1684 435 1724 Deo&
455 1681 649 1722 hominibus
673 1679 887 1725 gratissimum
909 1690 977 1718 tarn
1005 1680 1212 1724 praesentibus

260 1733 360 1776 quam
377 1730 712 1778 posterisrelinquetis
732 1729 921 1771 exemplum
938 1754 945 1763 .
972 1729 1046 1764 Nec
1067 1741 1128 1765 vos
1152 1741 1210 1770 ter-

258 1792 352 1819 reant
363 1790 419 1822 aut
430 1787 585 1820 moveant
597 1778 765 1819 blanditiae.
777 1777 827 1816 vel
847 1779 944 1816 minae
967 1779 1171 1817 seductorum
1197 1806 1209 1824 ,

258 1831 336 1868 cum
349 1840 475 1870 certum
486 1831 523 1864 fit
535 1854 546 1872 ‚
572 1828 662 1873 quod
674 1829 742 1872 spes
754 1827 930 1871 impiorum
940 1827 1059 1871 peribit
1068 1853 1081 1870 ,
1105 1829 1142 1863 ἀ
1154 1841 1205 1876 pa—

258 1883 319 1918 riet
329 1881 554 1922 consutionem
567 1902 580 1920 ,
604 1879 637 1913 &
658 1880 715 1922 qui
735 1877 832 1913 timet
842 1878 1014 1923 pruinam,
1040 1878 1139 1918 irruet
1162 1881 1210 1915 su-

258 1943 316 1976 per
326 1942 403 1967 eum
412 1931 474 1966 nix
484 1955 496 1972 ‚
522 1929 636 1969 Deum¹
646 1927 724 1968 vero
737 1927 993 1974 praetimentibus
1009 1926 1096 1966 nihil
1113 1940 1207 1977 expe·

259 1982 423 2023 dientium
434 1980 522 2018 deest
534 2004 543 2020 1

356 2081 529 2122 1-:1’18
553 2080 591 2119 T
616 2082 651 2120 Q
675 2079 706 2119 L
732 2078 764 2118 A
817 2076 1117 2118 Lxxxvlu.

309 2186 484 2219 Alexandro
495 2185 591 2226 Papae
601 2180 787 2220 Wilbelmus
798 2178 964 2223 Senonenfis
978 2179 1146 2227 Episcopus
1157 2204 1167 2217 .

320 2284 564 2320 CELERUM
592 2293 695 2320 mater
706 2280 907 2325 impunitas,
932 2277 1079 2315 facunda
1090 2278 1201 2315 crimi-

344 2334 458 2372 nibus,
485 2332 579 2368 scidit
592 2331 785 2375 Anglicanae
797 2328 946 2365 Ecclefiae
955 2329 1117 2366 unitatem
1130 2352 1142 2370 ‚
1166 2329 1201 2364 δε

259 2384 467 2422 Gallicanam
487 2381 684 2417 amarissimo
706 2379 843 2425 replevit
865 2378 1021 2414 scandalo
1034 2404 1042 2411 .
1077 2378 1209 2414 Tanto.-

248 2444 328 2475 μῐιιιη
338 2443 459 2477 caput,
485 2432 602 2470 causa,
626 2430 794 2474 fomesque
817 2428 980 2465 malorum
1000 2430 1046 2464 est
1072 2429 1209 2473 Episco-

258 2497 317 2532 pus
329 2484 384 2519 ille
396 2479 639 2521 Londoniensis
651 2504 662 2520 ,
688 2479 746 2522 qui
758 2489 847 2514 nunc
859 2480 991 2517 tandem
1003 2479 1044 2516 de
1064 2479 1207 2515 dracone

257 2535 431 2572 conversus
457 2533 492 2568 in
516 2532 666 2571 leonem,
694 2528 898 2573 nequitiam,
924 2539 1023 2574 quam
1043 2529 1086 2566 ab
1108 2529 1207 2565 ambi-

258 2587 351 2624 tione
372 2592 593 2626 conceperat,
617 2588 764 2624 patenter
780 2588 932 2620 exercet,
959 2590 1000 2615 ex
1023 2590 1090 2624 quo
1102 2578 1207 2623 culpis

258 2633 464 2679 exigentibus
483 2657 494 2673 ,
522 2632 593 2666 sero
615 2640 726 2667 tamen
740 2652 752 2669 ,
777 2627 921 2666 sathana
939 2629 1077 2667 traditus
1095 2630 1140 2666 est
1172 2630 1208 2664 in

259 2684 429 2722 interitum
440 2680 563 2717 carnis.
593 2680 679 2717 Cum
690 2681 782 2715 enim
793 2678 928 2714 Author
943 2678 1126 2716 schismatis
1139 2681 1208 2715 fue-

261 2737 302 2772 rit
315 2734 510 2774 &incentor
522 2755 533 2771 ,
560 2729 639 2766 &in
652 2729 773 2765 insidiis
783 2739 914 2774 ageret,
940 2739 976 2766 ut
999 2729 1208 2774 proscriberet

262 2784 470 2824 &occideret
494 2781 713 2820 innocentes,
739 2790 829 2814 nunc
851 2779 958 2823 palam
980 2780 1144 2825 loquitur,
1173 2781 1208 2817 δε

263 2833 472 2880 proverbium
483 2831 613 2866 nullum
634 2829 714 2866 dicit
728 2853 736 2861 .
762 2828 824 2865 Sed
845 2829 988 2865 Matrem
1009 2832 1100 2866 suam
1121 2831 1208 2866 Can-

264 2885 460 2921 tuariensem
474 2880 652 2919 Ecclesiam
663 2904 684 2924 ,‚
699 2880 753 2914 cui
766 2879 807 2914 ad
817 2878 1039 2917 obedientiam
1051 2880 1208 2916 exhiben-

264 2937 340 2971 dam
350 2946 390 2971 ex
402 2932 595 2979 professione
615 2929 783 2970 adstristus
797 2929 843 2964 est
858 2954 869 2969 ‚
894 2930 996 2975 Regis
1017 2933 1064 2966 sui
1089 2931 1209 2966 viribus

266 2987 377 3030 quaerit
398 2992 540 3018 evertere
555 3005 564 3021 ,
591 2981 736 3026 glorians
756 2977 844 3021 quod
859 2980 1067 3017 Cathedram
1090 2980 1209 3016 Archi-

266 3034 495 3080 Episcopalem
506 3031 719 3069 Londoniam
740 3030 903 3065 transferri
925 3030 1021 3068 saciet
1034 3058 1041 3065 ,
1069 3031 1208 3067 Restite-

268 3094 345 3126 runt
361 3085 392 3119 ei
406 3094 507 3126 nuper
519 3082 553 3116 in
566 3082 683 3116 faciem
694 3079 899 3117 laudabiliter
909 3081 1021 3116 fratres
1033 3083 1101 3123 sui,
1126 3093 1209 3125 quos

268 3147 322 3180 per
331 3133 499 3176 officiales
513 3132 616 3176 Regis
629 3130 838 3175 impudenter
848 3129 981 3175 urgebat
994 3155 1005 3170 ,
1031 3141 1067 3166 ut
1079 3133 1108 3166 ei
1121 3144 1209 3167 com·

267 3183 473 3221 municarent
485 3206 497 3223 ‚
523 3181 629 3217 Archi
641 3200 653 3208 ·
666 3182 829 3225 Episcopo
840 3181 899 3216 suo
921 3180 1066 3215 debitam
1087 3182 1208 3216 subtra-

269 3235 383 3269 herent
393 3232 615 3268 obedientiam
630 3255 638 3265 .
663 3231 790 3266 Nonne
804 3231 995 3266 manifestus
1009 3230 1210 3266 Anti-Chri-

270 3286 310 3318 sti
323 3283 535 3328 praeambulus
544 3282 589 3316 est
601 3306 612 3323 ,
638 3280 695 3324 qui
706 3291 773 3315 tam
784 3292 930 3324 patenter
939 3281 1083 3316 scindere
1095 3282 1211 3315 nititur

271 3334 419 3371 Ecclefiae
428 3334 589 3368 unitatem
600 3354 611 3373 2
636 3331 772 3369 seminat
787 3331 869 3365 inter
879 3333 991 3366 fratres
1001 3331 1209 3372 discordiam,

272 3383 424 3420 scandala
442 3382 639 3427 multiplicat
652 3406 663 3422 ,
691 3380 866 3415 Ecclesiam
879 3391 1007 3425 torquet
1017 3406 1030 3423 ‚
1054 3382 1088 3416 &
1099 3390 1206 3425 tyran-

274 3443 394 3468 norum
404 3433 553 3466 manibus
564 3431 734 3476 proscribit
748 3430 782 3467 &
805 3430 959 3465 interficit
980 3432 1174 3467 innocentes
1200 3434 1212 3466 ?

241 3484 243 3486 ’
275 3483 337 3523 Sed
350 3482 457 3520 unitas
468 3480 508 3517 de
521 3481 694 3519 Catholica
715 3480 852 3518 tollatur
871 3481 1037 3525 Ecclesia,
1064 3483 1135 3528 quis
1157 3493 1212 3518 aut

969 131 1520 198 EP1sT-oLAE

1288 229 1368 273 quid
1378 231 1534 280 prohibet
1551 229 1684 267 haereses
1708 232 1890 277 pullulare?
1912 235 2005 283 Qia
2018 215 2082 277 etit
2101 242 2225 279 unitati

1290 283 1380 319 loeus
1406 307 1422 328 v,
1450 283 1479 319 *fi
1501 293 1574 316 non
1598 282 1701 317 virtus
1722 282 1916 321 obedientia
1932 286 2082 323 rmembra
2096 292 2224 329 Christi

1287 331 1513 378 conglutinet,
1538 333 1571 369 ὅ(
1582 332 1722 368 charitas
1738 334 1783 369 ad
1793 335 1970 371 alterutrim
1980 337 2169 377 consolidet
2183 345 2224 379 in

1287 381 1352 417 fide
1367 381 1405 420 ἁ
1426 383 1560 418 ¹veritate
1579 383 1597 416 ἔ
1620 382 1735 429 Ergo,
1762 384 1859 420 Pater
1876 386 2007 430 optime
2031 411 2043 428 ,
2069 391 2224 432 quoniam

1287 432 1535 476 comprehensus
1544 432 1592 470 est
1615 434 1650 468 in
1670 434 1822 480 operibus
1841 446 2003 471 manuum
2018 439 2169 478 suarum,
2188 442 2226 484 ᾴ

1287 482 1572 528 toxicatifrueius,
1597 495 1680 528 quos
1690 486 1770 520 facit
1790 486 1886 520 arbor
1906 486 2026 522 infelix
2038 511 2053 528 ‚
2087 489 2229 527 secmim

1286 531 1375 566 Petri
1385 543 1568 581 provocant
1577 559 1588 576 ‚
1602 533 1688 569 hanc
1697 535 1729 569 ei
1740 559 1754 578 ‚
1776 535 1803 569 fi
1817 536 1922 580 placet
1932 561 1944 578 ,
1966 537 2229 576 misericordiam

1286 582 1430 627 faciatis,
1453 585 1639 621 utcontrita
1653 586 1780 622 malitia
1795 586 1862 630 ejus
1873 612 1883 628 ,
1906 589 1945 622 ,δε
1968 588 2122 633 Episcopi
2138 589 2229 633 dejo

1285 634 1337 667 sto
1349 633 1467 678 titulo,
1491 636 1650 681 quoniam
1664 634 1773 673 bestiae
1789 635 2005 673 characterem
2027 649 2134 683 portat
2145 662 2158 680 ,
2179 639 2226 674 de

1284 694 1400 719 caetero
1420 695 1538 721 nocere
1557 697 1628 723 non
1648 686 1765 731 possit,
1792 688 1849 723 sed
1868 687 2102 730 Monachum,
2123 700 2228 735 quem

1285 733 1370 769 veste
1381 732 1545 779 pollicitus
1552 737 1599 772 est
1610 759 1622 777 ,
1648 747 1787 782 cogatur
1799 738 1946 773 moribus
1967 736 2127 774 exhibere
2139 765 2147 773 .
2166 741 2230 775 Sa·

1283 784 1324 818 tis
1333 784 1368 818 &
1378 783 1460 820 ultra
1472 784 1620 821 sustinuit
1633 787 1801 822 Dominus
1811 788 2052 824 Cantuariensts
2064 813 2075 830 ,
2099 790 2155 824 cui
2163 788 2225 825 nisi

1283 834 1317 867 in
1328 833 1462 871 brachio
1475 834 1602 871 virtutis
1611 836 1812 881 Apostolicae
1820 849 1935 882 pacem
1958 840 1994 874 &
2018 840 2228 878 securitatem

1282 885 1446 923 reformari
1474 885 1628 927 feceritis,
1655 887 1690 921 ὅ(
1711 888 1857 923 satisfieri
1877 887 1920 923 de
1941 889 2057 923 ablatis
2070 913 2082 930 ,
2105 890 2226 925 timen-

1281 934 1360 970 dum
1370 935 1415 970 est
1427 960 1438 976 ,
1450 946 1490 969 ne
1501 936 1642 971 Ecclesia
1653 937 1808 978 jacturam
1819 938 2053 982 irreparabilem
2063 940 2131 974 cito
2146 951 2229 975 con-

1281 984 1388 1019 trahat
1400 1009 1411 1026 ,
1422 1003 1425 1005 ,
1436 985 1470 1020 ,ἀ
1486 995 1555 1023 tam
1566 988 1699 1030 praesens
1721 996 1796 1020 aetas
1807 986 1906 1031 quam
1918 988 2085 1032 posteritas
2101 989 2144 1025 ad
2158 991 2228 1025 Ec-

1279 1035 1406 1071 clesiam
1417 1037 1649 1070 conterendam
1661 1037 1845 1079 pernicioso
1857 1048 2051 1080 provocetur
2061 1040 2230 1075 &anime-

1279 1094 1331 1123 tur
1341 1084 1503 1131 exemplo.
1513 1084 1629 1121 Valeat
1642 1087 1676 1123 ὅ(
1688 1087 1796 1134 vigeat
1806 1085 1930 1132 semper
1940 1088 2100 1123 Sanffltas
2113 1089 2228 1125 vestra.

1374 1164 1831 1223 EPISTOLA'
1890 1186 2134 1223 Lxxxrx.

1324 1284 1496 1322 Alexandro
1507 1287 1604 1330 Papae
1625 1285 1792 1321 Mastbaeus
1813 1286 1962 1331 Trecenfis
1986 1287 2154 1333 Episcopus
2168 1313 2180 1323 .

1276 1383 1477 1468 APUD
1503 1384 1692 1421 Dominum
1714 1397 1825 1421 meum
1849 1386 2034 1423 fiducialius
2054 1399 2122 1434 ago
2142 1413 2157 1431 ,
2180 1401 2229 1425 re—

1377 1435 1492 1469 colens
1503 1444 1623 1475 quanta
1633 1435 1832 1478 dignatione
1846 1445 1935 1471 tanta
1947 1437 2104 1480 Maiestas
2116 1448 2225 1475 mn.

1275 1483 1398 1527 semper
1409 1482 1560 1518 dilexerit
1571 1507 1582 1524 ,
1600 1481 1818 1518 *honoraverit
1832 1507 1844 1524 ,
1867 1484 1902 1517 δι
1911 1486 2065 1520 extulerit
2170 1488 2178 1496 ⁸

1275 1541 1342 1569 tem
1354 1556 1362 1565 .
1391 1533 1434 1566 Et
1446 1531 1579 1575 quidem
1591 1533 1730 1578 gradui,
1757 1545 1854 1579 quem
1869 1532 2028 1570 habebam
2042 1560 2054 1578 ,
2079 1537 2226 1573 multum

1274 1582 1405 1617 acceffit
1419 1580 1556 1618 honoris
1568 1607 1579 1624 ,
1606 1583 1658 1618 sed
1669 1583 1777 1619 multo
1790 1583 1862 1630 plus
1874 1586 1984 1624 oneris
1995 1595 2060 1626 ‚ut
2069 1598 2112 1621 ex
2122 1588 2230 1630 noces-

1274 1631 1363 1668 sitate
1374 1630 1529 1667 deficiant
1539 1631 1669 1668 humeri
1681 1632 1747 1669 mei
1761 1657 1773 1675 ,
1799 1634 1858 1668 nisi
1871 1633 2042 1670 Dominus
2052 1637 2226 1681 liupponis—

1274 1682 1317 1717 rit
1333 1694 1409 1719 man
1417 1683 1572 1718 umsuam
1585 1707 1597 1724 ,
1621 1684 1656 1718 δε
1670 1684 1862 1719 Clementia
1883 1684 1984 1721 vestra
2007 1684 2142 1730 adjiciat«
2159 1695 2231 1732 gre·

1273 1733 1353 1767 tiam
1363 1758 1372 1767 .
1395 1731 1488 1768 Nam
1501 1734 1522 1766 si
1538 1733 1744 1776 providentia
1756 1734 1856 1769 vostra
1868 1734 2025 1780 dignetur
2036 1736 2230 1781 circumspo

1274 1782 1391 1816 aionis
1402 1784 1463 1817 suae
1474 1783 1592 1818 oculos
1607 1783 1642 1816 in
1654 1793 1761 1826 partes
1772 1784 1896 1820 nostras
1923 1786 2064 1830 dirigere
2075 1810 2088 1827 ,
2109 1786 2224 1820 mauu

1272 1831 1369 1866 bonis
1400 1841 1520 1876 magna
1545 1831 1669 1866 videbit
1693 1832 1795 1866 adesse
1819 1843 1982 1868 tormenta
1992 1858 2004 1875 ‚
2029 1835 2062 1868 ἀ
2082 1835 2230 1879 plurila-

1271 1881 1421 1926 graviora
1432 1880 1549 1916 instare
1561 1881 1737 1916 certamina
1748 1907 1755 1915 .
1777 1883 1864 1930 Qae
1876 1882 1950 1917 cum
1965 1884 2148 1929 Episcopus
2157 1896 2229 1921 cot·

1271 1979 1315 2014 cii
1337 1990 1428 2015 metu
1453 1990 1522 2016 non
1537 1980 1675 2015 audeam
1700 1981 1896 2017 diffimulare
1908 2006 1920 2024 ,
1945 1993 1997 2018 me
2018 1984 2164 2028 quisquis
2189 1986 2228 2020 in

1271 2031 1358 2065 atsto
1383 2030 1600 2065 constitutum
1621 2029 1786 2075 ambigit,
1810 2032 2013 2068 conditionis
2034 2044 2113 2069 mea
2134 2042 2225 2078 prur-

1271 2079 1324 2114 sus
1337 2080 1468 2124 ignarus
1479 2080 1540 2114 est.
1572 2079 1731 2115 Caeterum
1750 2082 1819 2125 spes
1842 2093 1913 2117 mea
1936 2082 1970 2117 in
1985 2083 2061 2118 Deo
2084 2083 2226 2119 &vobis

1271 2130 1316 2163 est
1326 2153 1338 2170 ,
1365 2129 1405 2165 ad
1417 2140 1514 2175 quem
1524 2139 1592 2166 tam
1604 2141 1692 2166 meas
1703 2130 1800 2174 quam
1813 2132 1996 2167 amicorum
2009 2133 2127 2178 angust
2135 2134 2180 2170 ias
2204 2157 2216 2174 ,

1273 2179 1443 2223 praesertim
1466 2191 1527 2224 pro
1548 2180 1752 2216 confeffione
1773 2182 1963 2218 veritatis&
1982 2182 2104 2226 justitia
2131 2183 2223 2220 labo·

1272 2229 1413 2265 rantium
1427 2255 1438 2272 ,
1464 2231 1582 2266 censeo
1599 2230 1780 2267 referendas
1792 2255 1801 2264 .
1825 2231 1958 2266 Horum
1975 2243 2079 2274 unua,
2105 2233 2141 2271 dt
2163 2244 2225 2269 au·

1271 2280 1356 2314 xilio
1380 2280 1483 2315 vestro
1497 2279 1703 2326 diguiffimus
1715 2281 1761 2317 est
1776 2282 1947 2316 Dominus
1963 2283 2226 2326 Camuarienfis,

1270 2331 1327 2373 qui
1336 2340 1395 2373 pro
1415 2329 1544 2367 honore
1566 2331 1632 2367 Dei
1657 2330 1724 2375 jam
1744 2331 1959 2375 quinquenne
1972 2331 2132 2376 apud-non
2154 2334 2224 2370 exi·

1272 2379 1352 2414 lium
1363 2379 1396 2413 in
1407 2381 1565 2423 patientia
1581 2381 1685 2415 multa
1699 2381 1899 2425 proscriptus
1922 2383 2060 2427 peragit.
2093 2382 2226 2420 Pericli*

1271 2438 1356 2464 tatus
1380 2428 1535 2464 haetenus
1549 2429 1668 2464 saevitia
1680 2439 1898 2472 tyrannorum
1923 2432 1957 2465 ἅτ
1978 2432 2161 2468 delatorum
2173 2435 2226 2468 in-

1271 2480 1357 2517 fidiis
1372 2504 1384 2521 ,
1410 2479 1464 2515 sed
1478 2490 1567 2514 nunc
1577 2478 1709 2524 gravius
1721 2479 1925 2523 periclitatur
1934 2480 2047 2515 &salsis
2058 2482 2222 2517 fratribus»

1262 2530 1424 2577 'Qorum
1438 2530 1559 2574 primus
1573 2529 1631 2564 ille
1653 2527 1894 2565 Londonienfis
1910 2554 1922 2570 ,
1947 2530 2004 2573 qui
2020 2529 2078 2564 sub
2089 2532 2223 2576 Episcos-

1263 2578 1303 2624 ‘pi
1316 2579 1451 2615 nomine
1465 2604 1478 2621 ‚
1502 2580 1584 2615 sicut
1595 2590 1638 2613 ex
1650 2579 1763 2614 litoeris
1774 2579 1920 2614 Domini
1942 2580 2134 2616 Sononensis
2157 2582 2223 2626 ple—

1271 2629 1343 2664 nius
1363 2630 1568 2669 innotescet,
1594 2627 1791 2672 parricidam
1824 2629 1979 2674 exprimit
2018 2630 2177 2667 furiosum
2202 2656 2214 2665 .

1270 2679 1401 2714 Placeat
1425 2680 1535 2723 itaque
1551 2678 1719 2715 sanctitati
1743 2679 1874 2720 vest-rm,
1895 2680 1986 2723 cujus
2007 2680 2222 2717 incolumita-

1269 2739 1337 2765 tem
1349 2730 1510 2775 propitius
1522 2726 1671 2763 Ecclefiae
1684 2730 1748 2764 suae
1759 2738 1945 2773 perpetuare
1966 2729 2120 2775 dignetur
2147 2732 2221 2766 Do·

1269 2780 1377 2815 minus
1389 2805 1400 2822 ,
1423 2790 1491 2815 tam
1505 2780 1671 2823 praefatum
1685 2779 1884 2823 Episcopum
1897 2778 1994 2823 qnam
2016 2780 2099 2815 alios
2112 2806 2123 2822 ,
2136 2791 2220 2823 quos

1271 2831 1437 2866 Dominus
1457 2828 1698 2865 Cantuaniensis
1708 2828 1913 2875 exigentibus
1937 2830 2058 2864 meritis
2082 2830 2221 2866 anathe-

1272 2890 1357 2915 mate
1382 2879 1640 2918 condemnavit,
1666 2888 1758 2914 tanta
1780 2878 1946 2915 severitate
1966 2881 2112 2920 conteri,
2140 2891 2177 2915 ut
2199 2882 2219 2916 a

1272 2930 1424 2966 similium
1436 2931 1513 2965 ausu
1528 2928 1643 2974 reliqui
1653 2936 1830 2964 terreantur
1850 2929 2003 2973 exemplo
2016 2929 2180 2968 vindicia-

1446 3031 1476 3066 Ε
1499 3030 1528 3065 P
1552 3031 1570 3066 1
1594 3030 1617 3065 S
1640 3027 1676 3062 T
1700 3028 1736 3063 Ο
1762 3027 1791 3062 L
1819 3029 1853 3064 A
1956 3028 2041 3065 XC.

1369 3129 1472 3167 oddo
1498 3127 1684 3167 Monachus
1720 3126 1891 3165 Richardo
1927 3129 2119 3166 niaavienfi

1577 3178 1684 3216 Archi
1696 3196 1706 3203 -
1719 3179 1878 3216 Diacouo
1891 3204 1897 3213 .

1271 3281 1440 3317 Venerabili
1453 3284 1574 3315 Dauno
1596 3281 1632 3316 6·
1653 3283 1756 3314 Amico'.
1766 3277 1820 3323 suo
1836 3279 1986 3314 Rmbaerdo
1999 3304 2010 3321 ,
2037 3280 2220 3323 Pitffavienss

1337 3332 1566 3368 archium-ono
1578 3354 1591 3371 ‚
1616 3335 1730 3365 Frater
1743 3332 1831 3365 oddo
1841 3336 2031 3365 aeternamm
2043 3328 2160 3372 cbristo

1354 3430 1471 3466 lCET
1496 3430 1631 3475 abiestio
1642 3379 1840 3475 pigisudsgsis
1849 3442 1926 3465 meae
1938 3431 2021 3465 tanti
2043 3429 2103 3464 viri
2122 3429 2214 3463 fami.

1382 3482 1519 3519 liaritate
1528 3482 1667 3527 judicari
1679 3481 1775 3528 poffit
1786 3481 1924 3532 indigna
1935 3504 1945 3524 ‚
1957 3479 2096 3565 prudegs
2104 3489 2219 3562 εειῖιω

2086 3540 2141 3563 XCC
2158 3547 2168 3553 ⁸·
