2358 3776
486 157 586 205 2⁴54

1119 137 1664 193 EPISTOLAE

409 229 555 265 triensem
566 246 578 269 t
593 225 659 264 >ulai
672 224 740 263 Arc
746 225 932 264 lai-Flamen
943 226 1103 271 gloriatur
1115 227 1225 262 sedisse
1237 251 1248 267 ‚
1268 225 1349 261 dum
1411 227 1550 262 cretioni
1561 226 1662 260 visum
1671 225 1707 260 sit
1716 250 1727 266 ‚
1752 234 1868 267 tempus
1879 224 1917 264 est
1926 249 1937 265 ,
1951 236 1988 262 ut
1998 231 2252 274 compassionem
2263 228 2345 266 cha-

407 277 544 323 Jovialis
565 277 702 326 Religio
713 278 898 318 colebatur.
928 278 972 314 Et
993 277 1128 313 fortaffe
1145 278 1193 312 vir
1212 277 1349 321 prudens
1411 278 1533 317 rimis,
1562 288 1661 322 quam
1674 275 2025 311 tribulationifratrum
2034 280 2265 327 verbisjugiter
2277 293 2345 325 pre-

408 328 644 374 &Religionis
652 328 777 366 cultum
792 327 1068 372 Jovisinstaurare
1078 327 1224 374 disponit
1236 351 1248 370 ,
1276 328 1347 362 utsi
1408 327 1575 368 tendistis,
1602 325 1809 362 exhibitione
1828 324 2049 369 comprobetis
2069 351 2078 360 .
2102 331 2183 366 Non
2208 330 2343 376 quidem

407 379 477 418 alio
499 373 602 416 modo
624 377 750 412 Archi·
764 372 955 423 Episcopari
979 387 1050 414 non
1072 378 1174 420 potest
1197 403 1208 419 ‚
1235 376 1351 415 Archi-

407 427 565 466 Flaminis
581 438 690 463 tamen
703 427 869 465 nomen&
891 426 1025 463 titulum
1040 428 1248 469 adsequatur..
1276 429 1348 465 Fre·

401 486 456 518 tus
467 488 577 515 tamen
589 477 634 513 est
648 476 793 514 oraculo
813 476 973 517 Merlini,
1000 477 1057 520 qui
1082 479 1191 513 nescio
1215 489 1283 522 quo
1305 489 1349 513 re·

399 529 508 573 pietus
519 527 631 571 spiritu
645 526 831 570 perhibetur
843 536 920 562 ante
931 525 1109 563 adventum
1125 527 1217 565 Beati
1232 529 1347 572 Augu-

399 576 678 620 ssiniAnglorum
699 576 855 621 Apostoli
878 576 1072 611 vaticinatus
1096 578 1159 613 effe
1173 577 1345 614 delendam

397 629 460 663 effe
468 625 689 666 Christianam
700 627 916 672 Religionem
929 627 962 661 ὅ(
974 626 1086 665 denuo
1095 627 1331 665 reformandam
1339 651 1352 670 ,

399 677 535 722 quando
546 676 788 716 Londonienfis
809 677 964 721 dignitas,
978 677 1221 713 Doroberniam
1247 678 1345 713 ador-

396 726 491 766 nabit
513 752 520 760 .
546 727 609 767 Sed
631 728 707 772 quia
728 727 912 764 Merlianus
937 726 1151 774 philosophus
1172 728 1344 772 Prophetae

397 776 448 816 sui
468 778 598 815 futilem
623 778 716 812 novit
737 776 992 820 authoritatem,
1016 778 1170 817 etiamad
1184 778 1340 815 validiora

394 828 484 862 certe
519 827 657 866 subsidia
683 828 807 867 dicitur
842 828 1027 873 confugisse
1043 853 1055 870 ‚
1081 830 1274 872 praesumens
1298 829 1341 865 de

392 876 571 915 potentatu
598 877 760 922 Principis
783 903 796 919 ,
818 876 860 914 de
887 879 1035 916 Ecclefiae
1060 877 1229 916 debilitate
1251 903 1263 919 ,
1297 880 1338 917 de

390 929 526 967 avaritia
554 929 804 969 Romanorum,
830 928 872 967 de
900 929 1167 976 pusillanimitate
1195 929 1296 963 vestra
1323 954 1333 970 ,

1056 980 1089 1013 ἀ
1126 977 1336 1014 multitudine

388 1027 581 1065 divitiarum
608 1029 735 1064 suarum
758 1051 772 1070 ‚
796 1029 926 1076 ,quibus
963 1029 1113 1064 adversits
1141 1029 1333 1073 sapientiam

389 1077 591 1120 &justitiam
603 1078 822 1117 Deiconfidit
836 1081 868 1119 [ο
878 1080 1118 1124 praevaliturum
1139 1079 1174 1113 in
1190 1080 1333 1114 vanitate

384 1127 440 1164 fin
454 1151 462 1160 ·
489 1128 583 1175 Qud
598 1129 822 1175 fergsdieetis
844 1131 879 1168 ,δι
902 1130 1029 1168 facietis
1051 1129 1092 1166 ad
1105 1127 1201 1164 haec?
1230 1129 1332 1165 Nun-

383 1177 473 1221 qnid.
486 1179 574 1216 alios·
591 1181 843 1222 prenominatos
861 1180 1025 1217 Patronos
1050 1179 1172 1214 vestros
1185 1205 1196 1220 ,
1221 1191 1277 1215 aut
1293 1191 1329 1214 ut

384 1228 492 1264 vetius
505 1228 668 1274 dixeri-a,
694 1231 821 1275 pietatis
840 1231 876 1269 δι
894 1231 970 1270 fidei
994 1230 1116 1267 timetis
1137 1229 1270 1271 hostes,
1293 1240 1329 1267 ut

380 1278 412 1312 ei
426 1278 510 1316 detis
522 1279 631 1317 locum
643 1303 661 1319 ,J
679 1281 737 1323 qui
751 1281 894 1318 Matrem
920 1281 1055 1316 vestram
1072 1291 1139 1315 tam
1160 1280 1338 1327 parricida·-

392 978 434 1013 de
461 986 647 1023 paupertate
674 977 969 1024 Archi-Episcopi
1006 1004 1018 1020 ,

379 1327 404 1364 li
418 1326 584 1370 impietate
596 1328 745 1373 jugulare
756 1330 922 1367 molitur?
950 1331 1074 1366 Nonne
1098 1329 1153 1365 hic
1179 1342 1246 1364 non
1260 1340 1326 1364 mo·

378 1376 426 1415 dd
463 1377 632 1415 facultates
650 1398 652 1401 ·
671 1378 1026 1425 &defixaewgandae
1059 1403 1075 1420 ,
1109 1378 1163 1414 sed
1197 1379 1326 1427 sanguis

377 1427 568 1465 fundendus
576 1427 622 1462 est
634 1452 644 1471 ‚
661 1423 706 1465 'ut
717 1430 747 1464 ei
772 1429 929 1466 resistatur
941 1453 952 1470 ,
980 1430 1013 1466 ἀ
1038 1429 1186 1463 Ecclefiae
1198 1430 1326 1465 conser—

374 1486 471 1512 vetur
482 1475 688 1512 authoritas?
715 1476 860 1517 Pudeat,
887 1479 1020 1521 quaeso,
1047 1477 1249 1512 sanctitatem
1275 1490 1324 1514 ve-

378 1524 475 1558 stram
490 1549 500 1566 ‚
525 1524 615 1568 qudd
628 1525 919 1563 nullamhafienus
930 1526 1020 1563 Patri
1043 1526 1236 1562 exulanti&
1250 1539 1320 1571 pro·

375 1575 495 1618 scripto
509 1572 702 1609 exhibuistis
715 1573 955 1611 humanitatem
978 1576 1217 1611 consolationis
1230 1601 1241 1618 ‚
1266 1587 1323 1611 aut

376 1625 464 1659 nihil
480 1649 491 1666 ,
517 1635 572 1660 aut
594 1625 684 1670 quod
708 1624 825 1663 melius
848 1625 974 1668 nostis,
999 1626 1179 1663 minimum
1201 1627 1321 1671 impen-

372 1675 464 1710 distis
476 1699 486 1715 ‚
513 1676 589 1712 curn
603 1686 713 1712 tamen
725 1676 790 1711 fere
802 1677 1031 1712 totuslatinus
1042 1676 1131 1712 orbis
1155 1677 1323 1712 evidenter

372 1726 562 1770 agnosceret
583 1723 740 1766 justitiam
765 1725 853 1765 Dei,
879 1726 913 1758 ὅ(
938 1726 1083 1760 Ecclesiae
1097 1725 1280 1760 libertatem
1311 1751 1321 1767 ‚

372 1773 505 1811 titulum
533 1774 596 1809 effe
620 1774 711 1809 exilii
737 1774 772 1811 ὃς
811 1774 1054 1818 proscriptionis
1093 1776 1197 1809 illius.
1227 1776 1321 1817 Alias

370 1835 450 1868 ergo
464 1822 621 1859 Ecclefias
632 1823 696 1866 jhm
711 1824 943 1868 quinquennio
955 1836 1023 1859 non
1035 1824 1112 1859 dico
1134 1825 1283 1868 spoliavit
1309 1850 1320 1866 ,

371 1874 534 1917 quoniam
545 1874 579 1906 <Sc
588 1874 702 1916 sponte
712 1874 749 1908 δε
759 1873 846 1909 ultro
863 1874 1193 1910 communicaverunt
1214 1877 1318 1910 neces·

367 1922 516 1958 sitatibus
530 1922 916 1960 suis&tribulationibus
937 1924 1007 1967 ejus
1017 1948 1035 1964 ,,
1063 1925 1117 1959 sed
1148 1923 1189 1958 ab
1201 1925 1247 1958 eis
1258 1925 1318 1959 sti·-

367 1973 528 2018 pendium
561 1973 686 2017 aceepit
717 1972 758 2008 ad
796 1975 1012 2009 ministerium
1051 1974 1194 2015 quietis,
1223 1974 1317 2009 liber-

370 2025 470 2066 tatis,
493 2023 659 2065 honoris,
685 2024 719 2062 δι
745 2024 857 2069 gloriae
884 2024 1013 2061 vesttae·
1042 2024 1124 2061 Non
1151 2023 1240 2070 quod
1269 2024 1316 2058 in-

367 2072 611 2111 humanitatem
645 2085 700 2108 aut
725 2075 935 2111 tenacitatem
972 2073 1106 2109 vestram
1131 2075 1278 2109 accusem
1304 2099 1316 2116 ,

365 2123 433 2159 hac
448 2123 552 2159 scribo
563 2148 574 2166 ‚
600 2125 676 2170 quia
687 2125 772 2162 forte
783 2125 935 2169 occupati
947 2126 1043 2160 eratis
1053 2149 1065 2167 ,
1088 2124 1143 2161 sed
1154 2134 1190 2158 ut
1202 2125 1315 2159 fratres

365 2174 570 2212 chariffimos
583 2187 706 2212 moneo
718 2199 728 2218 ,
755 2187 791 2212 ut
805 2176 938 2211 tandem
949 2175 1139 2219 ⁴aliquando
1162 2175 1197 2210 in
1209 2175 1314 2217 operi-

366 2225 426 2261 bus
439 2225 610 2262 charitatis
623 2223 815 2266 reviviscat,
841 2228 873 2260 δε
887 2225 1000 2259 floreat
1027 2225 1107 2259 fides
1127 2223 1246 2265 vestra,
1276 2235 1311 2261 ut

369 2287 449 2320 pace
464 2300 475 2316 ‚
502 2287 599 2321 quam
613 2277 775 2320 speramus
789 2276 824 2310 in
847 2275 999 2317 proximo
1022 2273 1216 2313 reformata,
1243 2284 1310 2308 non

364 2326 558 2361 erubescatis
579 2349 591 2367 ‚
629 2325 680 2359 sed
705 2326 846 2359 frustum
866 2322 1034 2357 charitatis
1061 2322 1213 2358 exhibitae
1235 2334 1311 2358 cum

365 2377 493 2410 foenore
504 2374 680 2417 multiplici
695 2373 858 2417 recipiatis
869 2373 903 2406 in
916 2373 1025 2407 laetitia
1037 2373 1069 2409 ἀ
1080 2374 1286 2409 exultatione
1297 2396 1307 2408 .

366 2425 472 2459 Venit
497 2424 587 2458 enim
608 2424 767 2467 temporis
788 2422 982 2467 plenitudo,
1009 2433 1045 2458 ut
1068 2422 1217 2459 Sathanae
1242 2435 1309 2457 non

365 2475 462 2509 liceat
475 2471 611 2510 ulterius
622 2483 717 2509 tanto
727 2472 835 2509 futore
846 2474 882 2510 in
897 2473 1074 2509 Ecclesiam
1094 2471 1286 2509 debacchari
1299 2498 1311 2514 ‚

365 2525 510 2561 &Pater
535 2523 634 2560 vester
655 2522 853 2568 potestatem
868 2525 991 2566 accepit
1010 2523 1028 2556 a
1051 2523 1201 2560 Domino
1223 2548 1233 2564 ,
1274 2535 1310 2559 ut

366 2575 462 2621 poffit
499 2585 630 2620 parcere
665 2572 809 2617 subjeffis
845 2573 880 2607 ἀ
913 2571 1073 2616 debellare
1110 2574 1260 2621 superbos
1301 2598 1310 2606 .

368 2625 518 2662 Utinam
530 2625 658 2659 videant
670 2624 759 2660 oculi
772 2622 840 2659 mei
859 2633 918 2658 vos
929 2634 992 2669 prae
1002 2624 1122 2661 caetetis
1143 2622 1183 2659 de
1194 2624 1310 2659 merito

367 2674 536 2722 nobilitari
561 2674 648 2717 posse
669 2674 703 2709 in
732 2673 958 2709 consolatione
981 2674 1158 2711 saneiorum
1180 2686 1310 2718 compa·

368 2721 525 2775 tientiu'm
539 2723 652 2759 nobis!
681 2723 827 2761 Utinam
840 2734 898 2758 vos
908 2724 1035 2760 arc‘iiori
1056 2722 1224 2759 charitatis
1239 2725 1310 2758 vin-

365 2775 445 2810 culo
467 2773 575 2815 socios
601 2771 715 2819 gaudii
739 2773 839 2808 nostri
867 2774 900 2807 in
923 2773 1028 2809 reditu
1047 2775 1277 2819 ampleetamur
1302 2779 1309 2812 !

368 2823 518 2869 Utinam
537 2834 626 2859 nunc
645 2822 746 2860 vessra
768 2823 942 2868 diligentia
966 2825 1102 2861 seminet
1114 2827 1147 2858 in
1161 2826 1311 2860 ariditate

365 2874 590 2922 indigentium
616 2875 785 2914 Fratrum,
812 2874 845 2910 δι
867 2874 1011 2910 maxime
1035 2875 1068 2910 in
1088 2875 1187 2912 corde
1205 2875 1309 2911 Patris

366 2927 489 2968 vestri,
515 2924 605 2970 quod
628 2922 839 2971 postmodum
864 2925 994 2961 metatis
1015 2926 1050 2960 in
1074 2926 1216 2971 gaudio.
1245 2926 1310 2960 Sci·

364 2977 406 3012 tis
417 2977 490 3022 quis
499 2973 642 3011 dixerit.-
667 2976 832 3020 ,Quiparce
848 2973 1001 3019 semina,
1024 2978 1118 3018 parce*
1145 2978 1308 3018 &meten

365 3029 400 3064 θ
412 3024 602 3072 quisemlnat
630 3030 663 3060 in
681 3023 936 3060 benedic‘lwnibus
948 3050 958 3065 ,
987 3027 1023 3059 de
1044 3026 1303 3061 benedicffi'onibus

365 3080 525 3114 (συκαῖ.
550 3075 643 3124 Qid
665 3068 820 3119 inquies?
847 3074 935 3109 Cum
957 3077 1060 3119 gratia
1083 3077 1254 3120 temporali
1266 3079 1309 3111 vi-

364 3136 433 3163 tam
452 3136 621 3161 aeternarn.
648 3123 710 3162 Sed
735 3123 867 3161 fortasse
891 3126 1111 3169 pertimescitis
1135 3128 1240 3161 minas
1261 3129 1310 3162 in·

363 3175 576 3214 minutium,
613 3176 647 3213 δι
670 3174 1053 3212 intentantiumlabores
1085 3177 1120 3210 ὅ(
1143 3178 1272 3212 dolores
1298 3201 1310 3219 ,

363 3237 402 3263 ut
423 3238 492 3264 non
513 3225 660 3261 audeatis
684 3224 774 3271 quod
799 3235 924 3268 tempus
946 3225 1075 3271 exigit,
1101 3226 1134 3261 ὅς
1163 3227 1310 3263 Ecclefiae

363 3276 510 3323 deposcit
525 3275 709 3312 neceffitas:
735 3274 1003 3320 ,Quisemmamin
1025 3273 1201 3317 lachrymis,
1227 3281 1262 3313 ὁ·
1275 3284 1309 3312 ιη

360 3329 472 3371 gaudio
482 3334 607 3361 metent.
636 3324 733 3361 Nihil
746 3325 791 3360 est
806 3326 894 3369 quod
907 3323 1002 3360 nobis
1011 3324 1117 3360 defuit
1132 3325 1285 3363 hactenus
1299 3352 1308 3361 .

365 3377 581 3420 Opulentiam
603 3376 638 3412 δε
658 3375 824 3420 quietem,
850 3376 922 3409 aliis
945 3375 979 3409 in
999 3374 1184 3422 egestate&
1198 3378 1308 3414 labore

365 3436 424 3468 pro
433 3426 623 3462 defensione
638 3423 785 3461 Ecclesiae
796 3424 1018 3462 laborantibus
1028 3448 1040 3466 ‚
1064 3424 1189 3460 Divina
1202 3429 1309 3472 gratia

365 3475 559 3513 ministravit
573 3501 581 3509 .
609 3475 710 3513 Nunc
720 3474 1044 3523 deinumfiplaceat‚
1070 3475 1105 3513 ἀ
1129 3477 1238 3515 vestrae
1247 3478 1308 3516 dis-

1404 389 1444 414 ιιι
1455 378 1525 413 illis
1534 376 1675 414 remissio
1687 376 1726 412 sit
1736 402 1747 418 ,
1772 377 1805 413 ἀ
1817 376 1907 411 vobis
1920 376 2112 416 tribulatio,
2130 380 2181 416 sed
2190 392 2231 417 gx
2241 393 2341 426 aequa.

1408 429 1518 469 litate,
1547 427 1628 466 utin
1640 427 1778 472 presenti
1790 437 1936 471 tempore
1948 427 2047 461 vestra
2075 422 2268 469 abund'a'ntia
2281 457 2292 473 ,
2319 432 2342 466 st

1409 490 1476 512 non
1497 480 1665 519 fraternas,
1690 475 1779 522 quod
1802 485 1987 521 oporteret,
2013 477 2124 512 saltem
2138 477 2344 516 Paternaein·

1406 530 1487 571 opiz
1495 530 1530 563 sit
1542 529 1812 573 supplementum.
1849 526 2012 574 Alioquin
2025 536 2138 572 patens
2149 527 2210 562 erit
2220 530 2338 575 iniqui·

1406 587 1475 619 tas,
1510 579 1567 614 ubi
1590 579 1679 613 nulla
1709 577 1941 622 aequandorum
1965 578 2120 622 reperitur
2142 580 2302 623 aequalitas
2329 605 2338 614 .

1405 627 1494 663 Nam
1520 630 1561 666 de
1587 628 1637 663 his
1657 653 1669 671 ‚
1696 629 1753 673 qui
1781 630 1954 664 unanimes
1977 630 2141 664 versantur
2166 629 2201 664 in
2227 631 2340 666 Domo

1406 679 1567 724 Domini,
1595 679 1747 723 scriptum
1769 680 1814 713 est
1837 692 1849 712 .-
1876 681 1941 723 ,ραι
1958 680 2081 712 multum
2103 678 2256 721 habebat,
2279 691 2337 713 non

1403 728 1596 773 abundavit,
1622 732 1656 768 <ir
1676 735 1729 772 qui
1750 730 1915 771 modicum,
1941 740 2000 763 non
2024 734 2189 764 minoravit
2208 754 2216 763 .
2243 731 2340 766 Nun·

1401 778 1484 821 quid
1502 790 1563 814 vos
1583 780 1643 814 soli
1664 780 1698 813 in
1724 779 1832 815 castris
1845 780 1985 814 Domini
2009 779 2140 816 Gomor
2151 779 2338 826 legitimum

1403 828 1607 871 perdidistis?
1632 831 1668 868 Si
1680 830 1805 866 Manna
1818 853 1828 870 ,
1854 828 2048 875 prohibente
2057 829 2211 865 Domino
2223 853 2235 871 ,
2245 831 2339 866 rese:-

1402 889 1512 914 vatum
1523 904 1533 923 ,
1559 890 1678 915 munus
1689 879 1821 923 quidem
1833 880 1961 916 coeleste
1976 904 1987 921 ‚
2019 880 2054 914 ὅ(
2066 880 2157 924 panis
2169 880 2203 915 δε
2228 879 2339 924 pastus

1401 930 1602 974 Angeficus,
1627 931 1779 973 putrescit
1800 930 1836 964 ἀ
1859 941 1978 965 vermes
2002 930 2081 965 facit
2095 955 2106 970 ,
2131 929 2210 974 quid
2232 939 2337 975 putre-

1394 978 1524 1017 dinis&
1537 982 1694 1016 vermium
1706 978 1879 1013 contrahet
1897 979 2034 1022 putredo
2046 1004 2057 1020 ,
2084 980 2237 1015 Domino
2261 990 2336 1023 pru·

1370 1035 1371 1038 ’
1395 1026 1556 1070 bibente,
1579 1031 1701 1065 servata
1724 1030 1758 1061 in
1771 1028 1977 1071 dispendium
2000 1029 2189 1069 charitatis,
2213 1029 2250 1064 in
2265 1029 2339 1064 esn-

1397 1078 1451 1114 rie
1466 1079 1503 1120 a:
1529 1080 1678 1118 nuditate
1704 1079 1839 1114 fratrum
1864 1077 1882 1111 ἓ
1907 1077 1989 1112 Non
2016 1079 2129 1123 utique
2154 1078 2244 1124 quod
2281 1078 2336 1113 ini

1395 1129 1539 1165 esuriant
1549 1139 1605 1164 ant
1618 1129 1793 1168 nudi'fint‚
1817 1127 1873 1163 sed
1883 1127 2087 1171 queamus,-
2109 1129 2168 1163 nist
2189 1127 2335 1163 chaum

1396 1180 1429 1212 in
1443 1178 1539 1215 vobis
1549 1179 1690 1223 amplius
1700 1178 1886 1220 excitetur,
1911 1178 2013 1218 fami,
2039 1177 2211 1217 nuditati,
2236 1179 2336 1221 &pe-

1394 1229 1504 1265 riculis
1514 1230 1671 1265 omnibus
1681 1227 1895 1273 exposuistis.
1922 1227 2101 1263 Versentnr
2122 1225 2334 1264 buccuni—

1394 1278 1482 1313 liain
1494 1280 1613 1314 animis
1631 1303 1644 1320 ,
1669 1280 1704 1313 &
1722 1287 1863 1313 terantur
1888 1277 1923 1312 in
1945 1277 2121 1322 colloquiis
2141 1276 2274 1317 vestri„
2296 1277 2336 1312 ὰ

1393 1329 1505 1370 ponite
1516 1329 1616 1364 corda
1628 1329 1731 1362 vestra
1743 1331 1834 1370 super
1846 1327 1914 1361 vias
1933 1327 2049 1363 vestras
2060 1352 2072 1367 ,
2095 1328 2138 1363 &-
2148 1328 2283 1363 causam
2295 1327 2332 1362 dt

1390 1379 1506 1414 itinera
1522 1377 1652 1416 Patris.
1687 1378 1722 1412 ἀ
1744 1378 1812 1412 vias
1833 1377 2097 1417 adversantium,
2121 1377 2330 1413 &attendite

1389 1428 1462 1471 quis
1482 1428 1557 1462 Deo
1589 1429 1767 1471 inspectore
1788 1427 1822 1461 δε
1842 1426 1949 1469 judice
1971 1426 2066 1472 poffit
2086 1426 2129 1463 ab
2152 1426 2203 1462 his
2222 1426 2330 1462 exitus

1390 1478 1579 1520 provenire,
1606 1478 1651 1510 ita
1669 1485 1784 1510 tamen
1807 1486 1844 1509 ut
1864 1486 1934 1509 nou
1955 1477 2038 1511 alius
2062 1477 2109 1511 sse
2127 1477 2331 1512 consultator

1390 1526 1524 1560 Ranulfi
1541 1550 1553 1566 ,
1579 1526 1663 1561 alius
1698 1525 1828 1569 Jamnes
1847 1547 1859 1564 ,
1886 1524 1970 1559 alius
2006 1523 2175 1561 Manantes
2195 1549 2208 1567 ‚
2242 1525 2328 1561 aliu:

1390 1573 1580 1616 Achitofel‚
1605 1576 1851 1620 Magorumque
1872 1575 2028 1614 similium
2050 1598 2063 1616 ‚
2090 1570 2330 1611 sedconscren‘e

1387 1626 1467 1661 tiam
1492 1626 1628 1671 quisque
1649 1625 1823 1665 discutiat,
1850 1625 1883 1660 dt
1906 1623 2204 1670 consulat-Legem
2225 1625 2299 1664 Det
2318 1649 2328 1658 .

1386 1676 1457 1721 Jam
1471 1676 1545 1710 sane
1556 1676 1671 1721 praevia
1683 1676 1812 1710 ratione
1822 1674 1971 1712 illustrati
1981 1699 1992 1715 ‚
2015 1675 2223 1720 *pergratiam
2231 1673 2329 1718 tedu-

1385 1727 1463 1760 cetis
1475 1727 1516 1761 ad
1527 1726 1701 1766 animum5
1726 1724 1885 1770 quoniam
1908 1722 2130 1759 misericordie
2153 1724 2328 1768 phuitudo

1386 1777 1541 1810 virtutum
1562 1776 1631 1817 est,
1657 1777 1691 1812 &
1710 1777 1894 1810 recedentes
1916 1775 1934 1809 a
1960 1775 2019 1810 viis
2039 1774 2181 1818 pristinis
2193 1774 2326 1810 cufi-o

1383 1824 1506 1858 facietis
1519 1823 1801 1859 misericordiam:
1828 1824 1904 1867 quia
1927 1835 2022 1864 eam,
2048 1823 2125 1858 Deo
2148 1824 2325 1868 propitian-

1382 1884 1413 1908 te
1425 1896 1436 1912 ,
1460 1874 1529 1908 cito
1540 1873 1730 1918 respondere
1742 1875 1859 1916 poterit
1878 1873 1913 1908 in
1935 1884 2039 1908 cornu
2062 1872 2173 1913 verbi,
2197 1875 2231 1909 δε
2243 1874 2325 1910 affli·

1379 1934 1493 1968 gentes
1504 1924 1535 1958 se
1547 1933 1696 1968 potenter
1706 1923 1855 1969 affligere
1874 1947 1881 1957 .
1909 1923 1958 1958 Sit
1970 1923 2111 1967 Spiritus
2129 1924 2260 1958 consilii
2269 1936 2326 1960 vos

1381 1974 1526 2014 hiscum,
1555 1974 1587 2008 dt
1600 1973 1721 2018 dirigat
1733 1973 1831 2007 corda
1843 1972 1942 2008 vestra
1955 1997 1966 2014 ,
1993 1984 2030 2008 ut
2054 1975 2088 2008 in
2111 1972 2239 2009 bonum
2258 1984 2326 2009 mo-

1381 2024 1540 2057 mineritis
1553 2022 1654 2056 nostri
1670 2047 1678 2056 .
1705 2022 1787 2056 Haec
1799 2022 2026 2059 enimacorde
2045 2024 2080 2059 δι
2100 2022 2193 2058 labiis
2217 2024 2324 2065 mein

1380 2073 1455 2109 Deo
1478 2073 1676 2116 inspestore,
1702 2073 1801 2114 teste,
1828 2072 1861 2107 δι
1880 2072 2012 2117 iudice,
2037 2072 2177 2108 charitas
2197 2075 2324 2118 expres

1379 2124 1416 2157 sit
1427 2122 1468 2157 ad
1480 2122 1683 2158 dulciffimos
1696 2123 1730 2158 &
1742 2121 2019 2157 reverendiffimos
2030 2124 2140 2158 fratres
2157 2145 2168 2163 ,
2186 2133 2223 2158 ut
2237 2123 2323 2160 mihi

1377 2173 1417 2207 de
1427 2184 1543 2209 caetero
1556 2183 1666 2208 coram
1681 2174 1757 2207 Deo
1766 2197 1777 2213 ,
1803 2183 1902 2218 quem
1914 2172 2030 2207 testem
2052 2171 2171 2207 horum
2183 2174 2218 2208 &
2226 2172 2318 2214 indi·-

1375 2224 1582 2259 ceminvoco
1596 2248 1607 2263 ,
1633 2223 1789 2266 imputari
1817 2234 1885 2256 non
1906 2222 2044 2266 debeat,
2068 2224 2091 2258 fi
2109 2234 2162 2260 me
2179 2223 2326 2270 salubria!

1374 2276 1604 2310 consulentem
1613 2274 1841 2321 dedignantur
1855 2272 1981 2308 audire.

2019 2353 2021 2355 ’
2051 2372 2143 2413 sxx.

1483 2472 1655 2509 Alexandro
1682 2474 1770 2514 Papa
1798 2476 1944 2509 Henrtcus
1971 2474 2037 2506 Rex
2064 2472 2206 2518 Angla.

1547 2372 1963 2411 EPtsToLA

1436 2571 1597 2608 AEPIUS
1624 2572 1778 2610 Nuntios
1801 2571 1928 2606 nostros
1940 2569 2091 2614 adpedes
2103 2569 2316 2609 Patet-nitatis
2340 2589 2358 2620 ¹g

2351 2502 2358 2588 ἑ

1459 2623 1568 2657 vestrae
1587 2621 1766 2657 direximus
1784 2645 1796 2661 ,
1826 2631 1982 2667 rogantes
2003 2621 2037 2656 δε
2060 2620 2275 2664 supplicantes
2301 2627 2316 2664 ’.
2350 2621 2358 2657 7³

1371 2681 1532 2719 quatenus
1543 2683 1615 2716 quoe
1635 2672 1721 2707 inter
1743 2682 1805 2705 nos
1822 2672 1856 2706 δε
1877 2671 2146 2706 Cantuariensem
2172 2672 2315 2717 qna-elia

1373 2731 1540 2766 vertuntur
1565 2747 1576 2762 ‚
1601 2723 1702 2756 finem
1728 2721 1876 2757 debitum
1902 2719 2024 2765 justitia
2050 2720 2219 2757 mediante
2248 2733 2312 2767 pn-

1359 2773 1515 2812 3neretis,
1542 2772 1585 2806 Et
1596 2772 1727 2808 tandem
1747 2772 1871 2817 placuit
1895 2771 2091 2814 benignitati
2120 2772 2250 2812 vestrm,
2273 2781 2313 2807 ut
2337 2785 2338 2788 ¹

1360 2825 1460 2870 ‚juxta
1483 2823 1679 2868 petitionem
1703 2822 1847 2858 nostram
1865 2821 1907 2856 de
1928 2822 2026 2856 latere
2052 2820 2158 2856 vestro
2182 2823 2340 2867 legato·

1372 2874 1469 2910 nobis
1482 2873 1652 2908 mitteretis
1663 2883 1739 2907 cum
1752 2870 1920 2916 potestatis
1930 2870 2137 2915 plenitudine
2149 2895 2161 2913 ,
2184 2881 2223 2907 ut
2232 2881 2311 2907 ont*
2334 2892 2339 2910 ς

1371 2937 1428 2960 nes
1439 2923 1673 2959 controverfias
1689 2922 1813 2957 nostras
1825 2919 1918 2965 plene
1941 2920 2110 2962 decidere,
2137 2922 2173 2957 ὃς
2192 2921 2310 2956 defini·
2331 2923 2339 2942 ⁷

1372 2987 1405 3008 re
1417 2975 1543 3017 possent
1553 2982 1680 3008 remoto
1690 2971 2120 3014 appellationisobstacnlo.
2146 2971 2311 3019 Qieutn
2333 2997 2337 3006 .-

1368 3024 1404 3060 in
1419 3024 1479 3058 hac
1492 3023 1648 3068 potestate
1662 3046 1673 3062 ,
1697 3022 1777 3055 ficut
1805 3021 1932 3056 Nuncii
1954 3018 2107 3056 nostriad
2127 3032 2188 3057 nos
2198 3031 2307 3065 tepor·-

1370 3084 1542 3115 taverunt,
1566 3072 1600 3109 dt
1612 3071 1856 3107 litterisvestris
1876 3069 2066 3107 continebat
2085 3069 2266 3115 expreffum
2291 3092 2307 3113 ,
2322 3086 2338 3102 ;

1371 3137 1450 3169 quas
1472 3122 1579 3160 adhuc
1601 3133 1698 3166 penes
1720 3133 1781 3156 nos
1801 3121 1957 3157 habemus
1976 3146 1987 3164 ,
2023 3121 2116 3162 rniffi.
2135 3121 2267 3156 fniffent
2289 3139 2306 3163 ,0
2327 3119 2331 3121 ’

1369 3176 1449 3211 ficut
1461 3186 1515 3219 pet
1524 3172 1652 3209 eosdem
1666 3173 1789 3216 legatos
1801 3196 1810 3211 ,
1837 3183 1916 3208 cum
1929 3171 1970 3207 ad
1993 3182 2054 3205 nos
2063 3171 2305 3214 perveniffeutf.

1346 3228 1347 3231 ’
1368 3225 1552 3269 accepimus
1565 3246 1576 3263 ‚
1604 3223 1745 3267 potestas
1766 3222 1822 3257 illa
1844 3222 1886 3257 ad
1909 3220 2061 3265 injuriam
2082 3220 2227 3256 nostram
2237 3219 2305 3255 illie

1368 3275 1522 3312 subtracta
1547 3272 1592 3307 est
1615 3298 1622 3307 .
1663 3272 1769 3307 Unde
1794 3283 1872 3309 cum
1899 3282 1959 3306 nos
1990 3270 2032 3306 ad
2056 3275 2192 3306 ornnem
2207 3269 2306 3314 justi·
2357 3280 2358 3283 ¹

1368 3327 1449 3362 tiam
1460 3334 1568 3359 coram
1581 3324 1628 3357 eis
1638 3323 1823 3358 offerremus
1832 3347 1843 3365 ‚
1870 3322 2016 3366 praefatus
2036 3319 2275 3365 Cantnariensis
2285 3342 2304 3359 ,

1370 3376 1427 3420 qui
1440 3375 1486 3409 ita
1499 3372 1611 3417 inique
1621 3373 1655 3408 &
1677 3372 1839 3409 malitiose
1860 3383 1936 3417 erga
1947 3383 1999 3406 me
2011 3372 2043 3405 se
2063 3370 2159 3405 habet
2182 3393 2194 3409 ‚
2221 3369 2305 3403 ficut:

1368 3425 1463 3460 vobis
1472 3424 1580 3458 &toti
1596 3422 1730 3459 Mundo
1743 3423 1905 3465 innotuit,
1915 3433 2025 3458 coram
2037 3420 2100 3454 illis
2110 3417 2239 3462 justitia
2249 3430 2301 3463 pn-

1368 3486 1436 3513 tete
1473 3474 1616 3512 omnino
1650 3473 1847 3520 contempsit
1885 3497 1895 3508 .
1927 3471 1984 3508 Ob
2021 3469 2111 3516 cujus
2136 3468 2302 3555 ἀεῖςᾶἑιω

2170 3530 2234 3555 aio

2345 2831 2353 2860 ἐ

2345 3530 2352 3691 3

2342 3692 2347 3776 1
