2358 3776
297 79 336 123 S.
409 70 792 123 THOMAE
861 70 1795 128 CANTeUARIENSIS.

129 178 203 209 rem
226 161 428 206 &debitam
452 161 633 196 libertatem
657 159 779 195 indixit
802 156 955 194 Ecclefiis
975 180 986 196 ‚
1033 166 1071 192 ut

134 223 192 263 pro
216 212 350 248 arbitrio
379 211 446 254 ejus
466 212 499 245 δε
520 213 716 255 satraparum
737 212 865 244 suorum
886 206 1070 241 conferrent

134 262 325 302 Incensum..
353 261 426 297 Nec
450 261 610 305 permisit,
636 272 673 295 ut
699 258 848 294 Eccleiiae
868 257 979 293 saltem
1005 267 1071 301 pre-

131 313 221 352 cibus
249 311 524 356 conquererentur
554 311 588 345 in
616 311 676 350 hac
707 307 954 353 contributione
977 330 989 348 ,
1023 307 1071 340 vel

134 364 238 409 magis
253 361 447 401 extritione,
474 373 539 396 tam
554 360 696 395 indebita
709 359 806 402 quam
824 358 954 399 injusta.
983 356 1073 390 Nam

135 412 282 451 Ecclefiae
305 414 339 447 in
359 411 511 453 deteriori
535 410 663 445 calculo
695 408 901 443 vertebantur
920 432 931 447 ‚
958 407 1072 449 utpote

131 475 203 507 quae
227 461 320 497 rebus
344 461 406 495 suis
425 473 491 503 :tut2
513 460 638 495 honore
672 459 865 493 videbantur
896 456 1040 500 indignae
1066 481 1073 489 .

133 514 196 549 Sed
225 524 323 557 quern
350 513 519 549 successum
551 509 662 544 attulit
683 506 750 543 haec
782 507 992 551 pecuniarum
1017 507 1074 540 im·

134 564 287 600 mensitas
301 587 312 604 ,
337 562 436 602 tantis
452 559 686 601 ‚exastionibus
707 559 742 594 δε
763 558 891 600 injuriis
910 557 1075 600 acquisita?

135 613 261 648 Nonne
285 611 420 656 projesta
440 610 484 646 est
507 610 541 644 in
563 610 693 644 saccum
716 609 901 653 pertusum,
927 617 963 641 ut
990 605 1075 642 hosti

136 662 321 707 suscipienti
342 660 531 704 proficeret,
555 660 588 695 δε
607 659 788 693 effundenti
810 670 879 692 non
909 655 1011 691 modo
1033 657 1075 690 es·

134 716 183 749 set
207 711 355 751 inutilis,
383 711 435 745 sed
457 707 612 755 damnosa
636 710 653 742 ἒ
690 708 851 752 Nunquid
878 719 944 741 non
978 707 1020 740 ab
1040 717 1076 740 ea

135 762 191 802 die
210 765 342 797 fortuna
359 761 427 804 ejus
449 761 621 795 retrorsum
643 758 810 799 successit¹
845 759 878 792 ὃ(
902 758 1077 792 successum

139 813 269 850 ubertas
292 811 473 846 emarcuit?
860 834 862 837 ⁴

188 862 251 896 Sed
267 860 355 895 dicet
376 860 516 903 aliquis,
541 859 697 903 quoniam
717 856 782 893 haec
803 857 942 893 indictio
963 857 1076 892 census

138 909 173 947 &
194 911 410 945 Ecclesiarum
429 911 560 946 vexatio
580 910 616 945 in
642 909 885 945 Cancellarium
908 908 996 952 ejus,
1023 907 1079 949 qui

136 972 227 997 nunc
237 969 293 996 aut
307 958 408 996 Archi
423 978 432 987 ·
442 960 656 1005 Episcopatur
668 984 679 1000 ‚
705 971 742 995 ut
752 959 851 995 credo
864 985 876 1002 ‚
896 970 953 993 aut
966 957 1080 993 Archi-

137 1011 329 1057 Episcopari
352 1011 548 1052 contendit,
574 1021 612 1045 ut
634 1010 765 1045 AEmuli
780 1011 1004 1048 mentiuntur,
1031 1018 1081 1051 pe-

140 1062 231 1098 nitus
251 1061 470 1105 retorquenda
491 1061 560 1101 est,
585 1060 643 1105 qui
665 1061 791 1106 Regem
815 1071 893 1094 tunc
914 1059 955 1093 ad
969 1058 1079 1094 omnia

139 1124 202 1158 pro
222 1111 356 1146 arbitrio
379 1110 588 1155 impellebat,
616 1111 648 1145 &
672 1110 758 1150 hoc,
785 1111 864 1144 ficut
889 1112 992 1144 multa
1018 1108 1079 1140 alia

139 1163 247 1201 mala,
273 1161 421 1198 induxit,
450 1161 552 1207 Qod
574 1161 627 1195 etsi
655 1172 719 1205 ego
747 1160 859 1193 falsum
886 1162 947 1193 effe
982 1168 1082 1191 nove-

139 1214 224 1250 rim,
250 1211 364 1253 utpote
385 1212 439 1253 qui
463 1221 536 1244 eum
565 1210 631 1244 scio
655 1221 733 1244 tunc
752 1208 984 1243 authoritatem
1011 1215 1078 1248 non

139 1260 315 1304 praestitiffe
339 1259 473 1293 libidini
499 1283 512 1299 ‚
544 1259 596 1292 sed
617 1257 930 1296 obsecundationem
951 1254 1080 1289 necesti-

137 1311 198 1345 tati
216 1333 228 1351 ,
254 1319 363 1343 tamen
400 1309 475 1352 quia
494 1318 571 1341 eum
596 1307 782 1342 ministrum
804 1307 898 1341 fuisse
930 1304 1081 1349 iniquita·

135 1360 266 1395 tisnon
288 1358 422 1402 ambigo
446 1382 458 1399 ,
494 1357 564 1401 jure
586 1358 716 1400 optimo
735 1358 844 1391 taliter
865 1355 1003 1390 arbitror
1024 1365 1081 1399 pu·

137 1408 300 1446 alendum
322 1433 334 1450 ,
361 1419 397 1442 ut
431 1420 474 1443 eo
495 1407 697 1453 potissimum
719 1408 874 1452 puniatur
895 1404 1046 1440 Authore
1072 1427 1082 1443 ‚

137 1471 235 1505 quem
259 1459 291 1492 in
315 1458 444 1502 talibus⁴
457 1458 532 1492 Deo
555 1456 718 1494 bonorum
747 1459 899 1492 omnium
935 1452 1080 1489 Authori

134 1509 341 1555 praeferebat,
367 1508 461 1551 eique
484 1509 522 1542 sit
545 1507 617 1541 vice
641 1508 729 1541 versa
752 1508 784 1540 in
800 1517 930 1551 poenam
945 1530 956 1545 ,
984 1515 1082 1549 quem

134 1559 276 1595 habebat
296 1560 330 1593 &
356 1557 508 1593 laudabat
529 1559 589 1591 suae
626 1557 834 1609 perversitatis
871 1554 1045 1590 authorem
1072 1576 1079 1583 -

137 1611 229 1646 Nam
249 1610 283 1642 in
307 1609 502 1651 sapientium
525 1605 625 1641 corde
640 1607 754 1641 &ore
787 1604 912 1639 celebre
935 1604 980 1639 est
1002 1601 1083 1638 illud

133 1659 302 1703 ,sapientiae
325 1670 337 1691 .-
374 1658 528 1700 .Quoniam
543 1663 600 1697 per
620 1663 808 1698 quae-peccat
829 1662 914 1698 quts,
938 1663 996 1696 per
1022 1651 1086 1687 baec

135 1712 171 1744 er
192 1715 320 1751 punitur
334 1732 341 1739 .
369 1707 421 1739 Sic
440 1705 528 1739 Cain
550 1704 670 1748 primus
691 1703 870 1747 homicida*
884 1703 1013 1738 occisus
1025 1702 1081 1736 est.

137 1761 284 1794 Canaam
307 1755 495 1797 servitutem
527 1755 679 1795 ingerens
711 1753 784 1786 aliis
801 1762 958 1794 perpetua
991 1751 1083 1784 servi·

134 1817 207 1845 tute
227 1805 399 1839 damnatur
421 1826 428 1834 .
456 1801 585 1835 Pharao
607 1801 641 1834 in
680 1801 779 1842 aquis,
805 1798 986 1843 submersus
1006 1809 1082 1833 cnm

122 1847 308 1903 'potentatu
327 1854 385 1888 suo
409 1873 420 1891 ,
439 1848 572 1894 ,quibus
600 1849 755 1885 Hae-breos
790 1849 1000 1884 submerserat
1033 1848 1080 1883 in-

135 1910 292 1943 nocentes
330 1928 339 1936 .
363 1901 483 1945 Patent
519 1901 555 1935 in
588 1897 678 1936 hunc
714 1899 853 1944 modum
879 1900 977 1945 quam
1013 1899 1082 1942 plu-

139 1959 239 1992 rima.

135 2058 314 2094 confitetur
344 2054 476 2098 culpam
498 2078 509 2094 ,
547 2055 580 2087 δε
612 2055 632 2088 si
656 2063 731 2087 cum
761 2054 860 2087 Saulo
884 2050 1084 2095 quandoque

135 2159 171 2193 lo
199 2167 320 2201 ponere
341 2165 469 2198 paratus
489 2154 533 2188 est
556 2155 702 2187 animam
725 2154 814 2186 suam
873 2175 879 2184 .
901 2150 985 2197 Qis
1004 2160 1083 2194 ergo

132 2207 273 2253 negabit
298 2205 467 2249 Iudicium
495 2204 562 2247 jam
583 2203 712 2246 coepisse
733 2202 750 2235 ὲ
781 2200 883 2235 domo
906 2200 1048 2236 Domini
1067 2213 1086 2237 ·‚

138 2265 213 2291 cum
237 2256 301 2298 jam
324 2253 491 2296 Principes
514 2252 633 2296 Populi
657 2254 689 2286 in
714 2251 869 2296 patibulis
890 2249 1083 2294 suspendan-

138 2317 191 2341 tur
215 2305 255 2339 ad
276 2305 410 2343 Solem,
438 2314 474 2337 ut
493 2303 617 2345 iustitia
645 2300 709 2336 Dei
741 2304 775 2336 in
798 2299 972 2343 conspestu
996 2297 1083 2332 Gen-

138 2358 223 2391 tium
249 2354 444 2388 reveletur?
480 2352 605 2385 Nonne
638 2353 727 2385 enirn
760 2350 927 2393 Principes
961 2349 1080 2393 Populi

136 2408 213 2440 sunt
229 2402 263 2437 hi
285 2403 376 2441 duo,
402 2411 542 2442 quorum
565 2402 646 2434 alter
677 2400 836 2444 dispensat
871 2399 1046 2443 spiritualia
1071 2423 1083 2438 .

136 2455 219 2490 alter
243 2451 432 2508 tempqralia
452 2448 684 2484 administrat?
719 2451 844 2485 Nonne
874 2450 927 2483 lex
960 2449 1084 2492 dispen-

117 2505 272 2539 ‘sationis
291 2503 326 2535 δε
352 2501 520 2535 ministerii
542 2500 643 2543 -hujus
675 2500 825 2535 manibus
846 2500 980 2534 istorum
1024 2510 1082 2533 tra·

138 2555 255 2590 &anda
275 2552 494 2586 committitur
516 2552 530 2582 .>
555 2551 636 2584 Haec
653 2550 741 2585 enim
766 2552 840 2584 sunt
871 2549 939 2584 duo
957 2548 1083 2583 Cheru·

133 2605 232 2646 rbim,
264 2608 404 2648 quorum
439 2600 498 2634 alis
521 2600 591 2632 Lex
614 2601 647 2633 &
672 2600 934 2643 propitiatorium
969 2599 1089 2633 obumv

139 2654 269 2695 bratur,
294 2653 325 2686 se
346 2649 463 2685 mutuo
487 2649 712 2692 respicientia,
739 2650 831 2683 versis
854 2659 962 2683 tamen
989 2647 1081 2682 vulti·

140 2705 200 2739 bus
224 2705 258 2738 in
280 2701 543 2747 propitiatorium
569 2725 579 2739 ,
615 2698 691 2742 quia
711 2698 753 2733 sic
785 2699 840 2733 sibi
865 2700 1006 2732 invicem
1029 2697 1080 2731 de-

141 2755 220 2791 bent
242 2753 388 2796 adspectu
412 2761 531 2785 mutuo
554 2749 756 2792 complacere
772 2773 783 2790 ,
827 2759 863 2782 ut
884 2748 992 2792 legem
1016 2747 1081 2781 Dei

140 2807 176 2841 in
199 2815 270 2838 arca
293 2800 426 2846 pectoris
450 2799 567 2844 jugiter
586 2800 760 2842 inspiciant
782 2798 816 2832 &
845 2807 1047 2841 revereantur
1064 2807 1083 2837 ,ι

142 2866 204 2890 nec
228 2864 286 2897 pro
304 2854 334 2886 se
357 2851 398 2886 ad
418 2851 582 2887 invicem,
616 2859 671 2882 aut
692 2847 738 2883 ob
761 2848 858 2887 aliam
881 2847 1009 2882 causam
1030 2846 1083 2881 ad·

143 2904 296 2942 mittant,
323 2902 408 2935 unde
431 2899 699 2944 propitiationem
724 2898 788 2933 Dei
819 2896 958 2932 debeant
978 2897 1084 2931 deme-

143 2953 226 2988 reri.
251 2951 331 2985 Non
351 2951 440 2985 enim
463 2951 540 2983 licet
559 2950 577 2982 a
610 2948 838 2993 propitiatorio
872 2948 979 2982 vultus
998 2958 1082 2983 aver·

144 3013 211 3038 tere
239 3025 246 3034 .
281 3001 314 3033 Si
335 3011 414 3046 ergo
438 3002 472 3034 in
498 2999 549 3033 his
570 3000 634 3033 suis
672 2998 812 3044 Angelis
834 2998 949 3041 reperit
991 2997 1082 3031 Deus

144 3051 338 3098 pravitatem
373 3073 386 3090 ‚
416 3061 552 3093 eamque
573 3050 686 3093 puniat
723 3073 734 3089 ,
773 3047 844 3093 quis
876 3046 1078 3085 subditorum

143 3103 264 3138 caussas
285 3096 371 3142 apud
406 3099 607 3135 Altiffimum
640 3099 706 3141 jam
733 3098 881 3133 ventilari
914 3098 1041 3132 diffidat
1072 3122 1082 3137 ,

145 3162 200 3186 aut
219 3152 282 3185 esse
303 3148 495 3183 ventilatas?
520 3150 738 3184 Circumferat
760 3150 830 3193 quis
854 3149 1082 3184 oculosmen-

145 3203 186 3235 tis
200 3225 209 3240 ‚
235 3201 267 3233 δε
288 3201 452 3232 intueatur
474 3209 552 3241 quot
571 3199 605 3232 ὃς
627 3200 735 3240 quales
753 3199 949 3233 adversarios
968 3199 997 3232 ei
1014 3199 1081 3232 Do·

146 3261 253 3285 miuus
273 3248 494 3288 suscitaverit,
521 3259 560 3281 ex
581 3260 646 3292 quo
669 3249 819 3284 adversus
842 3248 953 3282 Deum
975 3249 1006 3281 in
1032 3248 1082 3281 de·

146 3299 304 3344 pressione
325 3298 469 3332 Ecclesiae
491 3300 591 3331 erexit
614 3298 802 3333 calcaneum
825 3300 938 3336 suum,
963 3297 996 3331 ἀ
1016 3297 1080 3340 pla-

142 3353 187 3385 ne
210 3347 405 3388 mirabitur,
430 3349 463 3382 &
485 3347 505 3380 fi
530 3348 667 3390 prudens
686 3349 751 3389 est,
779 3348 982 3383 venerabitur
1001 3348 1081 3391 judi·

138 3402 232 3439 cium
255 3398 351 3439 Dei,
377 3397 433 3440 qui
458 3408 526 3431 non
560 3397 771 3441 Imperatores
791 3422 804 3445 ,
840 3410 910 3435 non
937 3398 1044 3444 Reges
1071 3422 1082 3439 ‚

240 3447 345 3488 christ.
359 3451 543 3491 Laptopera
554 3449 631 3481 Tom.
650 3450 690 3481 Χ.

1134 168 1200 192 non
1227 154 1396 199 Principes
1419 156 1593 191 nationum
1616 168 1657 195 ut·
1672 163 1777 205 ipsum
1798 165 1945 202 domaret
1962 191 1974 208 ‚
2011 170 2075 205 012-

1133 208 1182 253 git
1196 231 1207 247 ,
1231 206 1286 240 sed
1308 216 1474 254 extremos
1495 204 1672 243 hominum
1698 212 1871 251 Britones:
1901 218 2074 254 Vivicolli-

1135 268 1195 292 nos
1217 254 1346 300 primo,
1370 256 1403 290 &
1420 257 1527 300 postea
1551 257 1628 291 illos
1651 257 1692 292 ad
1722 268 2012 303 contradictionem
2038 270 2075 303 ὃς

1135 308 1280 343 solemne
1309 317 1470 341 certamen
1503 308 1690 349 animavit,
1718 311 1920 360 quivestigia
1951 319 2074 363 pedum

1134 355 1201 401 ejus
1217 357 1451 391 consueverant
1472 357 1608 391 adorare
1631 384 1637 391 .
1676 358 1719 393 Et
1741 357 1807 393 hoc
1837 366 1966 406 quidem
1986 394 1997 410 ,
2035 380 2077 404 un

1136 419 1201 441 non
1221 407 1378 451 glorietur
1400 408 1509 441 omnis
1530 419 1628 448 caro,
1655 409 1708 443 sed
1729 420 1851 445 nomen
1873 412 2012 451 Domini
2034 418 2077 452 fir,

1136 457 1337 492 benedictum
1362 458 1396 490 in
1426 457 1537 492 saecula
1561 482 1567 489 .
1610 458 1664 492 Sic
1683 457 1724 494 ad
1747 459 1944 503 puniendam
1966 465 2078 509 ingra-

1136 507 1311 542 titudinem
1333 508 1521 542 salomonis
1540 508 1722 543 recedentis
1743 510 1761 544 a
1783 510 1936 546 Domino
1955 509 1974 553 *,
2008 525 2080 549 non

1136 568 1202 592 tam
1225 557 1395 602 Principes
1413 558 1516 592 erexit
1533 581 1545 597 ,
1571 558 1668 600 quam
1693 559 1895 597 latrunculos
1918 562 1951 596 δε
1971 563 2079 597 servos

1136 607 1279 649 abjestos
1314 633 1322 640 .
1359 607 1431 641 Nisi
1455 608 1632 651 suspicetur
1651 609 1812 653 quispiam
1845 636 1856 652 ,
1893 622 1929 646 ut
1953 612 2080 647 amodo

1138 658 1339 702 prosperetur
1372 658 1531 693 conditio,
1544 658 1612 700 ejus
1633 681 1645 698 ,
1683 660 1742 693 nisi
1775 660 1851 695 Deo
1881 663 2081 706 propitiante

1138 718 1192 753 per
1214 707 1443 749 poenitentiam
1463 718 1639 743 revertatur
1659 732 1671 749 ‚
1697 710 1731 743 &
1753 712 1858 755 magis
1887 711 1945 755 pio
1968 722 2081 746 utatur

1138 757 1296 793 consilio.
1323 757 1434 799 Nam,
1461 770 1498 793 ut
1509 758 1671 802 Propheta
1691 759 1839 802 loquitur
1855 785 1866 801 ,
1907 761 1942 795 in
1964 761 2082 796 diebus

1138 809 1173 843 δι
1190 806 1382 852 regionibus
1406 808 1523 842 nostris
1544 808 1671 847 inventi
1694 810 1768 844 sunt
1790 809 1879 844 stulti
1912 810 2083 855 Principes

1139 856 1344 904 Taphneos‚
1369 857 1426 901 qui
1450 858 1537 903 Regi
1561 860 1620 893 suo
1644 859 1818 894 consilium
1839 859 2086 896 dederuntinsi-

1143 911 1252 953 piens.
1291 907 1410 943 Urunt
1433 920 1508 942 eum
1541 909 1688 954 undique
1720 910 1957 945 sollicitudines
1979 935 1990 951 ,
2024 910 2084 946 sed

1142 959 1264 997 bellum
1275 982 1287 999 ‚
1312 958 1400 1002 quod
1412 958 1561 995 adversus
1573 958 1785 995 Christum&
1806 961 1981 995 Ecclesiam
1993 972 2086 996 exer·

1141 1021 1193 1047 cet
1211 1034 1223 1051 ,
1256 1008 1392 1043 ulterius
1414 1020 1587 1055 praegravat
1610 1033 1622 1051 ,
1657 1010 1690 1045 &
1710 1011 1742 1046 ei
1766 1010 1892 1046 videtur
1915 1011 2086 1051 inextrica-

1142 1061 1218 1095 bilis
1245 1058 1456 1103 labyrinthus
1470 1085 1478 1094 .

1193 1110 1319 1143 Accitis
1341 1121 1421 1155 ergo
1446 1122 1548 1154 nuper
1567 1111 1608 1146 ad
1643 1110 1848 1157 colloquium
1882 1110 2086 1148 chinonem

1143 1161 1174 1195 se
1198 1158 1404 1204 magnatibus
1426 1161 1490 1195 suis
1507 1172 1584 1195 curn
1614 1163 1830 1197 familiaribus
1858 1187 1868 1203 ‚
1895 1164 1951 1207 qui
1977 1172 2086 1197 rerum

1143 1210 1299 1246 malarum
1312 1210 1514 1244 *industriam
1545 1211 1661 1245 habere
1681 1213 1922 1256 dignoscuntur
1934 1213 1967 1246 &
1979 1212 2087 1248 usum.

1141 1259 1175 1292 &
1201 1259 1358 1300 sapientes
1381 1259 1453 1291 sunt
1474 1270 1510 1293 ut
1531 1261 1652 1292 dictent
1674 1261 1708 1293 ἀ
1731 1262 1853 1295 faciant
1881 1261 1966 1295 mala
1987 1285 1998 1302 ,
2024 1260 2087 1293 ssu—

1140 1306 1260 1341 diofius
1282 1306 1450 1349 inquisivit
1467 1319 1545 1342 cum
1567 1308 1745 1350 promiffis,
1772 1309 1874 1343 minis
1895 1311 1928 1344 δε
1953 1309 2092 1344 obtesta-

1142 1358 1238 1396 tione
1257 1357 1356 1398 quam
1377 1355 1515 1400 plurima
1540 1382 1551 1398 ‚
1585 1368 1732 1401 quonam
1751 1358 1889 1395 consilio
1911 1359 1969 1393 fibi
1996 1369 2093 1393 uten-

1143 1409 1224 1442 dum
1259 1408 1334 1441 esset
1368 1405 1518 1441 adversus
1538 1407 1717 1444 Ecclesiam
1740 1432 1751 1449 ,
1787 1409 1829 1443 de
1863 1408 2091 1444 Cantuariensi

1145 1454 1449 1500 Archi-Episcopo
1482 1456 1665 1501 graviffime
1697 1469 1898 1501 conquerens
1926 1471 1996 1495 ,non
2025 1460 2093 1492 fine

1144 1505 1321 1552 gemitibus
1341 1507 1374 1542 <Sc
1392 1505 1536 1548 suspiriis
1561 1507 1694 1540 multis.
1735 1508 1778 1541 Et
1806 1518 1842 1542 ut
1861 1519 1939 1543 tunc
1961 1509 2092 1551 praesen—

1146 1567 1192 1591 tes
1214 1555 1324 1599 postea
1363 1555 1572 1594 retulerunt,
1609 1555 1830 1599 lachrymatus
1868 1557 1914 1592 est
1941 1558 2054 1593 dicens
2080 1578 2094 1597 ,

1146 1606 1234 1651 quod
1255 1605 1342 1639 idem
1368 1605 1610 1641 cantuariensis
1631 1606 1661 1640 ei
1676 1618 1792 1649 corpus
1809 1608 1842 1642 ὅ(
1866 1608 2011 1642 animam
2034 1618 2092 1650 paz-

1146 1657 1223 1690 riter
1251 1656 1390 1689 auferret
1411 1678 1421 1692 .,
1447 1655 1602 1689 Tandem
1623 1655 1710 1689 dixit
1732 1657 1821 1698 quod
1852 1668 1968 1695 ornnes
1978 1657 2095 1698 Prodi-

1147 1716 1234 1740 tores
1255 1703 1452 1745 erant,⁴qui
1474 1713 1551 1735 eum
1574 1702 1723 1737 adhibita
1745 1715 1842 1746 opera
1868 1707 1901 1739 &
1920 1705 2097 1753 diligentia

1118 1755 1122 1762 ¹
1145 1753 1188 1786 ab
1206 1754 1304 1784 unius
1333 1751 1481 1785 bominis
1505 1750 1718 1786 infestatione
1742 1753 1902 1788 nolebant
1921 1756 2095 1798 expedire.

1149 1800 1203 1835 Ad
1216 1798 1284 1834 haec
1306 1799 1477 1834 Dominus
1500 1799 1780 1845 Rothomagensis
1810 1804 2018 1848 aliquantum
2042 1816 2098 1847 eat»

1145 1850 1282 1885 canduit
1295 1875 1306 1891 ,
1331 1849 1482 1884 adversus
1506 1848 1574 1884 haec
1591 1851 1768 1894 corripiens
1791 1864 1866 1887 eum
1881 1878 1892 1894 ‚
1919 1855 2032 1889 mitius
2051 1865 2095 1890 ta·

1146 1913 1223 1939 men
1238 1927 1248 1942 ‚
1274 1911 1367 1936 more
1390 1901 1467 1939 suo,
1488 1901 1527 1935 rin
1552 1901 1664 1943 spiritu
1689 1901 1832 1935 lenitatis
1854 1916 1866 1936 .·
1901 1905 1977 1938 eum
1999 1907 2096 1942 causa

738 1976 741 1978 -
1089 1986 1091 2001 ἶ
1118 1951 1120 1954 ’
1141 1954 1211 1989 Dei
1238 1953 1344 1996 magis
1363 1953 1507 1994 exigeret
1529 1951 1729 1984 severitatem
1756 1975 1767 1990 ‚
1804 1952 1838 1986 δε
1858 1953 2096 1992 authoritatem

185 2005 248 2042 Sed
270 2003 361 2045 esto,
389 2015 476 2038 nune
495 2003 722 2048 poenitentiam
743 2002 836 2046 agit,
875 2000 1024 2047 agnoscit
1049 1999 1083 2033 ἀ

1148 2002 1323 2035 Pontificis
1364 2000 1483 2034 morbo
1512 2001 1750 2045 languescentis
1779 2002 1916 2037 rationis
1948 2006 1982 2039 ἀ
2014 2004 2094 2039 fidei

1117 2070 1121 2097 1
1147 2050 1242 2086 fuisse
1264 2047 1469 2086 adhibitam.
1497 2051 1574 2086 Erat
1601 2063 1711 2088 autem
1744 2053 1841 2089 dolor
1875 2053 2020 2090 acerbior
2044 2066 2097 2096 ut?

134 2107 317 2146 Ecclesiam
338 2105 580 2149 impugnaverit
594 2128 604 2147 ‚
633 2115 721 2136 nunc
742 2113 799 2146 pro
820 2113 857 2136 ea
879 2112 958 2136 curn
1001 2099 1082 2133 Pau·
1117 2102 1119 2108 ⁴

1147 2111 1249 2146 gente
1267 2112 1342 2141 me,
1369 2112 1467 2145 quem
1487 2113 1679 2146 conceperat
1703 2115 1744 2137 ex
1768 2105 1886 2140 litteris
1901 2129 1911 2146 ‚
1939 2116 2016 2148 quas
2025 2102 2098 2149 jam

1146 2151 1251 2187 dicius
1276 2151 1517 2187 Cantuariensis
1539 2154 1588 2187 illi
1603 2153 1748 2188 &Matri
1769 2154 1840 2198 ejus
1861 2156 2093 2192 transmiseras

1147 2202 1271 2236 Earum
1293 2201 1483 2245 exemplum
1513 2202 1605 2238 vobis
1628 2204 1858 2240 transmittitur
1883 2230 1891 2238 .
1932 2205 2097 2241 Timebat

1136 2251 1282 2296 quidem
1305 2274 1316 2290 ‚
1341 2250 1375 2284 &
1399 2253 1518 2285 merito
1538 2277 1550 2293 ,
1578 2263 1618 2286 ne
1646 2254 1683 2287 in
1713 2263 1833 2291 terram
1866 2255 1936 2300 eius
1964 2256 2098 2293 interdi-

1145 2301 1208 2340 cti,
1234 2303 1267 2335 ὅ(
1291 2301 1324 2334 in
1348 2301 1516 2344 personam
1539 2301 1758 2339 anathematis
1792 2307 1955 2341 sententia
1984 2307 2096 2342 citiffi-

1146 2350 1199 2384 me
1220 2350 1354 2384 ferretur
1377 2375 1387 2390 ‚
1422 2361 1463 2383 ex
1486 2349 1687 2387 authoritate
1723 2354 1758 2387 ἀ
1791 2354 1947 2391 mandato
1976 2356 2096 2392 summi

1149 2400 1345 2434 pontificis.
1373 2401 1462 2435 Cum
1483 2413 1565 2446 ergo
1592 2401 1642 2436 his
1669 2405 2057 2449 angustiis-,premeretur
2081 2432 2093 2447 .

1147 2450 1358 2485 Lexoviensis
1397 2450 1576 2495 Episcopus
1607 2452 1742 2489 unicum
1778 2454 1865 2488 dixit
1894 2455 1956 2487 effe
1997 2466 2094 2491 reme-

1145 2501 1240 2534 dium
1252 2524 1263 2540 ,
1289 2499 1518 2536 imminentem
1530 2502 1724 2536 sententiam
1734 2503 1960 2545 appellationis
1971 2506 2096 2540 ostacu-

1145 2549 1181 2585 lo
1204 2550 1374 2594 praepedire
1388 2573 1396 2581 .
1425 2551 1468 2584 Et
1490 2550 1533 2582 ita
1558 2551 1670 2583 nescio
1691 2561 1758 2593 quo
1785 2554 1900 2594 pasto,
1937 2555 1993 2588 nisi
2014 2557 2096 2598 ‚quia

1145 2600 1262 2634 veritas
1285 2599 1441 2634 ventilata
1463 2599 1536 2644 plus
1560 2600 1663 2642 pollet
1686 2624 1697 2640 ‚
1722 2601 1756 2635 ὃς
1778 2601 1898 2644 justitia
1913 2627 1924 2643 ,
1949 2603 2018 2648 quo
2029 2616 2096 2639 ma-

1145 2650 1196 2696 gis
1228 2650 1419 2685 concutitur
1438 2672 1456 2689 2
1488 2647 1530 2683 eo
1553 2649 1694 2693 amplius
1727 2652 1930 2686 convalescit
1966 2677 1978 2694 ,
2014 2654 2095 2689 dum

1146 2701 1218 2734 Rex
1242 2711 1296 2743 per
1330 2699 1433 2732 avitas
1466 2699 1724 2738 consuetudines
1756 2702 2015 2744 appellationum
2047 2704 2096 2747 jus

1145 2760 1299 2784 evacuare
1323 2758 1494 2789 conatur,
1532 2751 1642 2793 magis·
1658 2751 1856 2792 confirmat,
1894 2752 1973 2788 dum
2015 2754 2095 2797 ipse-

1145 2811 1213 2834 met
1237 2811 1295 2842 pro
1315 2799 1423 2842 capite
1444 2798 1503 2833 suo
1520 2798 1562 2833 ad
1585 2799 1773 2843 appellandi
1798 2803 1961 2848 refugium
1994 2805 2094 2850 cogi-

1144 2860 1197 2885 tur
1222 2849 1371 2884 evolare.

1194 2899 1250 2934 Ab
1272 2898 1332 2932 illo
1352 2909 1432 2944 ergo
1466 2899 1604 2934 consilio
1636 2901 1748 2945 egressi
1774 2902 1848 2938 sunt
1870 2903 1889 2938 a
1926 2903 2009 2939 facie
2029 2903 2094 2938 Dei

1143 2951 1176 2985 &
1198 2949 1301 2993 Regis
1329 2948 1376 2982 sui
1399 2946 1622 2985 'Lexovienfis
1642 2952 1676 2985 &
1706 2953 1867 2997 Sagie-nsis
1900 2954 2053 2998 Episcopi
2082 2977 2092 2992 s

1144 3000 1184 3034 ad
1207 2998 1284 3042 saepe
1315 2997 1436 3033 dictum
1472 3000 1746 3036 Cantuariensem
1784 3014 1990 3048 properantes
2011 3025 2021 3042 ‚
2055 3013 2093 3036 ut

1146 3048 1365 3093 appellatione
1403 3050 1587 3094 interposita
1625 3050 1726 3095 usque
1767 3054 1808 3087 ad
1857 3055 1987 3088 odiavas
2030 3052 2092 3086 Pa-

1143 3098 1225 3133 schae
1256 3097 1485 3142 suspenderent
1524 3100 1592 3143 ejus
1627 3100 1822 3137 sententiam
1850 3128 1856 3134 .
1905 3100 2091 3137 Rothoma·

1143 3149 1246 3194 gensis
1270 3160 1403 3193 quoque
1428 3161 1503 3183 cum
1530 3151 1578 3184 eis
1606 3151 1766 3191 profectus
1792 3153 1836 3186 est
1864 3175 1875 3191 ,
1912 3163 1981 3186 non
2015 3151 2085 3192 qui·

1142 3200 1217 3234 dem
1245 3199 1461 3242 appellaturus
1487 3224 1498 3239 ‚
1524 3210 1560 3233 ut
1586 3201 1632 3234 ait
1659 3224 1670 3240 ,
1697 3201 1748 3236 sed
1774 3200 1815 3236 de
1842 3213 1920 3246 pace
1943 3225 1954 3242 ,
1991 3211 2089 3243 quam

1142 3249 1324 3289 desiderat,
1350 3249 1558 3282 trastaturus.
1586 3250 1906 3295 Archi-Episcopus
1929 3248 2006 3284 vero
2035 3261 2092 3283 no-

1143 3299 1203 3333 ster
1218 3324 1229 3342 ,
1254 3299 1287 3333 in
1307 3299 1475 3342 procinctu
1498 3299 1643 3334 fetendae
1669 3301 1833 3334 sententiae
1868 3299 2089 3342 constitutus,

1143 3351 1205 3383 iter
1240 3348 1418 3391 arripuerat
1450 3348 1490 3383 ad
1524 3349 1652 3383 Urbem
1691 3348 1895 3383 Sueffionum
1935 3349 2093 3385 orationis

1141 3400 1260 3439 causa,
1287 3407 1323 3432 ut
1345 3397 1456 3438 Beatae
1482 3397 1638 3443 Virgini,
1648 3398 1752 3479 §injus
1772 3398 1819 3433 ibi
1839 3399 2100 3482 memoracele·

1734 3456 1755 3494 3
2000 3459 2027 3482 rs
