2358 3776
329 154 392 186 22

954 275 982 325 l
1042 276 1207 341 NG

1109 136 1469 190 VITA

1277 246 1605 337 salz

276 413 965 539 ...LIBER
1078 411 2115 547 SECUNDUS.

489 575 996 632 CAPUT-1.

426 680 516 729 ‚Quid
535 678 575 723 fir
593 678 704 725 gestum
730 682 764 711 in
789 682 904 721 curia,
930 684 1048 727 cognita

553 730 641 767 Archi
656 727 815 774 -Episcopa
835 729 935 778 fuga.

343 828 566 866 XPEDITIS
590 831 626 866 in
659 828 877 874 superioribus
897 829 948 865 his
970 852 981 869 ‚

246 1126 318 1168 rum
345 1128 495 1165 ordinem
515 1127 757 1173 expediendum
777 1127 1005 1172 procedamus.

549 1178 581 1212 A
609 1179 639 1213 L
665 1178 697 1213 A
725 1178 759 1212 Ν
791 1178 832 1214 U
859 1180 898 1214 S.

296 1228 441 1265 MANE
469 1229 570 1276 igitur
593 1230 679 1263 facto
702 1228 827 1263 subitus
852 1240 964 1267 rumor
984 1228 1018 1264 ἀ
1039 1230 1162 1265 sinister
1180 1230 1222 1265 de

243 1278 446 1314 clandestina
469 1277 753 1313 Archi-Praesulis
771 1279 872 1327 fu'ga,
899 1291 957 1314 eos
976 1279 1033 1323 qui
1054 1279 1084 1314 ei
1111 1279 1220 1315 adhae-

243 1331 350 1367 serant
374 1353 385 1369 ‚
420 1329 579 1363 invadens
602 1353 614 1369 ,
649 1338 766 1364 omnes
785 1330 948 1373 compulit
978 1328 1142 1371 latitando
1162 1330 1219 1364 fibi

240 1379 412 1414 consulere
421 1405 428 1412 .
459 1379 534 1414 Rex
547 1380 624 1413 vero
636 1378 702 1413 haec
723 1378 860 1414 audiens
871 1379 1018 1414 turbatus
1030 1378 1220 1422 piurimum,

242 1430 434 1464 convocatis
455 1428 717 1464 Pontificibus&
730 1428 923 1464 Proceribus
945 1429 1125 1465 sciscitatur
1135 1431 1218 1475 quid

236 1479 427 1523 agendum.

440 1525 944 1562 HERIBERTU
974 1529 1016 1563 S.

291 1578 359 1615 ET
392 1587 573 1614 commune
606 1573 741 1620 quidem
762 1575 939 1610 confilium
957 1587 1045 1616 erat,
1072 1587 1110 1611 ut
1142 1577 1218 1619 quia

238 1627 386 1671 Maiores
408 1626 671 1670 Episcoporum,
696 1624 790 1665 juxta
812 1625 902 1669 quod
927 1627 1017 1671 supra
1038 1626 1185 1661 diximus
1206 1651 1217 1667 ,

237 1677 326 1723 Regi
350 1677 380 1710 se
401 1671 654 1719 obligaverant,
680 1672 722 1705 ad
745 1672 938 1705 Romanum
958 1675 1084 1708 adirent
1106 1675 1217 1707 Ponti·

237 1720 332 1764 ficem
349 1750 360 1767 ‚
385 1724 426 1760 de
449 1721 692 1769 perturbatione
703 1719 862 1767 Regni&
875 1721 1054 1756 Sacerdotii
1067 1746 1078 1766 ,
1104 1723 1139 1757 ὅ(
1152 1733 1216 1756 rea-

236 1786 274 1814 tu
297 1775 427 1822 perjurii
448 1785 524 1809 eum
545 1771 746 1818 accusaturi.
775 1770 820 1805 Et
846 1771 980 1808 interim
1010 1773 1125 1807 omnia
1149 1772 1217 1818 ejus

233 1828 274 1867 in
294 1838 371 1872 pace
391 1826 493 1861 effent
509 1847 521 1866 ,
547 1823 655 1867 donec
678 1818 757 1869 quid
780 1820 955 1858 Ro‘marius
983 1820 1144 1857 Pontifex
1163 1822 1216 1865 ju-

237 1878 385 1918 dicaret,
411 1881 638 1918 reportarent.
664 1869 774 1906 Unde
793 1871 827 1906 &
847 1882 930 1908 mox
961 1872 1073 1918 Regio
1099 1871 1216 1907 Edicto

235 1929 394 1979 praeconis
418 1935 499 1959 voce
521 1918 759 1968 proclamatum
780 1920 827 1957 est
851 1946 864 1962 ,
903 1926 946 1956 'ne
965 1924 1040 1969 quis
1064 1918 1215 1958 homines

235 1973 529 2018 Archi-Episcopi
552 1971 741 2007 molestaret
761 1980 819 2006 aut
830 1971 1011 2017 Personas,
1038 1973 1092 2009 seu
1117 1971 1158 2007 de
1170 1983 1214 2006 re-

235 2026 297 2066 bus
318 2026 388 2069 eJus
410 2023 586 2069 quidquam
610 2022 771 2062 auferret,
801 2020 854 2055 sed
877 2020 1024 2056 universa
1047 2022 1141 2066 ipsius
1161 2033 1214 2066 pa-

236 2083 311 2116 cem
333 2075 509 2110 haberent.
536 2072 585 2108 Ita
605 2070 786 2106 Pontifices
819 2069 1080 2106 cirmdivitibus
1102 2072 1137 2106 in
1159 2082 1215 2106 oc-

237 2127 339 2167 cultis
359 2132 553 2171 paraverunt
583 2122 737 2169 laqueum
761 2120 920 2164 fugienti.
963 2121 1007 2155 Et
1034 2123 1078 2156 ita
1100 2122 1214 2155 confe-

236 2178 315 2215 stim
335 2175 494 2220 arripiunt
507 2174 568 2209 iter
591 2171 740 2216 Rogerus
762 2170 974 2206 Eboracenfis
998 2168 1212 2215 Archi-Epi-

234 2229 374 2272 scopus,
400 2224 570 2259 Gilbertus
601 2220 867 2262 mindoniensis,
905 2220 1056 2266 Rogerus
1092 2220 1212 2266 Vigor-

233 2277 344 2313 nenfis
356 2302 366 2318 ,
391 2274 544 2312 Hilarius
556 2270 765 2306 cicestrensis
775 2293 786 2309 ,
812 2269 1030 2317 Barthomeus
1043 2271 1211 2305 Exonien-

236 2329 276 2363 fis
301 2326 476 2371 Episcopi.
503 2322 617 2359 Praeter
637 2319 700 2355 hos
724 2321 848 2355 vero&
869 2332 946 2356 cum
968 2321 1037 2355 istis
1058 2332 1127 2356 non
1141 2322 1209 2355 nul-

235 2379 262 2415 li
283 2377 397 2413 Aulici
415 2375 568 2420 Clerici,
606 2373 641 2407 ἀ
662 2371 720 2417 alii
739 2369 872 2416 quidam
894 2371 1062 2418 Honorati
1092 2372 1152 2406 viri
1178 2371 1212 2405 ὅ(

237 2427 384 2473 Magni,
408 2426 451 2461 ab
471 2426 543 2469 ipso
562 2419 662 2459 latere
684 2421 787 2468 R‘egis
814 2421 899 2457 missi
920 2420 955 2458 in
983 2421 1208 2456 testimonium

237 2478 319 2514 illis.
349 2476 440 2513 Miffi
461 2475 595 2519 quidem
606 2475 640 2508 in
661 2484 786 2518 magno
805 2482 982 2517 apparatu,
1009 2472 1044 2505 in
1067 2472 1210 2507 donis&

238 2527 430 2563 muneribus
453 2526 587 2565 multis,
614 2523 731 2567 quibus
749 2534 807 2567 pro
830 2522 951 2557 viribus
971 2520 1131 2565 judicium
1145 2533 1209 2566 per-

238 2588 418 2616 verterent,
443 2575 670 2618 &sapientum
679 2574 795 2606 oculos
810 2583 1019 2607 excaecarent.
1049 2572 1129 2606 Hoc
1147 2582 1210 2606 ete—

238 2628 309 2663 nim
332 2625 434 2660 modo
463 2624 638 2657 credebant
667 2622 803 2657 Curiam
825 2623 1016 2657 Romanam
1037 2646 1048 2662 ,
1087 2622 1122 2656 in
1148 2620 1208 2656 hac

239 2687 331 2721 parte
354 2672 552 2719 quandoque
574 2672 782 2706 vacillantem
795 2695 813 2711 ‚-
834 2671 987 2715 inclinari
1008 2671 1096 2716 posse
1121 2671 1209 2719 adid
1234 2694 1241 2701 „
1283 2693 1301 2722 ὀ.

242 2726 332 2773 quod
345 2724 521 2770 querebant
540 2748 546 2754 .
575 2719 693 2756 Ethoc
714 2719 847 2776 quidem
859 2721 1032 2773 confilium
1052 2712 1210 2761 dederint

239 2777 374 2825 quidam
391 2773 592 2810 Pontificum
612 2780 728 2806 contra
744 2769 853 2806 Archi
865 2771 1118 2829 qlipiscop‘uruL

460 2873 492 2908 c
542 2871 575 2906 Λ
625 2869 667 2921 Ρ,
704 2870 745 2905 U
795 2870 839 2927 ‘11
934 2867 984 2907 11.

432 2976 478 3007 De
504 2975 690 3006 itineratione
715 2950 834 3005 Thornia
852 2960 1023 3015 fugientls.

440 3072 478 3107 H
504 3071 535 3106 Ε
559 3072 592 3107 R
618 3074 635 3108 1
660 3073 688 3106 B
717 3072 745 3105 E
771 3072 804 3106 R
832 3071 870 3105 T
897 3071 938 3107 U
964 3073 1007 3107 S.
1179 3116 1181 3118 q

299 3121 455 3162 GlTuR
469 3119 574 3157 Archi
584 3139 595 3147 ·
607 3122 787 3165 Episcopus
798 3122 822 3162 ,'
835 3130 873 3160 ut
885 3121 1030 3164 diximus
1039 3146 1051 3162 ‚
1077 3122 1162 3159 clam
1173 3122 1213 3158 de

314 3176 409 3212 noae
428 3173 582 3219 fugiens,
610 3174 751 3207 Fratrem
772 3181 876 3206 unum
889 3172 929 3206 de
940 3171 1068 3207 Ordine
1079 3171 1120 3207 de
1133 3172 1213 3208 Sim—

241 3225 430 3272 plingeham
453 3225 561 3258 secum
573 3221 696 3258 habens
705 3247 716 3264 ,
742 3233 795 3255 me
808 3222 937 3257 Ducem
950 3246 961 3262 ,
989 3223 1095 3256 versus
1108 3222 1210 3267 Aqui-

241 3276 353 3312 lonem
384 3274 426 3310 ad
468 3271 615 3307 nobilem
646 3272 738 3306 illam
769 3271 947 3307 Civitatem
988 3272 1211 3307 Lincoliniam

242 3325 418 3362 tendebat:
454 3324 547 3359 Siens
566 3322 600 3357 ἀ
631 3322 771 3366 prudens
792 3322 931 3356 nimium
950 3332 1082 3366 carpens
1095 3346 1107 3363 ,
1144 3334 1210 3358 non

239 3377 352 3416 viam,
377 3381 414 3407 ut
431 3372 477 3406 ita
498 3371 647 3412 cautius,
672 3373 693 3405 fi
715 3372 771 3416 qui
798 3370 868 3415 post
888 3373 1114 3412 mitterentur,
1148 3383 1212 3415 per-

243 3428 404 3461 secutores
420 3422 575 3466 effugeret
587 3447 598 3463 ,
623 3420 936 3456 declinaretinlidias
950 3447 957 3454 .
987 3423 1031 3456 Et
1053 3423 1147 3457 noste
1158 3433 1206 3458 ve:

239 3477 291 3514 ait
302 3472 342 3514 ad
361 3482 505 3524 pagum,
532 3472 589 3517 qui
611 3472 730 3509 dicitur
751 3471 917 3516 Grabam,
942 3471 1102 3519 &viginti
1115 3472 1208 3518 quin·

1036 841 1078 865 ex
1109 829 1228 875 quibus

272 916 274 918 ,
357 880 560 919 dissensionis
579 880 664 915 inter
686 878 814 925 Regem
846 879 882 916 &
914 878 1225 917 Archi-Praesulem

247 942 322 969 orta
339 931 386 965 est
412 931 546 966 materia
563 956 574 972 ,
595 929 790 975 quantisque
810 930 843 964 δε
866 930 986 973 quibus
1014 930 1139 977 injuriis
1166 942 1224 976 ap-

248 983 373 1026 petitus
387 1005 399 1024 ,
422 979 633 1020 contumeliis
657 980 835 1019 laceffitus,
861 981 895 1014 δε
915 979 1079 1015 furoribus
1090 981 1222 1015 coneus

247 1033 322 1069 fus,
348 1031 534 1077 compulsus
555 1031 591 1065 fit
615 1030 733 1065 Beatus
751 1028 905 1065 Thomas
935 1032 1019 1076 fugae
1042 1030 1223 1073 praefidium

248 1077 388 1124 quaerere
410 1080 451 1113 ad
472 1079 566 1114 exilii
579 1080 648 1123 ejus
665 1080 847 1114 Historiam
859 1102 872 1119 ‚
896 1080 929 1113 &
948 1079 983 1113 in
995 1078 1098 1118 exiiio
1109 1080 1224 1117 Gesto-

1237 609 1239 616 χ
1293 591 1357 624 que
1375 579 1506 617 circiter
1535 579 1731 616 milliaribus
1749 578 1768 613 ὲ
1803 577 2027 615 Norhantona
2058 576 2235 616 distantem
2259 606 2269 615 .

1294 629 1370 665 Ubi
1391 630 1560 675 postquam
1581 630 1716 665 modico
1738 629 1872 663 indulsit
1897 629 2037 669 somno,
2071 629 2107 663 in
2126 629 2269 667 crastino

1165 673 1167 675 ’
1237 718 1240 724 ,
1294 680 1447 724 arripiens
1467 681 1527 716 iter
1548 681 1640 715 venit
1654 678 1867 719 lincolinam,
1895 678 2012 713 iterum
2023 676 2150 713 circiter
2161 679 2268 725 vigin-

1293 731 1319 764 ti
1339 731 1484 774 quinque
1505 730 1677 771 milliaria,
1704 728 1887 773 hospitatus
1908 729 1944 764 in
1968 728 2136 768 Civitate,
2163 730 2197 763 in
2209 729 2269 765 do-

1293 791 1350 814 mo
1374 780 1540 824 cujusdam
1562 780 1681 824 felonis
1702 803 1711 811 .
1748 779 1805 813 Est
1828 779 1875 813 ibi
1898 790 1999 824 aqua,
2026 790 2097 823 quae
2115 777 2189 813 fluit
2211 789 2269 823 per

1291 829 1474 867 Civitatem
1489 831 1637 870 intrans,
1681 829 1825 864 dlocum
1838 829 2011 874 quemdam
2033 829 2215 864 solitarium
2228 830 2264 864 in

1290 880 1401 915 medio
1421 891 1575 925 aquarum
1600 880 1659 914 fitu
1723 904 1733 920 ‚
1759 881 1816 924 qui
1837 880 1960 914 dicitur
1993 879 2226 913 Eremitorium
2252 903 2265 920 ‚

1290 932 1480 975 pertingens
1501 930 1542 965 ad
1563 929 1700 965 domum
1720 930 1760 963 de
1776 928 2044 975 simplingeham:
2072 928 2134 963 Per
2144 940 2265 973 aquam

1290 980 1378 1014 venir
1401 979 1505 1015 millia
1526 981 1657 1015 circiter
1680 979 1910 1023 quadraginta.
1945 978 2021 1015 Ubi
2044 988 2175 1023 propter
2197 978 2267 1014 loci

1289 1030 1525 1071 solitudinem,
1550 1030 1585 1065 ὃ(
1601 1039 1731 1074 propter
1752 1028 1980 1064 difficultatem
2003 1030 2142 1064 acceffus
2165 1053 2178 1071 ,
2223 1028 2266 1064 eo

1287 1079 1378 1125 qudd
1404 1081 1437 1113 in
1461 1080 1572 1115 medio
1592 1089 1749 1122 aquarum
1769 1079 1808 1112 fit
1830 1103 1842 1119 ,
1875 1091 1930 1122 per
1950 1089 2012 1113 tres
2032 1079 2103 1114 dies
2133 1079 2267 1114 securus

1287 1130 1406 1170 latuit,
1431 1131 1472 1164 ad
1498 1131 1582 1170 iter,
1607 1127 1696 1173 qued
1723 1127 1860 1163 restabat
1880 1127 1963 1162 vires
1987 1139 2150 1171 reparans.
2180 1127 2266 1164 Una

1289 1179 1365 1215 vero
1390 1180 1517 1214 dierum
1538 1190 1615 1214 cum
1634 1180 1768 1218 Frater,
1794 1179 1851 1221 qui
1875 1178 1930 1222 ipfi
1961 1176 2191 1219 ministrabat,
2217 1175 2266 1213 vi-

1286 1229 1373 1264 deret
1396 1230 1499 1265 solum
1534 1229 1699 1264 sedentem
1714 1229 1748 1262 in
1771 1229 1906 1268 mensa,
1932 1227 2203 1271 &pulmentariis
2212 1238 2270 1263 ven

1287 1280 1350 1321 sci,
1375 1282 1590 1323 compunctus
1614 1278 1800 1322 lachrymas
1831 1279 2003 1313 continere
2027 1289 2095 1313 non
2118 1278 2228 1323 potuit
2255 1302 2264 1311 .

1286 1330 1329 1364 Et
1349 1329 1515 1364 continuo
1537 1329 1641 1365 exivit
1668 1353 1680 1369 ,
1707 1338 1748 1362 ne
1764 1328 1852 1363 inter
1873 1328 1982 1372 epulas
2005 1328 2112 1363 virum
2134 1328 2202 1363 Dei
2221 1327 2267 1364 la·

1284 1377 1424 1423 chrymae
1445 1380 1551 1424 effusae
1573 1378 1811 1424 perturbarent.
1842 1380 1895 1414 De
1907 1378 2106 1415 Eremitorio
2120 1376 2265 1414 venitad

1283 1430 1433 1464 sanctum
1445 1429 1648 1470 Rotulfum,
1672 1427 1785 1465 decem
1807 1429 1976 1464 milliaria.
2004 1429 2048 1463 Et
2070 1428 2149 1464 inde
2161 1427 2203 1463 ad
2213 1427 2271 1480 ²⁰⁸.

1282 1491 1359 1514 cum
1372 1480 1485 1520 venit,
1511 1480 1568 1525 qui
1579 1479 1698 1515 dicitur
1709 1478 1916 1520 Haverolot‚
1943 1479 1985 1514 ad
2008 1475 2264 1523 fimplingeham

1284 1529 1522 1573 pertinentem.
1550 1530 1714 1574 Deinceps
1734 1528 1810 1563 vero
1829 1531 1924 1564 noste
1948 1528 2054 1564 solum
2075 1528 2264 1573 proficisce-

1283 1578 1378 1613 batur
1404 1603 1416 1619 ,
1452 1580 1572 1614 veritus
1588 1578 1788 1623 deprehendi
1820 1604 1828 1612 .
1867 1580 1937 1624 Jam
1965 1579 2124 1622 liquidem
2156 1578 2266 1612 versus

1284 1628 1456 1662 Orientem
1477 1627 1629 1666 tenebat,
1655 1627 1713 1660 ubi
1736 1627 1756 1659 ὲ
1775 1627 1908 1670 Populo
1928 1637 2018 1662 terrae
2038 1628 2124 1664 facie
2152 1626 2263 1674 magis

1281 1677 1436 1719 cognitus
1458 1687 1543 1710 erat.
1571 1676 1678 1709 Nocte
1696 1676 1808 1719 itaque
1835 1674 1928 1717 ibat,
1955 1676 1991 1711 &
2010 1676 2066 1712 die
2085 1675 2265 1721 inaraba,

1281 1724 1358 1759 octo
1376 1724 1503 1757 dierum
1523 1724 1706 1756 conficiens
1718 1722 1869 1756 nostibus
1888 1725 1974 1758 iter.

1479 1771 1516 1804 H
1544 1772 1573 1805 E
1599 1771 1633 1805 R
1660 1772 1675 1805 1
1702 1771 1730 1804 B
1757 1771 1786 1805 E
1813 1771 1846 1806 R
1873 1770 1912 1805 T
1941 1772 1980 1808 U
2008 1774 2048 1808 S.

1330 1821 1551 1857 TANDEM
1584 1821 1660 1855 vero
1685 1821 1843 1865 Estrejam
1866 1823 2002 1858 veniens
2022 1849 2034 1866 ,
2071 1823 2269 1871 Maneriurq'

1282 1873 1448 1917 pertinens
1474 1870 1515 1906 ad
1536 1870 1722 1906 Prioratum
1745 1872 1956 1914 Cantuariae,
1982 1873 2029 1908 ibi
2050 1886 2106 1919 per
2131 1876 2264 1921 aliquot

1280 1923 1349 1958 dies
1369 1934 1495 1956 moram
1517 1922 1596 1955 fecit
1620 1922 1654 1954 in
1676 1923 1845 1957 conclavi.
1877 1922 1948 1957 Ubi
1964 1923 2050 1960 fa‘sto
2071 1925 2106 1960 in
2137 1927 2262 1969 pariete

1281 1973 1465 2012 foramine,
1488 1971 1552 2010 fuit
1573 1971 1663 2007 enim
1679 1972 1776 2016 prope
1791 1972 1984 2013 Ecclesiam,
2008 1975 2134 2011 audivit
2146 1976 2260 2012 Mista-

1280 2034 1351 2056 rum
1373 2023 1540 2056 solemnia
1561 2031 1637 2056 cum
1661 2022 1759 2056 Plebe
1775 2022 1808 2056 id
1831 2023 2021 2068 ignorante.
2062 2025 2261 2070 Presbytero

1281 2072 1357 2106 vero
1378 2070 1576 2105 Sacramenti
1607 2072 1814 2116 perceptione
1847 2074 2028 2116 perfruente
2052 2100 2065 2116 ,
2110 2075 2261 2112 Clericus

1270 2123 1413 2166 {quidam
1435 2120 1532 2164 hujus
1557 2119 1603 2154 rei
1623 2123 1796 2163 conscius,
1822 2123 1971 2159 osculum
1991 2126 2081 2170 pacis
2090 2127 2130 2160 ad
2144 2125 2262 2161 Archi·

1280 2173 1482 2217 Episcopum
1502 2169 1666 2207 deferebat
1679 2195 1686 2204 .
1700 2172 1882 2209 Recedenti
1904 2185 2038 2219 quoque
2056 2200 2068 2217 ,
2096 2177 2166 2220 post
2199 2178 2261 2211 ser-

1279 2222 1398 2257 vitium
1420 2220 1578 2265 Populo,
1605 2231 1666 2256 nec
1688 2220 1722 2257 id
1744 2221 1881 2264 scienti,
1907 2223 2133 2268 Episcopalem
2161 2226 2260 2262 devo-

1278 2272 1342 2307 tius
1363 2272 1543 2316 impertivit
1562 2271 1720 2307 Pontifex
1752 2270 2033 2309 benedictionem.
2060 2275 2181 2316 Latuit
2199 2288 2259 2315 au.-

1277 2331 1344 2357 tem
1367 2320 1551 2356 luxmundi
1573 2321 1705 2362 futura,
1735 2322 1770 2360 iu
1782 2331 1868 2368 pago
1889 2323 1977 2368 hoe,
2004 2323 2104 2370 usque
2117 2325 2157 2363 ad
2167 2324 2257 2365 diem

1277 2374 1483 2416 animarum,
1506 2368 1624 2406 diebus
1644 2371 1740 2406 osto.

1476 2469 1852 2506 CAPUT
1978 2470 2056 2507 111.

1387 2572 1532 2616 ,Qualiter
1556 2570 1644 2605 Archi
1654 2588 1663 2596 -
1678 2570 1842 2615 Episcopus
1867 2583 1950 2606 mare
1971 2573 2122 2616 transterit
2134 2599 2142 2607 .

1476 2670 2038 2709 HERIBERTUS.

1382 2723 1428 2758 1ss
1455 2719 1556 2768 igitur
1580 2723 1769 2775 animatur-ir
1788 2746 1800 2763 ,
1837 2722 1894 2765 qui
1918 2723 1980 2757 fuit
2016 2725 2111 2759 tertia
2136 2723 2216 2760 feria
2243 2750 2255 2768 ,

1398 2773 1532 2818 quintus
1544 2773 1699 2808 decimus
1720 2772 1853 2806 dics'ab
1874 2771 1929 2806 illa
1951 2774 2031 2807 feria
2061 2775 2178 2816 tertia,
2212 2775 2255 2810 ab

1278 2824 1338 2858 illo
1359 2824 1413 2858 die
1428 2820 1542 2866 martis
1560 2847 1573 2864 ,
1592 2833 1665 2865 vquo
1677 2821 1764 2866 apud
1786 2819 2019 2858 Norbamtune
2037 2833 2197 2870 pugnarat
2208 2824 2252 2860 ad

1177 2875 1179 2879 ”
1201 2879 1205 2884 ”
1235 2876 1237 2879 “
1256 2873 1417 2918 ,,1)είὶίεις,
1444 2866 1688 2917 -ῃοᾶέ’,.ΪΡαῐυιιι
1705 2880 1782 2905 ante
1798 2870 1885 2907 diem
1907 2873 1942 2908 in
1966 2873 2091 2918 Scapha
2113 2875 2251 2910 intravit

1276 2924 1313 2960 in
1333 2934 1421 2958 mare
1443 2948 1451 2956 .
1495 2918 1545 2957 E'e—
1561 2916 1648 2957 circa
1669 2922 1832 2967 vesperam
1855 2923 2015 2967 applicuit
2036 2924 2070 2958 in
2105 2924 2253 2969 quodam

1277 2974 1381 3008 Maris
1405 2973 1526 3014 latere,
1550 2971 1641 3016 quod
1670 2970 1792 3006 dicitur
1824 2970 1926 3007 hodie
1947 2973 1982 3006 in
2005 2974 2169 3016 Bolonia‚
2195 2985 2250 3018 per

1276 3033 1377 3060 unam
1388 3023 1516 3059 leucam
1534 3022 1657 3058 distans
1670 3021 1813 3065 apertu,
1839 3023 1895 3065 qui
1907 3022 2027 3058 dicitur
2039 3025 2251 3070 Gravelinga.

1588 3071 1621 3105 A
1649 3071 1679 3107 L
1705 3071 1737 3105 A
1766 3073 1801 3106 N
1827 3072 1868 3108 U
1895 3073 1935 3107 S.

1327 3123 1395 3160 ET
1420 3122 1480 3159 ivit
1502 3121 1551 3156 vir
1575 3120 1641 3155 Dei
1664 3121 1782 3165 pedes,
1809 3122 1885 3166 quia
1906 3124 1947 3157 fic
1958 3124 2125 3166 oportuit,
2153 3123 2252 3159 indu·

1276 3185 1329 3210 tus
1349 3173 1426 3209 alba
1449 3173 1556 3212 veste,
1584 3172 1619 3206 &
1636 3169 1832 3206 Monachali
1845 3171 1957 3218 Cappa
1979 3175 2074 3217 super
2093 3173 2248 3218 Scapulae

1276 3225 1378 3269 potita
1393 3220 1411 3263 ,'
1431 3223 1466 3256 in
1486 3220 1696 3266 tempestate,
1723 3223 1757 3256 ὅ(
1783 3223 1893 3265 pluvia
1907 3247 1919 3263 ,
1944 3223 1979 3257 ἀ
2005 3224 2099 3263 luto,
2125 3234 2194 3258 non
2206 3234 2250 3258 ex

1275 3275 1374 3310 solito
1396 3273 1454 3307 iter
1484 3281 1638 3316 peragens
1662 3296 1669 3303 .
1709 3272 1753 3305 Et
1776 3271 1854 3306 dum
1877 3274 2073 3317 pertransiret
2094 3296 2106 3313 ,
2139 3272 2250 3308 obiter

1275 3324 1394 3360 accidit
1408 3322 1551 3366 juniores
1573 3320 1672 3359 stare,
1700 3322 1732 3355 &
1755 3333 1869 3357 eorum
1895 3333 1997 3356 unum
2025 3324 2058 3356 in
2080 3332 2179 3356 manu
2194 3323 2249 3360 sua

1275 3385 1384 3409 tenere
1402 3371 1589 3415 accipitrem
1602 3384 1614 3404 :
1641 3371 1785 3415 Visaque
1807 3383 1866 3407 ave
1886 3396 1897 3412 ,
1927 3371 2032 3406 Archi
2045 3371 2248 3416 -Episcopus

1273 3436 1314 3459 eo
1335 3422 1500 3464 intendit,
1525 3432 1652 3456 memor
1670 3422 1893 3461 conditionis,
1918 3421 1952 3456 &
1973 3421 2097 3467 oblitus
2116 3421 2210 3456 exilii
2236 3449 2245 3455 .

1274 3476 1355 3523 Qo
1377 3475 1446 3510 viso
1466 3470 1574 3518 inquit
1596 3482 1681 3510 unus
1690 3485 1705 3515 ,-
1732 3477 1780 3506 Νι·
1797 3472 1896 3515 fallor
1918 3496 1929 3513 ,
1954 3483 2015 3508 ecce
2037 3471 2085 3511 bic
2105 3469 2144 3511 est
2165 3475 2247 3508 can·

2066 3526 2197 3558 tuamn-
