2358 3776
348 97 447 157 378
918 86 1518 146 ‘EPISTOLAE

284 175 456 229 Alioquin
475 175 680 223 nequaquam
693 173 728 212 in
741 174 884 214 filicibus
894 184 1116 210 commoratur
1129 173 1234 219 Aqui·
1272 182 1277 197 ¹
1282 171 1380 221 super*
1398 174 1612 211 candelabrum
1625 196 1636 214 ‚
1663 181 1699 207 aie
1725 178 1779 217 qu)
1803 174 2012 219 ingrediuntur
2031 201 2043 220 ,
2067 179 2168 215 lumen
2189 184 2236 215 τι.

286 232 342 276 la,
370 232 428 266 nisi
443 229 645 275 Martyribus
657 228 851 268 servientes,
878 237 946 260 tam
966 234 1108 268 mente,
1135 228 1232 271 quam
1275 226 1401 277 gdeanr.
1428 226 1531 273 Qod
1549 224 1665 259 Beatus
1682 224 1830 268 Martyr,
1857 226 1948 269 cujus
1966 227 2122 265 solemnia
2148 233 2232 266 cele-

285 291 423 325 corpore
436 281 597 318 servitutis
616 278 677 325 suae
697 278 846 315 debitum
872 275 1019 316 studeant
1041 273 1196 312 exhibere
1223 299 1231 307 .
1289 274 1442 318 bramus,
1468 278 1598 312 lucerna
1614 276 1709 310 fuerit
1723 277 1880 311 ardens&
1896 279 2027 316 lucens,
2051 281 2169 315 coeium
2189 283 2223 316 ἀ

286 330 506 377 Nequaquam
528 339 750 368 commoratur
770 327 914 370 iri-filice
929 323 944 363 ,'
966 324 1031 365 qui
1047 324 1151 367 psallit
1174 336 1230 360 aut
1288 329 1550 362 terratestantur.
1581 327 1729 368 Ardens‚
1745 326 2102 371 inquam‚Sanct·tatis
2121 341 2231 366 exem.

285 393 396 419 cantat
420 393 529 419 coram
550 380 716 425 Martyre,
744 386 835 410 mens
858 385 969 411 autem
994 374 1062 419 ejus
1096 386 1230 424 vagatur
1286 376 1363 418 plo,
1389 376 1499 413 lucens
1510 377 1709 412 documento
1738 376 1924 412 salutifero.
1955 379 2123 412 Dominus
2146 380 2227 416 hane

279 431 431 470 exterius
444 434 475 466 in
489 431 591 468 saeculi
609 430 759 469 vanitate.
1288 427 1453 468 lucernam
1477 426 1647 468 accendit,
1673 427 1749 461 cum
1775 427 1911 462 electum
1937 430 2028 461 tuum
2053 429 2087 463 in
2099 428 2227 472 apicem

336 493 391 530 35,
418 479 500 517 Sunt
513 476 725 523 ergdlapides
736 475 869 515 SanCli,
896 475 974 510 ficut
1000 474 1228 516 ostendimus,
1273 478 1413 516 ,eximiae
1433 477 1628 523 prelationis
1651 488 1775 511 erexit.
1817 478 1916 512 Hanc
1938 481 2037 511 etiam
2062 480 2228 513 lucernam

285 531 527 576 MartyresJesu
542 526 685 563 Christi.
712 527 809 570 Super
825 536 942 562 tetram
953 527 1034 569 ergo
1047 526 1152 561 sanni
1168 527 1227 562 La·
1272 518 1438 561 lemunxit
1454 553 1466 569 ,
1492 529 1565 564 cum
1589 529 1771 571 Martyrem
1796 528 1888 562 suum
1913 527 2015 562 exilio
2036 529 2193 563 diuturno
2219 554 2231 570 ,

282 583 372 627 pides
385 582 575 618 elevantur,
601 576 677 614 cum
692 577 853 621 Reliquiae
866 577 1052 622 Martyrum
1067 576 1225 613 detumu-
1288 577 1519 620 contumeliis,
1543 578 1693 616 damnis,
1718 579 1751 613 ὅ(
1777 578 1905 620 injuriis
1921 578 2103 613 innumeris
2126 579 2232 624 affligi

282 633 323 671 lis
347 631 585 667 transferuntur
604 653 611 664 ν
639 627 837 665 N0t³¹¹dum
861 637 971 660 autem
995 650 1006 667 2
1047 625 1138 673 qu<5d
1158 638 1223 660 ¹¹0⁰
1288 628 1449 670 permisit.
1476 629 1648 664 Fuitenim
1667 628 1735 662 haec
1762 628 2014 663 tribulationum
2035 629 2234 663 immensitas

279 679 410 719 tantum
423 682 645 727 superterram
658 677 726 726 ejus
737 678 839 714 Sanrffi
854 676 991 725 Lapides
1014 676 1164 713 elevandi
1179 676 1223 712 di·
1287 678 1442 722 tanquam
1465 680 1700 716 emunstorium
1727 678 1820 721 hujus
1845 679 2006 720 lucernae,
2044 680 2119 723 quia
2142 677 2233 722 quod

280 742 421 773 cuntur,
450 730 525 775 quia
539 731 728 769 Sanctorum
743 728 904 771 Reliquiae
922 738 987 762 non
1001 727 1105 763 solum
1133 728 1224 771 supe·
1290 728 1407 762 Beatus
1419 730 1471 762 vir
1490 730 1691 774 purgandum
1709 728 1821 764 habuit
1839 754 1849 770 ‚
1876 730 2022 764 fornacis
2036 728 2130 772 huius
2143 729 2235 764 flam-

279 781 345 819 rius
358 782 546 821 elevantur,
577 780 677 817 sedin
692 778 833 815 Ecclesia
848 802 858 818 ,
885 789 955 822 quae
979 786 1060 813 terra
1085 778 1224 813 Domini
1288 790 1340 812 ma
1353 779 1566 822 consumpsit.
1598 780 1767 814 Dominus
1779 778 2047 815 hanclucernam
2060 780 2229 820 extinxit,

280 831 459 876 appellatur
470 856 483 872 ,
505 842 617 868 eorum
631 830 771 866 elevatio
784 828 1125 873 reverenterimplerur
1139 852 1147 862 ,
1171 827 1223 863 Ex

277 881 343 919 hoc
356 882 489 920 salutern
511 881 576 919 Dei
599 880 721 925 populo
747 879 991 923 provenientem
1019 880 1124 914 sermo
1148 877 1224 914 Pro-

275 930 425 976 pheticus
447 957 457 974 ‚
484 943 582 976 quem
605 930 763 975 prosecuti
783 928 1069 970 sumus‚ostendit
1085 952 1093 963 .
1115 928 1220 971 -Spere

277 983 576 1027 musigitur&n0s
589 1007 599 1026 ,
624 980 714 1028 quod
729 980 887 1027 Martyris
900 979 998 1018 nostri
1015 979 1187 1014 translatio
1213 1003 1222 1019 ,

278 1043 376 1077 quam
389 1031 807 1072 solemnitercelebratnus,
834 1029 974 1074 nobi-sin
1002 1029 1146 1075 praesenti
1175 1040 1224 1064 ve-

276 1082 363 1129 niam
379 1091 587 1129 peccatorum
599 1108 609 1123 ‚
629 1082 663 1119 ὅ(
678 1083 813 1117 salutern
824 1091 1012 1128 perpetuam
1029 1079 1123 1115 nobis
1137 1080 1222 1125 apud

276 1133 466 1169 Dominum
487 1132 653 1171 obtinebit
672 1132 910 1179 percipiendam
935 1130 1003 1175 post
1032 1129 1127 1174 hujus
1153 1131 1223 1165 vitae

273 1182 465 1220 decursum,
493 1183 746 1221 Roboraverunt
768 1193 878 1219 aurern
904 1181 996 1214 valde
1021 1181 1107 1223 spem
1128 1179 1219 1215 istam

272 1233 419 1278 quaedam
430 1233 518 1281 figna
534 1258 546 1274 ,
571 1245 642 1276 quae
664 1233 887 1271 misericordia
909 1230 974 1265 Dei
1002 1230 1094 1264 vobis
1116 1230 1217 1265 osten-

272 1283 346 1324 dit,
372 1286 507 1328 quando
527 1285 699 1321 translatio
724 1284 805 1320 facta
831 1283 909 1319 fuit.
937 1280 1108 1317 Provisum
1131 1291 1218 1315 nam—

271 1344 336 1377 que
347 1335 452 1370 fuerat
465 1332 506 1369 ab
518 1333 568 1370 his
581 1356 592 1373 ‚
618 1334 674 1375 qui
690 1333 873 1375 Martyrem
896 1330 1130 1367 transtulerunt
1143 1354 1154 1370 ‚
1182 1342 1215 1365 ut

272 1383 350 1430 seria
363 1385 458 1420 tertia
470 1383 712 1424 transferretur,
739 1383 815 1427 quia
827 1381 906 1417 feria
918 1379 1012 1415 tertia
1028 1380 1130 1424 passus
1142 1380 1218 1416 fuit.-

271 1442 307 1467 ut
318 1433 392 1468 talis
401 1433 471 1466 dies
483 1431 550 1473 ejus
561 1431 673 1474 gloriae
685 1430 859 1463 deserviret
870 1452 881 1468 ‚
908 1428 1011 1471 qualis
1025 1428 1093 1468 ejus
1108 1429 1218 1469 paffio-

269 1481 304 1517 ni
319 1481 538 1518 ministerium
551 1482 644 1515 suum
656 1477 839 1522 impendit.
868 1477 931 1511 Sed
955 1478 989 1509 in
1017 1475 1152 1511 Christo
1175 1487 1216 1511 te-

268 1532 390 1567 stamur
414 1541 524 1576 prater
550 1529 727 1564 humanam
748 1526 993 1571 providentiam
1031 1527 1183 1561 accidiffe
1207 1550 1218 1568 ,

269 1582 334 1619 Dei
351 1582 455 1628 gratia
468 1581 574 1616 taliter
596 1589 809 1624 procurante,
837 1577 926 1623 quod
950 1586 1041 1612 anno
1059 1576 1215 1621 quinqua-

266 1634 391 1679 gesimo
405 1631 558 1676 passionis
573 1630 667 1676 ipsius
682 1654 693 1670 ,
721 1627 905 1666 venerabile
917 1637 1035 1672 corpus
1045 1626 1115 1670 ejus
1139 1627 1216 1672 glo-

268 1685 351 1718 riam
375 1681 599 1719 translationis
619 1679 762 1722 accepit.
789 1677 882 1724 Qid
904 1688 1014 1712 autem
1041 1677 1139 1712 nobis
1163 1688 1216 1719 per

269 1734 369 1769 istum
391 1732 570 1769 insinuatur
593 1729 779 1765 eventum?
805 1727 1091 1777 Qinquageuarii
1119 1727 1216 1763 nobis

269 1782 503 1819 virtusindicat
514 1805 525 1821 ,
553 1791 651 1823 quern
667 1778 860 1815 remissionis
873 1787 1044 1812 numerum
1056 1777 1120 1812 esse
1133 1788 1214 1812 con-

268 1832 330 1870 stat
347 1857 358 1874 ‚
385 1831 474 1879 quod
487 1830 595 1865 nullus
605 1829 704 1863 Sacrae
716 1829 843 1873 paginae
859 1828 954 1862 lector
977 1827 1109 1870 ignorat
1125 1851 1132 1859 .
1161 1827 1213 1861 Ex

267 1882 334 1918 hoc
346 1884 447 1928 igitur
465 1880 553 1928 quod
575 1890 664 1916 anno
676 1878 943 1925 quinquagesimo
964 1876 1130 1910 transferri
1153 1888 1213 1910 vo-

268 1933 352 1974 luit,
382 1933 468 1980 spem
480 1941 601 1965 certam
616 1927 854 1966 nobistribuit.
881 1926 971 1971 quod
1001 1926 1059 1961 nisi
1083 1936 1137 1969 per
1150 1937 1211 1961 nos

265 1984 412 2028 steterit,
439 1980 632 2019 remiffionis
645 1979 740 2016 nobis
764 1978 904 2026 gratiam
926 1975 1104 2013 obtinebit,

318 2032 373 2085 36.
403 2032 506 2069 Aliud
518 2040 632 2066 autem
643 2030 786 2070 accidit,
811 2026 901 2072 quod
927 2025 1071 2061 humana
1094 2023 1212 2060 delibe-

266 2087 353 2122 ratio
366 2081 751 2121 riullatenusordinavit.
778 2077 956 2115 Biffextilis
967 2075 1124 2122 siquidem
1149 2076 1212 2112 fuit

270 2145 377 2171 annus
391 2132 642 2172 translationis,
671 2131 705 2166 in
719 2140 787 2175 quo
799 2130 843 2166 est
868 2129 984 2174 plenus
1009 2127 1137 2162 dierum
1156 2137 1211 2161 nu·

266 2197 374 2221 merus
395 2185 429 2222 ἀ
451 2183 607 2230 perfectus
629 2206 640 2223 ,
675 2191 711 2217 ut
732 2192 773 2215 ex
795 2179 861 2214 hoc
873 2189 991 2213 eventu
1014 2178 1175 2221 speremus
1200 2201 1211 2219 ,

266 2236 358 2281 quod
378 2235 537 2279 Martyris
560 2231 741 2270 interceffio
753 2232 822 2266 dies
846 2230 975 2265 nostros
1007 2228 1040 2261 in
1062 2226 1210 2270 praesenti

265 2285 445 2329 complebit
458 2286 491 2320 in
506 2285 596 2320 bono
608 2307 619 2326 ,
647 2284 681 2319 ἀ
694 2283 845 2327 perducet
871 2289 933 2319 nos
942 2277 983 2313 ad
999 2276 1125 2311 dierum
1148 2276 1209 2320 ple·

266 2335 453 2372 nitudinem
466 2335 500 2368 in
513 2334 636 2368 futuro.
816 2366 818 2369 ‚
962 2364 967 2367 Α

317 2398 374 2437 37,
402 2381 579 2428 Contingit
606 2381 639 2415 &
675 2377 756 2419 illud
783 2375 994 2417 memorabile
1016 2399 1028 2416 ,
1053 2374 1143 2418 quod
1167 2374 1207 2408 ad

266 2436 428 2481 Martyris
437 2433 578 2478 gloriam
591 2439 783 2473 procurante
795 2428 947 2468 Domino
958 2425 1098 2461 creditur
1118 2426 1208 2460 acci-

265 2487 365 2526 disse.
393 2481 619 2526 Martyrenim
638 2480 700 2514 suit
711 2490 748 2512 ea
768 2477 873 2512 diede
885 2487 967 2513 terra
993 2476 1171 2510 translatus
1197 2499 1207 2515 ‚

267 2550 332 2584 qua
347 2537 420 2573 Rex
436 2534 603 2569 Henricus
616 2556 626 2571 ‚
651 2529 744 2573 cujus
758 2539 905 2571 ternpore
927 2526 1030 2570 paffus
1050 2524 1095 2559 est
1111 2549 1122 2566 ,
1147 2526 1207 2559 fuit

267 2590 397 2626 interra
410 2584 574 2629 sepultus,
601 2592 636 2616 ut
649 2579 836 2622 impleretur
848 2576 911 2616 hoc
936 2574 1037 2612 modo
1057 2577 1144 2617 quod
1168 2576 1207 2610 le·

266 2638 402 2685 giturin
414 2636 585 2676 scr¹pturat
615 2634 701 2663 Mam
713 2631 823 2664 cadem
836 2627 964 2669 defficit,
999 2628 1033 2661 (ν
1042 2623 1154 2668 saxum
1170 2628 1207 2659 de

269 2687 388 2733 locofao
396 2683 600 2725 transfertur.
624 2681 759 2714 Montes
771 2680 840 2713 sunt
855 2702 866 2718 ,
879 2680 934 2722 qui
949 2686 1064 2710 terram
1078 2676 1206 2719 plenam

269 2738 448 2776 altitudine
466 2735 520 2769 sua
534 2732 767 2767 transcendunt
779 2754 789 2768 ,
815 2729 849 2765 δε
862 2731 895 2762 in
910 2727 1109 2768 sublimitate
1121 2738 1210 2767 cacu-

269 2801 347 2825 men
360 2789 453 2823 suum
464 2783 621 2819 attollunt
639 2805 646 2813 .
672 2781 809 2814 Montes
822 2780 931 2820 itaque
945 2780 1017 2817 sunt
1043 2776 1153 2822 Reges
1176 2778 1209 2816 ὃς

268 2839 460 2880 Principes,
486 2836 540 2878 qui
561 2842 715 2866 terrarum
740 2829 941 2865 Dominium
963 2826 1117 2862 obtinent
1140 2852 1150 2867 ,
1177 2828 1208 2862 ὅ(

268 2888 473 2927 sublimiores
487 2885 558 2918 sunt
570 2882 689 2916 caeteris
700 2879 878 2915 eminentia
891 2878 1057 2923 potestatis
1070 2903 1077 2911 .
1106 2878 1209 2912 Mons

268 2938 349 2985 ergo
360 2944 496 2981 magnus
516 2932 657 2971 cecidit,
682 2929 757 2964 cum
784 2930 910 2974 Regem
934 2938 1102 2963 mortuum
1125 2928 1210 2962 finus

268 3000 360 3025 terrae
370 2985 524 3028 suscepit.
553 2982 727 3019 Defluente
738 2981 840 3025 igitur
853 2991 965 3013 monte
990 2978 1158 3013 saxumest
1171 2976 1210 3011 de

271 3041 350 3076 loco
361 3039 419 3073 suo
430 3034 622 3069 translatum
634 3057 643 3071 ‚
669 3030 745 3074 quia
760 3030 859 3075 Regis
869 3040 1004 3072 corpore
1015 3031 1046 3062 in
1059 3040 1140 3063 terra
1156 3029 1209 3062 de·

272 3089 378 3135 polito
390 3113 401 3130 ,
428 3084 586 3127 Martyris
597 3082 726 3124 Corpus
737 3080 781 3114 est
795 3079 976 3115 honorifice
989 3079 1189 3113 sublevatum
1201 3103 1208 3109 .

272 3138 438 3175 Miracula
450 3144 582 3180 quoque
594 3131 676 3166 varia
689 3130 912 3167 translationis
922 3140 1069 3172 tempore
1082 3130 1209 3172 Martyr

273 3192 376 3231 fecit,
404 3198 459 3233 per
481 3195 552 3230 quae
578 3183 722 3218 savorem
745 3182 838 3215 sunm
861 3180 1106 3215 translationem
1131 3191 1210 3213 exe-

271 3238 450 3284 quentibus
461 3236 494 3272 ἀ
506 3231 730 3277 venerantibus
741 3231 844 3266 adeste
861 3229 1051 3265 monstravit
1062 3244 1071 3251 .

326 3289 378 3339 38.
408 3287 461 3322 Ad
475 3283 697 3323 translationis
709 3281 867 3325 Corporis
881 3279 1054 3316 Beatissimi
1067 3277 1209 3312 Thomae

274 3340 399 3378 meritis
413 3338 554 3383 gloriam
567 3332 798 3368 declarandam
813 3356 821 3370 ‚
849 3331 1037 3373 parabolam
1065 3328 1206 3372 Evange·

274 3389 372 3424 licam
383 3390 421 3421 ad
434 3387 625 3421 memoriam
638 3392 846 3418 revocemus:
873 3384 970 3413 Nemo
990 3381 1140 3413 lucernam
1163 3390 1197 3411 ac

276 3441 401 3480 cendit,
425 3437 502 3471 &in
513 3433 793 3480 absconditopantt,
820 3442 913 3477 neque
926 3428 985 3476 sub
1007 3430 1128 3472 modio,
1149 3428 1206 3473 sed

1287 829 1362 864 cum
1377 831 1500 863 servum
1515 831 1605 864 suum
1621 829 1789 874 Martyrio
1799 831 2039 864 consummavit
2053 855 2060 862 .
2075 831 2136 864 Sed
2150 830 2231 864 dum

1287 879 1499 923 corporaliter
1518 892 1589 914 eam
1611 880 1753 914 extinxit
1767 902 1777 918 ‚
1804 880 2012 923 spiritualiter
2032 891 2105 915 eam
2129 881 2234 925 magis

1285 930 1459 971 accendit,
1487 932 1563 976 quia
1579 930 1763 964 sanctitatis
1774 930 1844 971 ejus
1857 931 1991 965 titulum
2008 931 2077 974 post
2092 941 2232 966 mortem

1269 955 1380 1064 ιίρίίυε
1402 979 1521 1016 crebris
1545 980 1777 1015 miraculorum
1802 979 2000 1015 testimoniis
2027 980 2198 1015 illustravit

1286 1031 1468 1066 Lucernam
1480 1032 1559 1074 ergo
1575 1031 1662 1065 suam
1676 1030 1844 1063 Dominus
1868 1032 2071 1073 nequaquam
2096 1024 2238 1065 abscon?

1284 1081 1356 1121 dit,
1382 1081 1457 1124 quia
1469 1080 1628 1125 Martyris
1649 1081 1694 1114 sui
1715 1078 1856 1123 gloriam
1880 1080 2040 1112 virtutum
2061 1080 2234 1114 assertione

1285 1130 1484 1167 monstravit.
1500 1130 1716 1174 Aliquamdiu
1731 1140 1840 1164 tamen
1856 1130 1913 1163 sub
1925 1129 2039 1163 modio
2059 1130 2152 1163 latuit
2166 1128 2236 1163 haec

1268 1182 1436 1229 3lucerna,
1466 1180 1517 1215 sed
1533 1193 1604 1215 eam
1620 1179 1788 1215 Dominus
1809 1190 2000 1223 opportuno
2024 1189 2174 1223 tempore
2189 1190 2236 1213 re-

1268 1231 1402 1264 lvelavit
1420 1256 1427 1264 .
1456 1233 1543 1266 Cum
1561 1231 1708 1265 mensura
1733 1228 1880 1272 quadam
1894 1229 2025 1264 modius
2040 1229 2235 1274 appellatur,

1284 1280 1364 1316 [εὲἲέ
1378 1292 1431 1324 per
1448 1282 1597 1316 modium
1613 1282 1714 1323 potest
1740 1281 1886 1314 tumulus
1909 1280 2067 1324 designari
2083 1302 2094 1319 ‚
2123 1280 2180 1323 qui
2203 1279 2235 1314 se

1283 1341 1414 1365 mortuo
1426 1330 1688 1369 commensurat,
1714 1330 1746 1362 ὅ(
1758 1330 1788 1363 se
1802 1331 1929 1372 corpori
1944 1328 2142 1364 tumulando
2153 1339 2234 1363 con·

1281 1382 1423 1416 format.
1451 1381 1538 1416 Sicut
1552 1390 1660 1413 autem
1687 1379 1803 1413 modio
1829 1380 2031 1413 mensuratur
2058 1391 2198 1413 annonav
2221 1403 2234 1420 ,

1280 1428 1591 1473 quaeindigentibus
1604 1436 1758 1472 erogatur
1773 1449 1784 1466 ,
1811 1427 1854 1459 sic
1865 1427 1906 1460 de
1930 1428 2045 1461 tumba
2071 1429 2232 1472 Martyris

1282 1479 1417 1523 largitas
1431 1477 1551 1512 Divini
1564 1478 1708 1511 muneris
1723 1474 1801 1517 saepe
1815 1475 1967 1518 provenit
1984 1477 2123 1510 infirmis
2136 1501 2143 1508 .
2173 1477 2235 1511 La-

1281 1531 1343 1562 tuit
1367 1529 1468 1572 igitur
1493 1527 1642 1561 Lucerna
1664 1525 1722 1560 sub
1747 1526 1890 1565 modio,
1918 1525 2075 1569 quamdiu
2104 1526 2235 1570 Martyr

1282 1579 1441 1622 requievit
1466 1579 1500 1612 in
1512 1576 1657 1612 tumulo.
1687 1576 1749 1610 Sed
1762 1586 1834 1609 eam
1847 1574 1888 1608 de
1900 1574 2031 1610 latebris
2047 1587 2135 1611 nunc
2155 1576 2232 1611 edu-

1281 1630 1365 1662 &am
1381 1630 1470 1672 supra
1496 1626 1731 1662 candelabrum
1755 1626 1924 1661 Dominus
1945 1626 2125 1666 exaltavit,
2153 1627 2233 1673 quia

1284 1679 1441 1724 Martyris
1454 1677 1626 1722 Reliquias
1638 1675 1678 1711 de
1699 1677 1831 1711 tumulo
1856 1686 2036 1711 reverenter
2057 1678 2234 1720 aflumptas

1283 1730 1316 1762 in
1329 1728 1444 1764 loculo
1458 1728 1598 1772 pretioso
1619 1727 1778 1771 Martyris
1792 1727 1901 1760 usibus
1915 1727 2071 1771 deputato
2084 1726 2232 1761 sublimi·

1281 1791 1329 1813 ter
1351 1778 1528 1814 collocavit
1542 1803 1549 1811 .
1581 1779 1721 1821 Capsam
1737 1778 1826 1810 enim
1850 1776 2010 1821 Martyris
2023 1775 2101 1822 quid
2114 1777 2231 1812 rectius

1281 1829 1419 1863 dixerim
1436 1828 1535 1872 quam
1546 1826 1943 1866 candelabrumluminis,
1976 1838 2047 1871 quae
2061 1826 2175 1861 lumen
2199 1826 2234 1860 il·

1281 1879 1335 1913 lud
1351 1878 1518 1922 egregium
1532 1902 1542 1919 ,
1569 1876 1658 1920 quod
1673 1874 1713 1910 ad
1727 1877 1758 1910 se
1770 1886 1838 1910 tam
1849 1877 1948 1910 corde
1972 1876 2069 1919 quam
2094 1887 2232 1920 corpore

1283 1928 1451 1961 venientes
1473 1927 1661 1967 illuminat,
1690 1925 1895 1960 intuentibus
1919 1929 2150 1970 repraesentat?
2178 1927 2233 1961 Ad

1283 1976 1457 2022 hancergd
1471 1977 1638 2011 lucernam
1661 1973 1837 2009 chariffimi
1853 1976 1933 2011 totis
1956 1977 2121 2011 mentibus
2146 1987 2235 2011 acce·

1281 2028 1418 2067 damus,
1445 2027 1480 2061 δε
1504 2027 1533 2060 ei
1552 2026 1627 2060 vitae
1650 2024 1764 2059 nostrae
1797 2026 1942 2061 maculas
1970 2028 2194 2071 praesentemus
2219 2050 2231 2067 ,

1280 2078 1356 2120 quia
1369 2088 1403 2110 ut
1416 2077 1496 2111 dicit
1509 2076 1709 2119 Apostolus.-
1736 2079 1846 2109 Omnia
1858 2086 2104 2118 quae'arguuntur
2115 2102 2124 2116 ,
2153 2079 2173 2109 ἃ
2184 2077 2228 2109 lu·
2240 2096 2247 2100 -

1281 2133 1362 2161 mine
1373 2126 1621 2169 manifestantur.
1649 2128 1681 2160 Si
1698 2126 1799 2170 igitur
1810 2124 1849 2159 ad
1862 2125 2044 2160 claritatem
2060 2124 2157 2169 hujus
2183 2126 2232 2160 lu·

1280 2179 1378 2211 minis
1388 2178 1600 2217 accedamus,
1627 2176 1752 2209 malum
1766 2175 1856 2219 quod
1871 2176 1902 2208 in
1922 2174 2014 2209 nobis
2028 2175 2114 2217 prius
2129 2174 2226 2210 vide-

1279 2240 1310 2262 re
1331 2227 1541 2271 nequivimus
1567 2250 1578 2268 ,
1602 2226 1673 2270 ejus
1693 2225 1858 2261 beneficio
1881 2226 2115 2269 cognoscimus
2139 2249 2147 2258 .
2174 2225 2232 2260 Ad

1281 2279 1472 2312 memoriam
1483 2288 1674 2312 revocemus
1687 2301 1697 2315 ‚
1718 2275 1807 2322 quod
1826 2276 1856 2309 in
1875 2275 2057 2321 Evangelio
2072 2276 2230 2319 scriptum

1279 2328 1321 2361 est
1340 2340 1347 2360 ι
1374 2333 1481 2361 Omnis
1495 2335 1544 2371 qui·
1567 2329 1645 2363 mole*
1657 2334 1718 2371 agit
1731 2349 1740 2364 ,
1767 2328 1829 2360 odit
1847 2328 1939 2359 lucem
1967 2351 1976 2366 ‚
2004 2328 2039 2361 6·
2063 2337 2119 2359 non
2141 2331 2229 2359 venet

1279 2378 1324 2408 ad
1332 2378 1425 2410 lucem
1436 2402 1446 2417 ‚
1472 2386 1690 2421 ,imaginantur
1702 2386 1791 2419 opera
1803 2379 1870 2417 ejus
1881 2400 1888 2408 .
1919 2377 2103 2421 Fugiamus
2115 2386 2227 2410 tamen

1282 2427 1363 2461 istud
1378 2428 1586 2470 exemplum,
1614 2427 1746 2470 &quod
1772 2426 1916 2468 sequitur
1945 2426 2127 2459 imitemur:
2159 2429 2226 2470 ,Qut

1280 2487 1380 2510 autem
1388 2475 1467 2519 facit
1478 2482 1657 2515 veritatem,
1686 2480 1772 2508 venit
1783 2477 1826 2506 ad
1837 2477 1950 2512 lucem,
1979 2483 2014 2508 ut
2037 2474 2225 2516 manfisten-

1278 2537 1328 2560 tur
1347 2535 1435 2568 opera
1446 2529 1510 2567 ejus
1524 2551 1533 2565 ,
1560 2531 1674 2569 quiam
1690 2522 1927 2567 Deosuntfac‘la
1944 2549 1950 2556 .

1330 2587 1381 2624 39.
1412 2576 1554 2610 Rursum
1568 2601 1579 2616 ,
1601 2586 1635 2609 ut
1647 2575 1870 2608 translationis
1883 2574 2022 2608 fructum
2038 2574 2071 2608 ὅ(
2086 2573 2230 2618 gloriam

1277 2627 1405 2671 plenius
1430 2626 1612 2660 indicemus
1637 2649 1648 2665 ,
1687 2623 1769 2657 illud
1809 2624 1970 2666 scripturae
1993 2623 2227 2658 testimonium

1276 2677 1502 2711 attendamus:
1536 2683 1627 2709 Homo
1643 2673 1768 2707 sanctus
1794 2678 1825 2706 in
1842 2675 2008 2715 'Sapientia
2030 2682 2134 2707 manet
2153 2671 2227 2712 ficus

1277 2729 1346 2768 sol,
1366 2725 1474 2767 stulius
1487 2736 1520 2760 ut
1535 2727 1625 2758 Luna
1644 2732 1777 2758 mutatur
1794 2748 1801 2756 .
1828 2724 1961 2767 Sapiens
1989 2723 2021 2756 in
2048 2722 2227 2766 proverbiis

1280 2777 1453 2812 notificans
1474 2777 1607 2810 stultum
1631 2777 1696 2808 ait:
1726 2776 1838 2808 stultus
1862 2773 1990 2813 transilit
2011 2775 2045 2806 Θ
2069 2773 2190 2816 confidit
2215 2797 2225 2806 .

1277 2829 1405 2862 Stultus
1417 2828 1505 2861 enirn
1520 2827 1563 2860 est
1577 2850 1588 2865 ,
1613 2826 1646 2860 &
1657 2824 1712 2866 qui
1728 2826 1877 2858 mandata
1901 2824 2135 2867 transgedirur
2148 2847 2158 2862 ,
2184 2823 2222 2857 δε

1277 2889 1385 2913 tamen
1414 2876 1472 2911 fibi
1484 2878 1524 2911 de
1537 2877 1733 2919 impunitate
1746 2874 1929 2908 blanditur.
1955 2873 2146 2915 specialiter
2169 2884 2227 2906 au-

1277 2939 1341 2963 tem
1356 2927 1470 2962 stultus
1480 2927 1524 2961 est
1536 2951 1546 2966 ,
1581 2926 1776 2969 Evangelica
1790 2925 1923 2957 veritate
1934 2922 2070 2957 testante
2084 2948 2093 2963 ,
2105 2922 2160 2964 qui
2175 2924 2224 2956 su·

1279 2989 1333 3023 per
1344 2988 1474 3011 arenam
1487 2977 1623 3012 aedificat
1639 2975 1776 3009 domurn
1801 2975 1909 3007 suam.
1943 2975 2047 3006 Arena
2074 2974 2118 3007 est
2141 2983 2223 3008 tem-

1281 3029 1401 3073 poralis
1414 3028 1613 3062 abundantia
1626 3050 1637 3067 ,
1661 3024 1736 3068 quia
1757 3023 1871 3057 sterilis
1883 3023 1926 3056 est
1940 3023 1974 3056 ὅ(
1998 3024 2120 3068 gravis.
2149 3022 2224 3057 Ste-

1277 3079 1343 3114 rilis
1354 3078 1535 3113 Salomone
1550 3077 1677 3112 dicente
1690 3088 1701 3107 .·
1728 3075 1795 3117 ,Qut
1809 3083 1896 3106 amat
1907 3075 2037 3106 divitias
2051 3096 2062 3113 ,
2081 3073 2221 3116 frudun·

1275 3141 1334 3162 non
1345 3133 1491 3172 capietex
1505 3134 1550 3161 eis
1567 3151 1574 3159 .
1602 3126 1718 3160 Gravis
1744 3124 1906 3167 Apostolo
1931 3123 2031 3162 reste,
2057 3125 2113 3167 qui
2134 3124 2180 3157 ait
2207 3134 2218 3154 ε

1277 3182 1343 3224 ,Qui
1353 3181 1467 3214 divites
1495 3179 1601 3212 volunt
1622 3174 1688 3219 fier}
1715 3176 1852 3208 incidunt
1873 3180 1907 3208 in
1925 3172 2066 3215 defideriae
2089 3174 2181 3206 multa
2207 3195 2221 3212 ‚

1276 3230 1398 3264 inutilia
1413 3254 1423 3270 ‚
1450 3230 1620 3265 &not-iva,
1644 3237 1711 3268 quae
1732 3235 1867 3269 mergunt
1895 3224 2041 3257 hominem
2061 3228 2093 3256 in
2116 3227 2224 3256 i'merl·

1277 3290 1341 3313 tum
1363 3281 1623 3322 &perditionem.
1655 3276 1748 3309 Hinc
1767 3277 1865 3309 etiam
1880 3274 2037 3308 Salomon
2050 3275 2093 3307 ait
2110 3287 2120 3307 :
2147 3272 2225 3306 Vidr'

1277 3331 1382 3363 cunda
1395 3356 1403 3369 ,
1430 3342 1498 3372 quae
1508 3329 1584 3370 fiunt
1593 3325 1649 3369 sub
1662 3329 1681 3359 5
1684 3328 1724 3358 ole
1737 3350 1747 3365 ,
1772 3327 1805 3359 (9
1822 3336 1886 3359 ecce
1896 3323 2039 3368 universa
2069 3329 2198 3357 vanitas
2208 3344 2220 3361 ,

1256 3279 1402 3480 lafflibi‘to
1413 3383 1561 3421 spiritus..
1591 3376 1730 3411 Vanitas
1745 3375 1942 3410 sterilitatem
1972 3375 2116 3413 indicat,
2142 3371 2222 3406 affli-

1276 3432 1340 3466 fflo
1352 3431 1487 3476 Spiritus
1499 3427 1713 3474 gravitatem.
1742 3426 1868 3461 Stultus
1881 3424 1961 3470 ergo
1972 3425 2065 3470 super
2089 3429 2220 3507 εὲςὲαιη

2086 3485 2110 3508 a:
2133 3483 2142 3505 ι
2167 3486 2179 3496 -
