2358 3776
412 130 539 177 μέμ-ο

408 253 527 297 Legati
537 249 691 285 secundi.
714 247 897 284 Turbatur.
921 247 1044 292 246.2.
1059 248 1291 292 Legatosreci-

408 304 458 347 pit
470 313 547 338 cum
557 300 668 335 multo
676 298 822 338 honore,
849 297 1027 331 reverentia
1038 297 1071 332 δε
1082 297 1268 334 humilitate
1277 323 1286 332 .

408 354 485 388 ibid.
511 351 613 388 Recte
628 349 731 384 Filius
753 347 855 391 Regis
875 346 1073 382 adveniebat
1094 359 1172 384 cum
1193 355 1290 384 cervo

408 413 510 449 capto
519 402 629 444 ,hunc
639 408 748 433 totum
757 395 882 431 obtulit
892 396 1026 442 Legaris
1036 421 1047 432 .
1072 397 1148 432 ibid-⁴
1173 399 1290 444 Agno-

407 452 659 494 scitttLegatos
672 445 754 487 hos,
779 446 858 482 licet
869 456 1035 491 portarent
1044 446 1102 483 fibi
1112 451 1288 491 contraria,

356 517 361 522 ·
407 513 479 542 tam
497 496 682 535 honorifice
700 497 861 541 excepisse
880 522 892 540 ,
923 505 981 540 pro
1013 499 1167 533 devotione
1185 501 1288 535 debita

343 567 358 585 ,v
375 557 551 588 ..manae
567 546 699 590 Ecclefiae
714 572 722 580 .
749 557 872 596 257.2.
898 548 959 584 Sed
983 547 1074 583 brevi
1097 549 1173 584 Rex
1200 551 1288 586 solus

342 632 344 634 .
403 601 474 636 exit
484 600 605 639 iratus,
630 596 744 634 videns
754 597 785 633 se
796 597 881 633 nihil
905 598 1134 634 obtenturum.
1162 600 1242 646 246.
1256 613 1286 639 2-
1320 595 1323 616 ²

401 649 656 687 Contumaciter
675 649 809 689 dicens,
836 657 891 694 per
909 651 1002 683 oculos
1023 653 1081 684 Dei
1102 661 1154 696 ego
1166 650 1287 693 faciam

403 703 508 737 aeb'ud.
535 701 611 735 ibid.
648 698 868 743 Corrumpere
885 710 943 734 eos
965 700 1114 736 studebat
1134 702 1282 744 pecuniis
1320 704 1322 708 '

402 758 485 800 275.
498 763 530 787 2.
556 749 637 797 276.
651 761 681 789 1.·
706 748 861 784 Tandem
872 749 943 794 post
955 751 1057 786 multa
1079 752 1204 795 privata
1217 751 1285 786 col-

401 801 538 846 loquia,
560 812 639 836 cum
659 800 912 841 Cardinalibus',
939 800 1130 845 Episcopis,
1156 802 1190 836 δε
1217 801 1284 836 Ab·

337 869 341 872 «
400 852 555 893 batibus,
580 852 781 896 acquiescere
793 850 1000 894 vultiudicio
1023 851 1249 887 Cardinalium
1275 877 1282 885 .

403 912 480 951 190.
493 913 522 940 1-
549 902 682 947 Legatis
692 901 814 944 quartis
825 901 986 945 promittit
995 913 1131 938 omnem
1146 912 1257 945 pacem
1271 927 1279 937 .

344 981 348 985 ,
400 964 480 1003 337.
491 965 522 992 2·
548 963 625 1001 339.
638 964 669 990 2·
695 953 759 988 Sed
770 951 889 986 iterum
910 950 1099 994 retrahitur,
1125 952 1281 987 absolutis

334 1017 339 1021 ·’
396 1005 468 1047 suis
474 1003 517 1039 ab
526 1003 887 1044 excommunicatione,
897 1013 1071 1047 procurans
1084 1002 1279 1037 dilationem

334 1079 339 1083 »
396 1053 563 1099 pecuniis,
589 1053 623 1089 &
643 1064 700 1097 per
721 1052 872 1088 Nuntios
892 1052 977 1096 apud
1000 1052 1123 1097 Papam
1145 1078 1157 1095 ,
1193 1053 1279 1087 inter

334 1115 337 1118 ·
395 1104 481 1140 alios
507 1114 563 1148 per
595 1103 803 1139 Manuelemr
821 1102 1057 1147 Imperatorem
1094 1102 1242 1138 Orientis
1267 1128 1274 1136 .

333 1173 336 1176 ·
397 1163 524 1203 335.2·

880 123 907 152 ·.
971 110 1099 160 ,Ῑί
1157 110 1623 164 Ν,1)ἘὛΧ”

332 192 351 237 >1‘.
361 200 495 243 Recipit
506 197 647 239 Litteras
655 196 753 241 Papz
761 218 774 238 2
798 194 917 242 quibus
933 196 1161 242 significantur
1181 196 1290 233 venire
1303 210 1310 239 i

1402 208 1492 244 tuas,
1517 201 1607 246 quod
1625 200 1781 239 Thomas
1800 203 2023 250 interpretatur
2042 219 2056 243 .-
2078 214 2189 246 omnlae
2206 212 2275 246 abt.

1399 250 1626 294 labefit-adem
1635 255 1814 289 adoraveris
1826 267 1874 290 me
1891 275 1900 289 ·.
2171 259 2225 309 38.
2246 273 2274 298 1.

1352 300 1428 337 Rex
1437 302 1472 338 in
1483 303 1538 338 die
1550 303 1587 337 B.
1604 303 1655 338 M.
1679 304 1886 350 Magdalenae
1904 307 2094 351 promiserat
2115 308 2277 346 restituere

1401 354 1539 398 quedam
1563 353 1708 390 Ecclefiae
1727 355 1953 392 Cantuarienfi
1966 382 1979 401 ,
2003 357 2058 394 sed
2079 357 2190 404 postea
2209 372 2280 404 pro·

1400 405 1530 439 missum
1542 415 1611 439 non
1622 405 1725 440 servat
1733 430 1743 440 .
2177 417 2233 457 37.
2245 422 2276 448 2·

1350 451 1427 490 Rex
1439 453 1601 490 maledicit
1611 455 1798 492 suis-amicis
1816 455 1905 502 quod
1928 469 1998 492 non
2019 458 2189 494 vindicent
2215 459 2277 494 Re·

1400 512 1475 549 gem
1485 504 1527 540 de
1537 517 1606 540 uno
1615 505 1788 542 Sacerdote
1809 508 1854 542 D.
1872 505 2010 544 Thoma
2022 532 2030 540 .
2055 518 2101 556 4¹·
2115 522 2147 547 2.
2181 508 2278 542 Mili—

1397 563 1448 587 tes
1458 551 1522 590 ho‘c
1545 557 1623 599 saepe
1643 555 1811 592 audientes
1831 559 2020 602 conspirant
2039 561 2074 593 in
2097 570 2213 594 necem
2236 559 2279 592 D.

1401 601 1545 640 Thomae
1560 606 1631 639 ibid.
1656 607 1728 641 vide
1750 607 1794 640 D.
1808 607 1953 643 Thomae
1964 608 2131 644 carnifices
2145 633 2155 643 .
2179 608 2278 643 Occi-

1399 652 1487 688 ditur
1497 655 1540 689 D.
1550 655 1706 691 Thomas
1715 681 1727 698 ,
1751 656 1770 691 a
1780 657 1869 702 cujus
1880 659 2038 705 sanguine
2062 660 2136 694 Rex
2148 669 2218 693 non
2229 658 2276 693 est

1399 705 1542 739 omnino
1552 705 1729 742 innocens.
2031 710 2110 757 362.
2124 720 2153 745 1·
2179 716 2234 753 50.
2248 719 2279 744 1.

1351 754 1427 790 Rex
1448 753 1561 789 audito
1581 757 1626 791 D.
1650 757 1795 792 Thomae
1814 758 1982 803 Martyrio
2019 759 2155 803 poenitet
2177 783 2185 791 .
2207 758 2279 793 Me·
2304 762 2307 765 ’

1396 804 1461 839 tuit
1473 804 1515 840 ne
1536 804 1593 840 fibi
1615 805 1797 843 adcribatur
1819 810 1909 853 quod
1931 810 2051 844 fastum
2072 810 2119 844 est
2141 809 2160 844 a
2179 808 2243 842 suis
2268 832 2276 841 .

1343 866 1348 869 ·
1398 854 1531 890 Triduo
1553 855 1691 892 abstinet
1710 858 1915 903 ab'ingreffu
1946 859 2094 895 Ecclesiae
2116 884 2125 893 .
2161 857 2200 892 In
2223 869 2278 901 pu-

1397 904 1519 940 blicum
1534 917 1602 940 non
1629 907 1758 950 prodit,
1783 908 2045 944 consolationem
2069 921 2139 944 non
2161 908 2275 942 admir-

1397 955 1457 989 tit.
1487 956 1551 1004 361.
1571 965 1603 991 2·
1630 966 1686 1003 50.
1711 967 1738 992 1.
1765 956 1877 992 Mittit
1895 959 2042 994 Clericos
2064 971 2139 994 cum
2164 958 2278 992 litteris

1395 1005 1604 1040 excusatoriis
1614 1005 1656 1041 ad
1675 1006 1802 1042 Fratres
1812 1008 2080 1043 Cantuarienses.
2108 1008 2182 1042 ibid.
2210 1008 2279 1042 Cu·

1394 1065 1443 1090 rat
1465 1066 1583 1099 corpus
1603 1054 1742 1091 honeste·
1763 1057 1890 1102 sepeliri
1914 1058 2089 1092 immemor
2107 1058 2280 1102 praeterito:

1395 1116 1484 1140 rum.
1513 1115 1566 1152 50.
1593 1116 1623 1143 1·
1649 1106 1755 1142 Vadit
1770 1107 1994 1153 argentolium
2016 1131 2029 1147 ,
2054 1118 2110 1151 per
2145 1107 2279 1151 quadra-

1393 1156 1486 1199 ginta
1509 1155 1753 1197 dies,.maerens
1773 1158 1807 1192 δι
1830 1157 2017 1198 solitarius,
2043 1156 2122 1202 sape
2141 1156 2282 1196 iterans,

348 1205 417 1239 Rex
437 1205 566 1248 qualiter
579 1203 679 1247 fuerit
711 1215 778 1239 cum
803 1203 961 1248 Episcopts
976 1202 1044 1249 suis
1063 1227 1070 1235 .
1098 1202 1185 1248 Regi
1206 1213 1274 1237 non

396 1254 592 1299 imputanda
612 1255 675 1289 fuit
714 1257 760 1291 D.
783 1254 929 1301 Thomae
964 1254 1144 1298 persecutio
1166 1254 1275 1297 potius

391 1316 492 1350 quam
506 1305 674 1350 Episcopis
695 1318 703 1340 ε
728 1306 866 1340 incerat
876 1305 1053 1346 Minister,
1079 1304 1115 1337 hi
1136 1313 1274 1346 reperto·

393 1364 460 1388 res.
486 1354 544 1391 80.
569 1362 598 1387 1.
624 1353 684 1387 lile
719 1353 953 1397 acquievisset,
977 1354 1037 1387 nisi
1074 1352 1109 1387 hi
1130 1353 1275 1396 instigas·

330 1405 566 1496 ›Relitlxngliae
579 1449 775 1485 sollicitabat
799 1448 980 1494 Episcopos
989 1460 1027 1485 ut
1051 1460 1127 1485 eum
1149 1403 1273 1483 fugai».

1348 1214 1350 1217 ’
1393 1208 1471 1239 Heu!
1499 1210 1563 1240 Heu
1586 1208 1599 1239 .'
1626 1206 1792 1250 aecctdtffe!
1819 1218 1864 1254 5¹·
1888 1220 1909 1241 ι.
1938 1207 2050 1242 Mittit
2085 1206 2213 1252 aliquos
2237 1205 2280 1240 ad

1390 1254 1514 1298 Papam
1537 1266 1656 1300 rogans
1677 1257 1853 1292 consilium
1874 1258 1910 1292 δε
1932 1258 2180 1302 paenitentiam.
2205 1254 2278 1289 ibid.

1392 1304 1470 1351 362„
1485 1314 1512 1338 1.
1539 1305 1630 1349 Papa
1653 1307 1739 1341 mifit
1771 1308 1917 1352 Legatos
1941 1307 2026 1342 duos
2042 1306 2255 1342 Cardinales.

1342 1353 1415 1389 Rex
1436 1363 1547 1387 autem
1562 1354 1654 1397 supra
1673 1356 1788 1390 saneta
1810 1357 1991 1400 Evangelia

2028 1382 2040 1397 ,
2076 1355 2281 1400 praesentibus

1390 1402 1647 1442 cardinalibus,
1672 1402 1850 1446 Episcopis*
1869 1427 1881 1444 ,
1905 1406 1969 1438 διο.
1993 1406 2084 1446 Iurat
2103 1407 2193 1449 quod
2216 1416 2279 1439 nee

1389 1449 1580 1490 mandavit,
1607 1461 1669 1484 nec
1684 1451 1794 1485 voluit
1816 1460 1855 1486 ut
1873 1449 2002 1486 Archi·
2016 1453 2200 1496 Episcopus
2226 1456 2276 1488 in-

317 2021 320 2024 ·
382 2005 458 2041 lunt
470 2003 644 2039 admittere
658 2003 730 2047 Leg

387 1511 514 1537 terent:
540 1500 684 1544 eumipfi
696 1499 943 1534 subvertebant.
971 1509 1041 1548 143.
1057 1511 1083 1532 1.
1106 1499 1274 1534 Excusant

388 1563 467 1588 eum
488 1550 641 1595 Episcopi
660 1550 872 1585 adhaerentes.
900 1559 968 1598 ¹²3·
994 1560 1021 1585 1.
1050 1559 1119 1598 ¹39·
1139 1559 1175 1584 2.
1211 1549 1273 1583 Sed

385 1601 587 1638 excusabant
597 1600 729 1644 quidem
745 1624 758 1642 ‚
783 1599 1023 1636 &excusabilis
1043 1611 1114 1635 non
1124 1607 1192 1634 erat
1203 1598 1285 1633 ullov

387 1652 510 1688 modo.
896 1667 899 1670 ⁴
1165 1659 1272 1695 125·1·

338 1706 407 1739 Rea·
419 1704 550 1748 qualiter
568 1703 693 1737 eandem
713 1700 893 1746 confi-riserit
916 1704 989 1734 Paci
1007 1725 1016 1734 .
1052 1699 1174 1735 Pacem
1198 1701 1272 1734 Rex

387 1754 525 1799 Angliae
542 1752 752 1796 providebat,
782 1750 835 1785 sed
853 1753 873 1786 a
896 1749 1019 1796 longe,
1040 1752 1119 1794 rquia
1144 1750 1272 1794 prasen-

381 1801 630 1839 tialiterotnnia
640 1802 810 1837 turbabat.
841 1811 963 1845 142.1.
988 1800 1151 1844 Proponit
1163 1806 1283 1844 pacem·

382 1865 462 1888 cum
482 1852 626 1887 clausula
654 1876 666 1892 ,
690 1854 795 1886 Salvis
831 1850 1041 1895 D1gnitat1bus
1071 1848 1138 1893 sues
1164 1874 1172 1882 .
1200 1848 1272 1882 Pax

319 1912 321 1916 '
382 1903 608 1940 fraudulenta.
638 1901 701 1936 Per
714 1898 1074 1947 Dignitatesintelligit
1087 1899 1273 1934 Consuetu-

383 1954 481 1990 dines
503 1953 576 1989 suas
592 1950 813 1987 damnabiles.
839 1959 918 1996 251.
946 1961 974 1986 1.
1001 1950 1190 1984 Clausulam
1213 1959 1273 1982 no-

733 2002 823 2036 ati&
844 2001 889 2035 D.
912 1999 1088 2041 Thomas,
1114 1999 1172 2043 qui
1195 1998 1273 2033 scie-

382 2054 466 2090 bant
479 2063 643 2090 venenum
654 2053 744 2096 quod
756 2048 877 2086 latebat
894 2075 902 2084 .
921 2049 997 2085 Rex
1007 2049 1148 2095 appellat
1158 2047 1199 2084 ad
1211 2048 1275 2084 Pa-

321 2110 323 2113 '
382 2116 479 2151 pam.
505 2114 631 2152 2551.
660 2102 767 2138 Vocat
781 2103 825 2137 D.
841 2100 1015 2136 Thomam
1028 2100 1232 2144 proditorem
1261 2122 1273 2139 ,

381 2156 545 2201 perfidum
565 2180 576 2196 ,
601 2154 773 2198 exprobrat
784 2153 878 2196 Papae
889 2151 1048 2196 obsequia
1071 2150 1233 2195 preterita
1258 2161 1268 2182 :

380 2207 440 2248 &,
466 2206 588 2249 siPapa
601 2204 794 2243 occurrerit,
823 2202 998 2246 pollicetur
1024 2202 1156 2236 futura.-
1181 2200 1281 2235 conv

318 2278 337 2282 --
379 2259 512 2293 minans
522 2258 554 2291 se
573 2256 669 2291 aliter
689 2253 810 2289 honori
833 2254 893 2289 suo
917 2253 1156 2296 prospesturum
1170 2272 1183 2289 ,
1209 2247 1267 2281 nifi

378 2306 470 2347 Papa
482 2309 515 2340 se
535 2306 647 2340 audiat
659 2328 674 2338 .-
694 2305 767 2338 ibid.
799 2302 917 2344 Incipit
929 2299 1102 2333 formidare
1116 2321 1129 2338 ,
1154 2297 1268 2331 videns

319 2364 323 2379 2
381 2365 483 2399 quam
493 2354 620 2390 fortiter
631 2350 910 2387 excommunicati
922 2348 983 2381 sint
1006 2347 1211 2382 consultores
1221 2346 1268 2380 sui

317 2412 320 2415 ’
378 2403 502 2440 amici.
530 2399 610 2448 287.
627 2410 656 2433 1.
682 2399 800 2433 Verbo·
827 2399 862 2431 &
887 2397 1005 2441 scripto
1024 2397 1059 2432 se
1077 2395 1205 2441 obligat
1227 2396 1267 2429 ad

319 2462 321 2467 ·
378 2450 571 2498 exequenda
582 2446 733 2483 mandata
751 2447 870 2491 Papae.·
891 2446 965 2479 ibid.
999 2458 1032 2482 2.
1060 2446 1122 2481 Sed
1144 2457 1186 2480 eo
1200 2447 1269 2489 ipso

383 2504 456 2549 quo
477 2503 562 2537 facta
574 2500 620 2535 est
641 2509 707 2533 vox
727 2496 1002 2533 comminationis
1018 2495 1216 2540 Apostolicae
1233 2495 1268 2530 in

318 2544 324 2569 7
378 2554 513 2591 auribus
546 2552 634 2594 ejus3
662 2559 726 2591 qua
740 2547 902 2582 intellexit
942 2545 1033 2590 quod
1061 2545 1269 2589 subjiceretur

378 2606 487 2642 Terra
497 2598 743 2646 ejusinterdiuo
753 2622 764 2639 ‚
791 2598 825 2632 &
835 2608 911 2631 cum
923 2596 983 2630 illo
995 2605 1141 2640 ageretur
1150 2621 1159 2637 ‚
1187 2596 1270 2629 sicut

380 2665 493 2702 egerat
505 2653 678 2695 Supremus
687 2647 843 2683 Pontifex
861 2646 1145 2687 cumFrederico,
1170 2656 1269 2689 quem
1309 2671 1311 2674 ,

380 2704 533 2749 deposuit
540 2702 581 2735 ab
591 2699 732 2744 Imperio
742 2723 752 2739 ,
775 2697 916 2742 Regiam
928 2697 977 2730 illi
988 2697 1140 2731 auferens
1147 2696 1271 2740 Digni-

382 2764 484 2791 tatem
498 2753 584 2794 ,sine
592 2750 778 2785 discrimine
790 2757 902 2792 pacem
914 2746 1008 2781 facit.
1037 2755 1117 2793 345.
1130 2758 1163 2783 2·
1188 2744 1267 2794 3³48.

384 2817 417 2844 1-
443 2802 612 2839 Promittit
623 2797 713 2844 quod
735 2809 795 2832 nec
815 2797 883 2840 jota
901 2795 962 2831 nec
985 2797 1112 2840 apicem
1135 2795 1265 2839 praeteri-

384 2864 436 2891 ret
451 2878 462 2894 ,
487 2853 567 2897 quin
578 2873 589 2890 ,
613 2861 682 2894 quae
693 2850 777 2891 Papa
788 2847 946 2888 mandat,
971 2846 1101 2889 penitus
1115 2846 1271 2889 adimple-

384 2915 450 2939 ret.
478 2912 557 2951 347.
572 2912 600 2936 1.
629 2899 780 2941 Deponit
808 2898 1058 2942 generositatem
1079 2897 1112 2931 δε
1135 2907 1211 2930 cum
1226 2895 1270 2929 D.

382 2953 524 2989 Thoma
544 2950 605 2984 init
627 2959 740 2993 pacem
761 2948 796 2981 in
816 2948 915 2980 Prato
940 2971 952 2987 ,
978 2946 1068 2990 quod
1096 2945 1272 2980 vocabatur

388 3005 582 3038 Proditorum
603 3024 611 3033 .
644 3010 696 3046 37.
722 3013 747 3031 ι.
783 2998 823 3032 ln
848 2996 902 3030 die
925 2998 961 3030 B.
980 2996 1093 3031 Mariae
1105 2996 1272 3040 Magdale-

388 3066 439 3089 nae
448 3079 457 3087 .
1154 3047 1227 3079 ibid.
1241 3058 1273 3083 2·

337 3103 416 3142 Rex
430 3101 562 3147 Angliae
579 3099 751 3135 conversus
760 3096 805 3132 est
817 3095 937 3131 timore
950 3107 1051 3140 poenae
1063 3096 1097 3129 in
1120 3096 1270 3130 solemni-

387 3163 454 3190 tate
467 3153 505 3187 B.
529 3151 579 3185 M.
597 3149 823 3194 Magdalenae.
854 3143 930 3195 341.
959 3156 987 3180 1.
1011 3145 1117 3181 Petita
1140 3145 1271 3180 benedi·

385 3200 720 3240 dioneanl'homa
733 3197 887 3233 discedit.
917 3204 994 3244 345.
1013 3206 1038 3231 ι.
1066 3195 1186 3230 Scribit
1206 3196 1264 3229 suo

388 3256 461 3291 filio
482 3251 639 3287 mandans
652 3274 662 3289 ,
699 3259 736 3283 ut
755 3248 901 3281 Thomas
919 3247 954 3280 dt
977 3246 1041 3281 suis
1062 3247 1270 3280 restituantur

389 3304 505 3341 omnia
515 3302 712 3338 ficuter-ant.
739 3295 851 3331 Multa‘
867 3295 1033 3340 promisit,
1058 3296 1110 3331 sed
1133 3306 1198 3329 non
1212 3295 1269 3329 nisi

388 3355 487 3390 verba
495 3359 648 3396 expertus
660 3350 704 3384 est
718 3350 759 3383 D.
770 3346 923 3381 Thomas
935 3371 943 3379 .
972 3357 1049 3395 347.
1063 3356 1090 3383 1.
1113 3344 1268 3379 Tandem

391 3406 510 3439 iterum
522 3399 721 3447 repromittit
732 3399 843 3433 dicens
855 3394 999 3430 Thomae
1009 3421 1017 3428 .
1043 3400 1085 3431 o!
1110 3396 1144 3430 Si
1158 3396 1258 3430 volun

390 3463 493 3490 tatem
503 3463 609 3489 meam
619 3452 757 3493 faceres,
780 3446 895 3485 omnia
918 3446 1078 3483 traderem
1099 3444 1134 3481 in
1154 3456 1270 3485 manus

1335 2201 1425 2243 Regis
1442 2199 1557 2242 Angltae
1574 2197 1657 2240 Justa
1676 2205 1733 2239 per
1754 2197 1850 2231 Deum
1870 2201 1993 2239 punmo
2013 2222 2022 2230 .

1370 2396 1373 2398 ’
1383 2397 1464 2431 Exit
1497 2398 1721 2432 Nortmaunia

1389 1500 1606 1535 terficeretur.
1634 1508 1693 1546 51.
1705 1510 1737 1538 2.
1765 1499 1890 1549 37⁶4
1916 1498 2046 1548 Qod,
2068 1501 2181 1537 audita
2191 1501 2281 1537 Mor·

1389 1558 1423 1584 te
1444 1549 1536 1592 ejus,
1561 1549 1633 1592 plus
1659 1550 1736 1585 inde
1771 1551 1904 1592 doluit,
1930 1551 2030 1594 quam
2053 1550 2177 1586 laetatus
2196 1552 2243 1586 est
2269 1578 2278 1586 .

1359 1599 1362 1603 ’
1389 1600 1462 1634 ibid.
1489 1598 1593 1648 Qod
1604 1610 1845 1646 quamcumque
1866 1600 2095 1644 poenitentiam
2119 1601 2278 1637 Cardina-

1388 1650 1435 1684 les
1455 1649 1487 1684 ei
1508 1650 1721 1695 injungerent
1739 1661 1805 1694 ¹pro
1851 1650 2072 1695 satisfactione
2093 1674 2105 1692 ,
2135 1651 2280 1696 plenarie

1387 1710 1606 1743 exequeretur-¹
1637 1708 1737 1747 51.2-
1762 1700 1884 1747 3674.
1912 1701 2004 1747 Qia
2016 1711 2147 1745 propter
2159 1701 2278 1746 ipsum,

1389 1761 1480 1786 mors
1497 1750 1555 1786 illa
1575 1749 1761 1784 accidisset.
1789 1761 1845 1797 52.
1870 1761 1901 1787 1.
1930 1750 2118 1796 injungitur
2134 1751 2280 1797 eipoeni-

1388 1801 1491 1835 tentia
1517 1824 1526 1833 .
1560 1799 1634 1834 ibid.
1669 1801 1743 1834 vide
1778 1800 1981 1836 Poenitentia
2009 1801 2155 1846 injuncta
2190 1799 2279 1847 Regi

1390 1848 1539 1895 Angliae.

1337 1898 1413 1934 Rex
1434 1910 1507 1934 eam
1528 1895 1674 1943 benigue
1690 1898 1846 1940 affamit,
1870 1897 1987 1935 dicens
2010 1925 2022 1942 ,
2046 1911 2167 1944 corpus
2187 1873 2279 1935 nium

1389 1951 1423 1983 in
1447 1957 1547 1983 manu
1562 1947 1699 1982 illorum
1718 1950 1783 1984 esse
1802 1972 1811 1982 .
1847 1948 2002 1992 Juberent
2026 1961 2060 1985 ut
2086 1951 2281 1994 Hierosoly·

1387 2008 1475 2033 mam
1495 1998 1548 2033 vel
1567 1998 1714 2034 Romam
1735 2023 1746 2040 ,
1770 1998 1826 2032 vel
1842 1999 1883 2034 ad
1906 1999 2067 2043 S.Jacobi
2089 2001 2273 2044 profiscere-

1386 2059 1463 2090 tur,
1489 2049 1520 2082 se
1543 2047 1686 2083 iturum.
1713 2058 1767 2095 52.
1784 2059 1811 2084 1.
1840 2051 1917 2096 363·
1947 2049 1980 2084 ⁴2.
2008 2049 2086 2092 Ejus
2109 2049 2213 2085 Filius
2233 2050 2277 2092 ju·

1386 2108 1433 2133 rat
1453 2099 1484 2133 se
1504 2108 1720 2133 executurum
1753 2098 1981 2142 poenitentiam
2012 2099 2119 2134 Patris
2153 2123 2167 2140 ,
2201 2101 2278 2133 casu

1387 2160 1455 2193 quo
1475 2158 1676 2182 moreretur.
2187 2156 2243 2194 52.
2254 2161 2275 2182 i.

2047 2197 2205 2247 Qatuor
2226 2198 2278 2232 vel

1385 2249 1533 2294 quinque
1555 2248 1651 2282 annis
1669 2246 1740 2292 post
1763 2247 1986 2290 Martyrium3
2011 2246 2097 2281 inter
2126 2247 2289 2292 ipsum&'

1385 2300 1511 2334 Filium
1531 2299 1637 2333 oritur
1655 2296 1793 2332 seditio.
1821 2297 1910 2332 Filio
1930 2297 2070 2332 adhaxet
2085 2297 2161 2332 Rex
2174 2299 2277 2333 Fran-

1382 2350 1440 2382 ciae
1460 2372 1473 2389 ,
1499 2359 1616 2383 omnes
1636 2358 1805 2383 armantur
1823 2356 1941 2382 contra
1961 2348 2093 2387 Patrem
2114 2371 2123 2380 .
2150 2357 2210 2395 52·
2239 2359 2274 2385 2·

1758 2422 1771 2438 ,
1805 2397 2017 2432 conversurus
2040 2399 2071 2432 (e
2087 2396 2132 2432 ad
2154 2395 2237 2432 illud
2264 2421 2276 2436 ,

1382 2446 1474 2489 quod
1486 2446 1592 2481 solum
1618 2447 1759 2490 superest
1772 2471 1784 2487 ,
1809 2447 1976 2481 Divinum
1993 2447 2156 2482 auxilium
2170 2471 2179 2479 .
2203 2447 2278 2481 ibid.

1383 2499 1472 2530 Venit
1493 2498 1717 2535 cantuariam,
1744 2496 1835 2528 nudis
1859 2495 1988 2536 pedibus
2011 2507 2023 2527 .·
2048 2497 2107 2529 vill
2130 2494 2238 2529 babitu
2263 2510 2275 2529 .-

1330 2569 1333 2572 .
1383 2554 1518 2580 tremem
1557 2546 1627 2579 adit
1657 2548 1798 2583 Martyris
1825 2542 2011 2586 sepulturam
2047 2567 2055 2576 .
2090 2542 2162 2577 ibid.
2190 2543 2278 2579 Um

1382 2594 1550 2630 ALTER
1588 2593 1748 2628 DAVID
1786 2591 1907 2627 FUGl
1920 2591 2066 2628 r1VUs
2103 2593 2166 2628 AB
2203 2594 2280 2627 AB·

1385 2643 1579 2682 SOLONE
1604 2642 1732 2677 FlLlO
1758 2641 1859 2679 on
1874 2668 1885 2684 ,
1900 2642 1964 2678 OB
1991 2641 2275 2679 PECCATUM

1385 2693 1538 2730 IPSUM
1562 2688 1931 2740 PERSEQUl-:NTE
1942 2716 1954 2734 ,
1965 2691 2275 2728 PERNOCTAT

1385 2743 1600 2788 JEJUNUS
1627 2741 1695 2776 ET
1720 2741 1956 2777 PERV1G1L.
1992 2742 2066 2775 ibid.
2095 2746 2120 2774 Δ
2142 2744 2276 2787 singulis

1386 2799 1533 2829 Fratrum
1552 2797 1658 2835 recipit
1682 2796 1780 2838 virgae
1792 2791 1988 2834 disciplinam
2010 2816 2016 2823 .
2043 2791 2118 2825 ibid.
2145 2791 2274 2827 AEDI-

1385 2844 1491 2880 CAT
1517 2841 1709 2883 PRAVAS
1737 2840 2276 2877 CONSUETUDINES.›ib1d.

1386 2896 1480 2929 Audit
1499 2893 1616 2936 Missam
1631 2917 1643 2934 ,
1680 2897 1714 2925 in
1731 2891 1869 2926 bonorem
1889 2894 2030 2930 Martyris
2060 2890 2272 2926 celebrataeni‘l.

1388 2957 1408 2992 5
1414 2956 1443 2993 3.
1461 2953 1488 2979 1.
1517 2947 1564 2976 Er
1587 2943 1692 2976 eadem
1711 2940 1784 2976 hm
1802 2946 1921 2983 capitur
1940 2944 2009 2974 Rex
2026 2942 2149 2981 Scoteae,
2173 2947 2274 2975 maai-

1387 3006 1456 3029 mus
1474 2995 1542 3036 ejus
1560 2998 1717 3032 inimicus,
1737 3000 1836 3033 pauca
1847 3001 1958 3024 manu.
1984 2989 2056 3023 ibtd.
2085 2988 2269 3026 BreviRex

1386 3043 1577 3089 adipiscitur
1607 3040 1773 3077 victoriam
1797 3063 1808 3079 ,
1844 3051 1943 3084 quam
1967 3038 2027 3073 soli
2050 3039 2130 3075 Deo
2151 3040 2271 3075 adscri-

1386 3094 1436 3131 bit
1454 3119 1468 3136 ,
1491 3094 1525 3128 δε
1545 3091 1688 3136 Martyri
1708 3090 1752 3124 D.
1764 3088 1909 3126 Thomae
1922 3114 1930 3122 .
1956 3089 2028 3123 ibid.
2055 3092 2090 3126 Θ
2111 3089 2173 3135 fiq.
2199 3089 2272 3126 Poe·

1387 3143 1562 3180 nitentiam
1583 3143 1673 3178 illam
1697 3141 1826 3186 Regis,
1849 3141 1885 3175 dt
1909 3139 2103 3180 victoriam,
2126 3140 2192 3184 jam
2215 3151 2271 3183 per

1388 3195 1480 3230 illam
1502 3190 1670 3234 obtentam
1694 3190 1845 3235 praedixit
1867 3191 1910 3226 D.
1933 3189 2088 3225 Thomas
2105 3189 2213 3224 adhuc
2223 3191 2270 3223 vi-

1389 3256 1467 3279 vus.
1495 3244 1569 3278 ibid.
1595 3241 1772 3278 Victoriam
1793 3241 1867 3277 Rex
1889 3239 2081 3286 depraedicat
2110 3248 2267 3284 tanquam

1387 3294 1600 3330 miraculum.
1623 3301 1677 3339 53.
1690 3302 1722 3327 2.
1752 3294 1922 3325 Moriuntur
1945 3295 2035 3335 Regis
2052 3288 2112 3332 filu
2133 3313 2145 3332 ,
2168 3287 2267 3332 dysen-

1389 3351 1484 3379 teria.
1510 3353 1563 3390 54.
1586 3349 1616 3378 ι.
1642 3342 1687 3375 Et
1707 3341 1773 3386 ipse
1794 3340 1892 3375 REX
1919 3339 2125 3376 ANGLiAE
2151 3337 2268 3373 HEN-

1389 3393 1579 3431 RICUS
1636 3390 1940 3427 MOR1TUR
1968 3415 1980 3432 ,
2041 3386 2262 3426 SUBITA

1386 3442 1624 3486 MORTE,
1649 3440 1729 3479 ET
1752 3437 2259 3526 PLANGENDAihbid·

2184 3497 2217 3520 n-
