2358 3776
520 162 565 207 S.
611 155 901 205 THOMAE
962 149 1365 200 CANTUAR.
1416 153 1550 200 LIB.
1601 158 1658 201 V.

127 243 236 280 vestrae
247 245 277 278 ὃ(
291 243 410 281 honori
421 243 540 280 bonam
550 245 584 279 δε
596 245 736 278 securam
745 267 756 284 ,
783 242 815 276 &
827 238 977 274 universae
995 246 1050 272 ter-

123 306 164 330 re
175 295 280 328 vestrae
289 295 401 330 utilem
414 320 426 337 ,
451 295 484 329 δε
497 294 666 338 Episcopis
674 291 875 327 necessariam
887 313 898 329 ,
924 298 981 332 pro
990 299 1051 331 qua

121 343 142 377 ὲ
153 344 246 378 vobis
258 345 290 379 &
302 344 320 378 a
332 354 413 380 terta
425 344 525 379 vestra
534 345 567 378 &
579 344 619 378 ab
634 342 803 387 Episcopis
823 338 931 374 vestris
954 336 1052 372 dede-

122 405 183 428 cus
194 394 227 428 &
249 395 427 438 periculum
448 395 537 439 quod
560 392 753 428 imminebat
763 416 774 432 ,
801 389 992 427 avertimus,
1019 387 1052 422 &

125 454 187 478 nos
199 445 283 487 ipsos
292 455 350 488 pro
361 444 422 479 hac
434 444 627 479 liberatione
649 442 711 477 toti
736 439 882 484 periculo
907 438 1053 480 exposui·

89 502 93 506 ⁴
123 504 198 528 mus
211 516 222 533 ‚
238 492 403 529 credentes
414 495 448 528 ἁ
460 504 578 528 certam
591 495 676 537 spem
688 490 839 534 habentes
850 487 938 532 quod
948 498 1053 520 totum

124 543 297 587 negotium
309 543 491 588 procederet
501 568 512 585 ,
538 541 715 577 secundum
727 538 814 584 quod
825 538 983 572 credimus
996 547 1055 570 nos

125 594 209 626 velle
221 593 339 627 debere
357 618 365 625 .
388 594 529 627 Timore
536 603 676 636 namque
689 589 843 639 perterriti
852 589 966 631 jisdem
979 587 1052 620 Car-

123 639 287 676 dinalibus
309 642 607 683 intercedentibus,
632 639 884 686 significavimus
905 637 1056 671 Domino

125 690 242 734 Papae,
270 704 329 727 nos
339 693 494 736 accepisse
512 693 546 726 in
559 691 719 726 mandatis
737 689 754 722 a
770 688 880 728 vobis,
907 687 993 732 quod
1012 687 1054 729 ju·

125 752 267 776 raremus
285 743 320 776 in
333 742 494 785 praesentia
506 743 595 785 ejus,
619 738 707 785 quod
721 749 780 772 vos
793 737 915 772 stabitis
927 737 1056 771 manda-

128 800 166 823 to
177 792 255 831 suo,
281 791 315 825 ἀ
329 791 392 826 hoc
416 791 602 834 jurabitisin
618 791 743 832 propria
755 789 886 832 persona
899 813 906 820 .
935 787 1056 821 Eadem

125 850 206 883 ergo
216 840 270 874 die
289 842 377 884 Jovis
387 841 450 875 fere
461 841 544 874 circa
557 838 670 874 horam
692 850 813 872 nonam
826 863 836 879 ‚
865 838 972 871 vocati
985 838 1059 870 sunt

129 889 277 930 Nuncii,
305 900 372 923 tam
383 889 474 923 vestri
497 890 594 932 quam
620 890 855 932 Episcoporum
868 911 879 927 ‚
904 888 936 922 δε
959 887 993 919 in
1007 897 1059 931 ge-

126 940 231 972 nerali
243 939 435 973 consistorio
446 939 620 981 juravimus
631 962 643 978 ,
669 938 780 972 Abbas
788 938 910 972 scilicet
922 937 962 970 de
974 936 1060 970 Wal-

124 986 204 1021 latia
216 988 250 1022 δε
261 987 503 1022 Saresberienfis
514 989 546 1022 δε
558 988 767 1023 Lexonienfis
786 986 1059 1026 Archi-Diaconi,

124 1037 160 1070 &
172 1037 324 1081 magister
341 1038 527 1078 Henricus,
552 1039 586 1072 &
605 1037 788 1072 Richardus
805 1038 902 1071 Barre
928 1061 939 1077 ,
968 1036 1058 1080 quod

124 1096 183 1119 vos
197 1086 320 1120 stabitis
341 1087 496 1122 mandato
521 1087 632 1131 Papae,
657 1089 691 1122 δε
711 1089 750 1122 ad
775 1088 971 1130 Praeceptum
992 1085 1060 1127 ejus

126 1133 194 1170 hoc
207 1135 373 1177 jurabitis.
402 1137 531 1172 Nuncii
545 1138 620 1171 vero
639 1136 910 1181 Archi-Episcopi
934 1135 1059 1170 Ebora-

125 1186 228 1219 censis
237 1210 248 1226 ‚
276 1187 515 1221 Londonienfis
527 1188 561 1221 ἀ
572 1188 812 1221 Saresberienfis
825 1187 1058 1229 Episcoporum

126 1234 313 1278 juraverunt
323 1237 468 1270 similiter
479 1261 490 1278 ,
517 1236 604 1279 quod
617 1237 756 1271 Domini
769 1236 816 1270 sui
837 1235 967 1269 stabunt
982 1245 1059 1277 pra:-

126 1296 223 1327 cepto
236 1285 302 1327 ejus
314 1309 325 1325 ‚
349 1286 381 1319 δε
394 1284 458 1319 hoc
467 1285 619 1326 jurabunt
632 1309 639 1316 .
667 1286 735 1326 ipsa
749 1284 804 1318 die
813 1293 919 1316 tamen
930 1293 1061 1325 genera·

127 1334 201 1367 liter
221 1334 520 1368 excommunicavit
543 1333 759 1365 interfestores
782 1331 1023 1365 Cantuarienfis
1049 1355 1060 1370 ,

125 1382 348 1426 &omnesqui
358 1381 529 1416 confilium
544 1405 555 1420 ,
580 1381 630 1415 vel
641 1381 801 1415 auxilium
828 1382 879 1414 vel
903 1381 1059 1416 assensum

126 1430 346 1474 praebuerunt,
373 1432 406 1464 ἀ
418 1441 533 1464 omnes
540 1430 597 1473 qui
609 1431 643 1464 in
655 1439 769 1464 terram
781 1432 869 1464 suam
881 1441 937 1463 eos
958 1431 1059 1464 scien·

126 1490 176 1514 ter
188 1481 362 1524 receperint
374 1490 430 1513 aut
452 1479 592 1513 foverint
602 1504 610 1512 .
637 1481 806 1514 Dominus
826 1479 1039 1524 vigornensis
1051 1503 1062 1519 ,

128 1530 340 1565 &Dominus
352 1529 553 1564 Ebroicenfis
577 1529 755 1573 Episcopi,
779 1530 813 1563 ὅ(
837 1528 1000 1563 Robertus
1021 1529 1062 1562 de

127 1589 219 1614 novo
234 1579 347 1625 Burgo
357 1604 368 1621 ‚
395 1579 594 1614 Ebroicenfis
614 1581 647 1614 &
670 1579 820 1624 magister
842 1579 1005 1613 Henricus
1028 1580 1061 1612 in

129 1630 284 1674 proximo
295 1630 420 1663 venturi
434 1639 523 1664 erant
540 1642 548 1662 ι
569 1630 602 1663 &
612 1640 667 1663 eos
678 1631 811 1674 quidem
823 1629 1002 1663 dimisimus
1014 1628 1060 1661 ul-

128 1689 179 1713 tra
191 1678 325 1713 modum
348 1680 465 1714 anxios
485 1679 696 1719 &turbatos,
721 1680 798 1724 quia
820 1691 877 1723 pro
898 1679 1061 1723 explendo

128 1730 266 1773 negotio
277 1731 381 1764 vestro
393 1741 452 1773 pro
473 1730 555 1764 velle
574 1730 633 1764 suo
653 1731 761 1764 venire
783 1740 851 1764 non
885 1739 1033 1774 poterant
1058 1751 1066 1758 .

129 1779 272 1822 Fuitque
281 1779 321 1811 de
332 1779 471 1812 consilio
479 1789 591 1812 eorum
604 1779 639 1811 δε
651 1780 760 1812 nostro
774 1802 786 1818 ,
811 1778 900 1819 quod
914 1789 974 1811 nos
985 1788 1064 1820 quo-

127 1838 272 1872 cumque
285 1827 386 1862 modo
399 1827 644 1870 praecederemus
653 1837 709 1860 eos
720 1849 731 1866 ‚
758 1837 794 1862 ut
804 1828 944 1861 dedecus
956 1827 990 1860 δε
1004 1836 1066 1858 ma-

129 1878 202 1912 lum
213 1900 226 1917 ‚
251 1875 338 1921 quod
353 1875 505 1921 parabant
518 1876 613 1910 nobis
624 1875 795 1911 adversarii
807 1876 910 1910 nostri
933 1876 1068 1920 impedi·

129 1937 166 1961 re
188 1926 349 1971 possemus
359 1952 366 1960 .
395 1926 485 1962 Certi
511 1926 601 1960 enim
627 1937 752 1959 eramus
764 1950 776 1966 ‚
800 1925 891 1969 quod
931 1927 1067 1959 vestrum

130 1987 304 2021 gravamen
318 1978 352 2010 in
366 1975 718 2018 Curiapraeparabatur
738 1976 771 2008 δε
793 1975 961 2009 timuimus
984 1975 1070 2008 illius

130 2025 197 2060 diei
209 2026 478 2060 consuetudinem
492 2050 499 2057 .
526 2024 644 2059 Valeat
656 2026 688 2060 δε
700 2025 756 2058 diu
771 2025 880 2069 vigeat
891 2024 1070 2058 sublimitas

130 2074 250 2109 vestra.
268 2075 526 2109 ‘Consortarnini
546 2076 579 2108 in
599 2075 751 2108 Domino
771 2098 783 2114 ‚
805 2076 839 2107 ὃ(
861 2076 986 2109 exultet
1015 2084 1072 2108 cor

131 2125 296 2164 vestrum,
320 2126 478 2168 quoniam
492 2126 618 2168 presens
629 2125 778 2158 nubilum
798 2123 837 2157 ad
861 2125 1002 2169 gloriam
1023 2135 1073 2157 ve-

132 2175 229 2208 stram
243 2175 391 2217 sequetur
412 2175 578 2208 serenum.
606 2175 673 2208 Die
693 2175 850 2208 Sabbathi
873 2186 948 2209 ante
966 2185 1073 2208 ramos

132 2222 319 2258 Palmamm
331 2222 372 2258 ad
385 2223 520 2258 Curiam
529 2224 679 2258 venimus
689 2248 700 2266 ,
712 2225 745 2259 δε
756 2224 857 2259 Lator
870 2224 1072 2268 praesentium

134 2272 188 2308 die
211 2273 342 2309 Paschae
351 2273 474 2308 recellit
484 2274 501 2308 a
515 2272 611 2308 nobis
621 2298 629 2308 .

240 2423 653 2460 EPISTOLA
754 2423 1000 2460 LXXXIV.

234 2527 372 2556 Nuncius
394 2527 485 2567 Regis
506 2523 695 2565 Pit‘lavtenfi
724 2524 974 2559 Archi-Diacono.

232 2623 290 2659 Ul
316 2622 445 2657 fuerunt
467 2621 565 2666 primi
590 2622 718 2657 Nuncii
744 2622 848 2666 Regis
863 2646 874 2661 ,
899 2624 933 2657 ὃ(
957 2624 1013 2666 qui
1035 2626 1065 2658 se

256 2672 356 2708 cundi
369 2695 379 2711 ,
404 2671 524 2714 &quid
539 2683 606 2706 tam
622 2672 655 2705 hi
670 2695 681 2712 ,
706 2672 804 2715 quam
819 2673 866 2705 illi
891 2673 1068 2715 postulave-

265 2724 330 2757 rint
341 2747 352 2764 ,
379 2724 412 2757 ἀ
423 2723 594 2766 quomodo
606 2722 623 2755 ὲ
635 2721 736 2755 Curia
748 2723 932 2755 recesserint
946 2746 956 2762 ,
967 2724 1024 2757 sub
1037 2736 1073 2758 ea

137 2783 323 2818 quapotero
337 2772 491 2807 brevitate
511 2772 722 2816 perstringam
735 2795 743 2804 .
770 2771 871 2804 Primi
895 2773 976 2807 miffi
999 2773 1073 2807 sunt

141 2826 282 2868 Joaunes
302 2824 449 2864 Cumin,
477 2823 511 2857 ὅ(
534 2823 681 2866 magister
702 2819 809 2855 David
832 2822 871 2854 ad
899 2824 1071 2865 petendum

137 2874 379 2908 absolutionem
403 2873 438 2906 &
463 2872 696 2907 relaxationem
724 2871 960 2913 Episcoporum
975 2898 982 2905 .
1010 2872 1071 2907 Sed

141 2923 282 2967 Joannes
292 2922 416 2956 Cumin
432 2922 519 2965 prius
531 2922 619 2956 venit
629 2923 670 2956 ad
683 2920 817 2954 Curiam
828 2945 838 2961 ‚
851 2922 883 2955 &
897 2921 961 2956 fere
974 2923 1070 2966 quin-

140 2971 374 3006 decimdiebus
395 2972 430 3005 in
455 2982 512 3010 ea,
538 2972 712 3015 antequam
735 2970 843 3004 David
869 2972 1011 3013 veniret,
1037 2973 1071 3006 δε

142 3023 215 3066 post
227 3021 365 3055 multam
376 3021 564 3055 instantiam
575 3023 665 3056 suam
689 3021 774 3064 prius
797 3021 878 3056 fasta
893 3022 1068 3065 promissio·

144 3073 451 3115 nequingentarum
473 3081 652 3105 marcarum
674 3072 802 3105 auditus
823 3070 867 3104 est
882 3095 893 3111 ,
920 3072 1069 3106 adstanti·

140 3121 202 3155 bus
213 3132 289 3156 cum
300 3132 341 3155 eo
353 3120 387 3154 ἀ
409 3121 582 3163 plurimum
602 3120 816 3166 allegantibus
830 3120 870 3154 ad
889 3122 1071 3156 excusatio-

142 3182 223 3205 nem
236 3170 471 3214 Episcoporum
484 3168 619 3204 Clericis
630 3170 832 3205 Eboracenfis
855 3170 955 3205 Archi
966 3188 982 3195 -
997 3172 1070 3214 Epi·

143 3220 255 3263 scopi,
278 3219 460 3254 &Nuncio
471 3219 716 3254 Dunelmenfis.
746 3221 787 3254 Et
807 3220 904 3254 credo
918 3220 1004 3264 quod
1026 3233 1069 3254 re-

145 3271 321 3316 portassent
332 3270 572 3304 absolutionem
583 3269 641 3302 nisi
657 3271 879 3313 supervenisset
901 3281 1011 3304 rumor
1030 3270 1070 3304 de

144 3330 253 3357 morte
265 3319 386 3353 Archi·
400 3319 576 3362 Episcopi,
602 3320 658 3362 qui
670 3323 780 3355 omnia
795 3321 976 3364 denigravit
987 3344 994 3352 .
1021 3321 1067 3354 lta

143 3371 235 3405 enirn
262 3368 461 3412 perturbatus
486 3368 532 3402 est
560 3369 725 3403 Dominus
750 3370 859 3414 Papa,
885 3370 973 3412 quod
1010 3380 1069 3403 nec

141 3420 246 3455 etiam
256 3420 303 3453 sui
316 3417 380 3453 fere
389 3429 442 3461 per
452 3419 527 3452 οᾶο
538 3417 604 3452 dies
617 3430 692 3453 cum
704 3431 744 3453 eo
756 3430 929 3462 potuerunt
951 3418 1070 3455 habere

145 3470 349 3512 colloquium
372 3493 379 3501 .
406 3469 450 3502 Et
477 3469 668 3513 generaliter
689 3468 893 3506 interdictum
914 3469 959 3506 est
980 3494 992 3513 ‚
1029 3480 1071 3505 ne

245 3518 348 3560 christ.
362 3522 440 3561 Lupi
450 3522 548 3561 opera
560 3521 636 3552 Tom.
657 3521 696 3552 X.

1096 512 1102 580 Ι

1098 622 1102 629 =

1115 236 1250 283 Angliei
1275 236 1316 271 ad
1339 247 1413 271 eum
1437 235 1592 270 haberent
1613 242 1767 276 accessum
1788 269 1796 276 .
1833 244 1878 279 Et
1897 244 2046 288 suspensa

1115 287 1187 322 sunt
1209 288 1321 320 omnia
1343 298 1456 321 eorum
1480 287 1633 331 negotia.
1661 289 1798 325 Secundi
1824 294 1948 328 Nuncii
1974 296 2045 329 fue-

1115 346 1190 371 runt
1201 337 1354 381 Episcopi
1367 336 1580 381 Vigornonfis
1592 336 1626 370 &
1639 334 1836 374 Ebroieensis
1848 367 1857 382 ‚
1884 345 1917 378 &
1930 344 2042 379 Abbas

1115 387 1155 422 de
1166 388 1345 428 VVallace,
1372 385 1701 420 &Archi-Diaconi
1726 388 1983 434 Saresberienfis‚
2008 395 2041 429 ὅ(

1115 437 1324 471 Lexonienfis
1334 462 1343 478 ‚
1370 438 1403 470 &
1416 437 1580 469 Dominus
1595 435 1756 470 Robertus
1768 437 1809 471 de
1822 448 1907 472 novo
1919 443 2042 487 Burgo,

1116 487 1148 520 &
1163 485 1345 521 Richardus
1371 486 1485 527 Barre,
1510 486 1543 519 δε
1557 486 1707 530 magister
1728 487 1893 521 Heuricus
1915 487 2042 525 Pichim

1115 537 1294 579 &quidam
1316 537 1526 581 templarius,
1553 536 1635 569 miffi
1662 536 1701 570 ad
1728 537 1947 572 excusandum
1976 538 2045 572 Re-

1116 597 1189 631 gem
1203 612 1212 626 ,
1239 587 1328 628 quod
1341 598 1400 620 nec
1422 586 1488 629 ejus
1510 586 1686 626 mandato,
1724 598 1784 621 nec
1807 587 1976 622 voluntate
1997 588 2046 621 in-

1117 637 1265 670 terfeaus
1282 638 1358 671 effer
1384 634 1626 670 Cantuarienfis
1649 660 1655 667 .
1683 635 1762 670 Hoc
1783 646 1892 671 autem
1912 650 1980 672 non
2000 637 2046 672 est

1118 697 1272 729 negatum
1285 711 1295 726 ,
1324 686 1402 731 quin
1415 685 1481 729 ipse
1493 683 1625 719 dedisset
1638 687 1764 719 causam
1778 687 1892 720 mortis
1904 687 1964 720 suae
1977 711 1987 727 ,
2013 688 2047 720 ὅ(

1117 736 1197 777 quin
1210 736 1334 779 aliquid
1344 735 1471 769 dixiffet
1484 759 1494 774 ‚
1523 735 1610 769 unde
1624 735 1839 770 interfectores
1851 737 1899 770 illi
1911 736 2049 771 occasio-

1118 797 1195 819 nem
1208 784 1424 819 interficiendi
1443 786 1662 828 sumpserunt.
1692 786 1754 820 Sed
1767 797 1826 820 nec
1848 786 1898 820 isti
1920 786 2048 821 Nuncii

1118 835 1260 869 simulad
1271 835 1406 869 Curiam
1428 845 1601 876 venerunt,
1631 835 1856 870 &aDomino
1869 836 1955 880 Papa
1980 847 2049 871 non

1118 886 1191 919 sunt
1201 885 1343 925 admiffi,
1372 896 1430 920 nec
1449 886 1483 918 in
1497 886 1668 928 conspeetu
1682 885 1748 928 ejus
1770 897 1916 929 apparere
1937 896 2048 930 potue-

1119 945 1208 969 runt.
1240 934 1372 969 Deinde
1395 933 1435 968 ad
1457 946 1565 978 preces
1587 935 1790 976 quorundam
1821 935 2048 970 Cardinalium

1119 985 1237 1028 recepti
1262 986 1334 1019 sunt
1358 983 1469 1018 Abbas
1489 985 1522 1018 δ(
1547 984 1760 1019 Lexonienfis
1786 984 1913 1020 Archi·
1929 986 2051 1020 Diaco-

1122 1046 1182 1068 nus
1203 1060 1210 1067 .
1243 1034 1537 1079 Appropinquante
1561 1033 1614 1069 die
1635 1035 1725 1079 Jovis
1749 1061 1759 1077 ‚
1786 1036 1935 1080 proxima
1973 1044 2050 1070 ante

1120 1083 1243 1118 Pascha
1257 1085 1446 1129 generaliter
1456 1083 1623 1121 dicebatur
1635 1087 1668 1118 in
1681 1086 1780 1120 Curia
1794 1110 1804 1126 ,
1831 1086 1920 1129 quod
1933 1085 2051 1120 Domi-

1121 1145 1181 1168 nus
1203 1135 1290 1178 Papa
1314 1135 1367 1169 illa
1388 1135 1442 1168 die
1464 1134 1597 1169 daturus
1614 1145 1681 1169 erat
1702 1137 1895 1170 sententiam
1920 1146 2053 1170 excom·

1122 1186 1356 1219 munitationis
1378 1185 1411 1218 in
1425 1184 1551 1228 Regem
1572 1185 1604 1218 δι
1628 1186 1799 1229 Regnum.
1830 1186 1935 1220 Unde
1957 1186 2051 1220 Nun-

1121 1235 1345 1276 ciiperterriti‘
1355 1234 1547 1276 quibusdam
1576 1235 1806 1269 Cardinalibus
1827 1235 2055 1270 intercedenti-

1122 1282 1182 1316 bus
1200 1282 1461 1325 fignificaverunt
1486 1283 1638 1315 Domino
1665 1284 1759 1325 Papae
1787 1286 1817 1317 se
1839 1285 1994 1327 accepisse
2017 1285 2054 1317 in

1121 1331 1309 1364 mandatis&
1335 1331 1486 1364 Domino
1511 1329 1622 1373 Rege,
1650 1332 1737 1372 quod
1760 1331 1900 1372 jurarent
1922 1333 1957 1365 in
1982 1343 2056 1375 prae-

1121 1381 1222 1414 sentia
1237 1380 1327 1423 ejus,
1352 1379 1443 1423 quod
1457 1379 1529 1412 Rex
1544 1378 1638 1412 stabit
1650 1380 1805 1415 mandato
1829 1384 1906 1422 sue,
1935 1383 1968 1415 ἃ
1989 1380 2053 1415 hoc

1121 1430 1281 1472 jurabitin
1300 1430 1426 1472 propria
1439 1429 1572 1469 persona
1585 1429 1658 1461 sua.
1687 1430 1810 1463 Eadem
1831 1432 1884 1464 die
1901 1432 1988 1474 Jovis
2012 1430 2056 1464 fc-

1124 1480 1155 1512 re
1176 1479 1259 1512 circa
1281 1478 1395 1512 horam
1405 1487 1527 1510 nonam
1547 1478 1737 1512 vocatisunt
1758 1490 1825 1513 tam
1851 1480 1977 1513 Nuncii
1991 1480 2055 1514 Re-

1123 1528 1196 1573 gis,
1223 1528 1321 1573 quam
1343 1528 1468 1562 Nuncii
1494 1526 1755 1570 Episcoporum‚
1789 1529 1822 1562 ὃ(
1850 1530 1884 1563 in
1909 1531 2055 1575 generali

1126 1578 1327 1612 Consistorio
1338 1578 1525 1621 juraverunt
1539 1577 1664 1610 Nuncii
1689 1577 1812 1622 Regis,
1841 1579 1964 1613 scilicet
1987 1579 2053 1614 Ab·

1126 1627 1181 1662 bas
1193 1628 1234 1661 de
1244 1628 1366 1662 Valace
1379 1652 1390 1667 ,
1415 1627 1527 1660 &duo
1545 1626 1647 1659 Archi
1665 1627 1810 1662 Diaconi
1833 1628 1968 1672 praedieti
1983 1654 1993 1669 ,
2021 1631 2055 1664 ὅ(

1128 1678 1294 1711 Henricus
1307 1701 1317 1718 ‚
1342 1679 1375 1711 ἀ
1389 1677 1548 1710 Ricardus
1560 1676 1656 1709 Barre
1668 1701 1679 1716 ,
1704 1679 1794 1720 quod
1807 1680 1879 1712 Rex
1903 1681 1999 1713 stabit
2013 1680 2060 1722 ju-

1127 1727 1216 1760 dicio
1228 1727 1368 1760 Domini
1382 1726 1474 1767 Papae
1485 1748 1495 1763 ‚
1522 1726 1554 1758 δε
1566 1726 1604 1758 ad
1618 1725 1815 1768 Praeceptum
1824 1729 1891 1769 ejus
1904 1728 1965 1761 hoc
1979 1730 2060 1770 jura-

1128 1776 1196 1810 bit.
1225 1775 1351 1810 Nuncii
1367 1775 1441 1808 vero
1457 1774 1666 1808 Eboracensis
1690 1776 1811 1810 Archi·
1827 1777 2003 1821 Episcopi,
2030 1780 2062 1813 δε

1130 1823 1371 1859 Londoniensis
1381 1824 1414 1858 ὅ(
1428 1825 1666 1858 Saresberienfis
1679 1825 1912 1869 Episcoporum
1935 1828 2063 1870 jurave-

1130 1885 1207 1909 runt
1218 1875 1382 1914 similiter,
1409 1873 1496 1917 quod
1507 1875 1647 1907 Domini
1674 1875 1720 1907 sui
1745 1876 1874 1910 stabunt
1897 1877 2063 1921 Praecepto

1131 1925 1199 1967 eius
1215 1947 1226 1962 ,
1250 1925 1283 1958 <St
1307 1924 1370 1957 hoc
1392 1924 1559 1965 jurabunt.
1587 1923 1708 1957 Eadem
1727 1936 1835 1960 tamen
1859 1927 1911 1960 die
1934 1939 2066 1963 excom-

1131 1974 1314 2008 municavit
1325 1974 1750 2019 generaliterffuterfediores
1772 1976 2009 2011 Cantuariensis
2031 1978 2065 2011 δε

1133 2035 1246 2058 omnes
1264 2025 1320 2068 qui
1341 2026 1513 2058 confilium
1527 2050 1537 2065 ,
1565 2025 1614 2058 vel
1626 2025 1807 2066 auxilium,
1832 2027 1882 2060 vel
1905 2029 2065 2062 assensum

1136 2074 1337 2118 praebuerunt
1361 2099 1370 2114 ‚
1396 2076 1428 2108 ὅ(
1449 2087 1564 2108 omnes
1587 2075 1643 2119 qui
1661 2087 1715 2109 eos
1736 2078 1770 2111 in
1799 2087 1880 2111 terra
1904 2079 1958 2111 sua
1979 2089 2064 2112 rece-

1136 2126 1238 2167 perint
1259 2136 1314 2159 aut
1332 2125 1487 2159 foverint.
1519 2126 1596 2159 Post
1626 2125 1747 2160 Pascha
1769 2138 1925 2161 venerunt
1947 2128 2065 2171 Vigor-

1137 2173 1238 2208 nensxs
1258 2175 1292 2208 ὅ(
1324 2174 1524 2209 Ebroicenfis
1546 2175 1698 2219 Episcopi
1723 2202 1733 2218 ‚
1770 2178 1804 2211 ὅ(
1840 2178 2004 2212 Robertus
2026 2178 2066 2210 de

1138 2234 1227 2257 novo
1253 2224 1364 2267 Burgo
1385 2249 1397 2265 ,
1425 2226 1459 2259 ὅ(
1477 2226 1585 2259 υῑῐὺω
1609 2225 1690 2259 illud
1712 2226 1928 2269 juramentum
1951 2228 1991 2261 ab
2022 2227 2069 2260 eis

1136 2273 1284 2306 exailum
1307 2273 1366 2312 sit,
1395 2275 1506 2308 nescio
1526 2289 1537 2308 .-
1573 2274 1625 2309 sed
1651 2277 1716 2309 scio
1736 2277 1826 2319 quod
1854 2288 1921 2311 non
1943 2277 2067 2319 jurave-

1138 2333 1214 2356 runt
1226 2346 1233 2352 .
1256 2322 1297 2354 Et
1310 2322 1385 2356 curn
1397 2322 1550 2357 stetissent
1560 2323 1594 2355 in
1607 2324 1707 2358 Curia
1721 2336 1773 2368 per
1784 2326 1973 2369 quindecim
1987 2327 2066 2367 dies,

1138 2373 1172 2405 &
1186 2373 1226 2405 ed
1243 2372 1404 2414 amplius,
1430 2373 1537 2406 vocati
1558 2373 1631 2406 sunt
1651 2373 1691 2406 ad
1715 2375 1916 2409 audiendum
1939 2378 2066 2420 respon-

1139 2422 1209 2455 sum
1229 2423 1322 2455 suum
1347 2447 1355 2455 .
1390 2421 1478 2455 Nam
1504 2422 1551 2453 illi
1575 2432 1650 2454 cum
1686 2422 1758 2454 aliis
1782 2424 2027 2459 concordabant
2052 2449 2065 2466 ,

1139 2473 1252 2505 tamin
1273 2472 1483 2505 excusatione
1504 2469 1627 2513 Regis,
1654 2470 1751 2512 quarn
1781 2473 1815 2505 in
1834 2474 2065 2516 accusatione,

1138 2520 1310 2556 secundum
1324 2521 1410 2563 quod
1428 2518 1619 2553 dictumest.
1649 2519 1692 2553 Et
1705 2521 1780 2555 cum
1794 2524 1973 2558 crederetur
1995 2524 2067 2558 dex·

1138 2583 1222 2606 trum
1243 2571 1403 2605 calculum
1422 2579 1638 2612 reportaturos
1662 2594 1673 2610 ‚
1708 2572 1915 2607 confirmavit
1948 2575 2065 2609 Domi-

1138 2621 1291 2664 nusPapa
1340 2619 1534 2653 sententiam
1572 2618 1733 2654 interdicti
1755 2646 1765 2662 ,
1817 2633 1914 2665 quam
1948 2623 2064 2658 Domi-

1137 2684 1199 2707 nus
1210 2670 1401 2706 Senonenfis
1419 2669 1550 2702 dederat
1571 2669 1604 2701 in
1628 2680 1742 2704 terram
1763 2672 1978 2708 cismarinam
1992 2697 2002 2713 ,
2028 2674 2061 2707 δε

1136 2721 1329 2757 sententiam
1341 2718 1691 2753 excommunicationis
1702 2720 1734 2753 δε
1747 2722 1956 2764 suspensionis
1970 2747 1980 2763 ,
1992 2733 2062 2765 quae

1135 2772 1209 2805 data
1229 2780 1295 2803 erat
1321 2768 1355 2802 in
1382 2770 1560 2812 Episcopos
1585 2770 1714 2813 Angliae
1734 2796 1741 2804 .
1777 2770 1930 2815 Praecepit
1958 2773 2064 2814 etiam

1135 2820 1223 2864 quod
1237 2820 1308 2853 Rex
1325 2829 1512 2861 temperaret
1522 2818 1565 2853 ab
1575 2819 1716 2863 ingressu
1741 2821 1885 2855 Ecclefiae
1899 2846 1910 2861 ,
1935 2822 1969 2856 &
1981 2820 2057 2855 fub-

1133 2872 1240 2915 junxit
1251 2894 1262 2910 ,
1288 2868 1375 2912 quod
1394 2870 1461 2912 ipse
1478 2870 1585 2902 mittet
1598 2870 1745 2914 Legatos
1756 2872 1828 2905 suos
1840 2872 1879 2906 ad
1893 2872 2021 2916 Regem
2048 2896 2060 2913 ,

1133 2930 1169 2954 ut
1180 2920 1352 2954 videant&
1375 2920 1577 2963 cognoscant
1589 2919 1655 2961 ejus
1679 2919 1897 2957 humilitatem
1922 2946 1929 2954 .
1956 2921 2060 2955 Dein-

1133 2971 1171 3005 de
1192 2969 1261 3013 post
1274 2970 1410 3003 multam
1437 2969 1644 3003 Nunciorum
1667 2969 1876 3012 inst-auriam,
1902 2969 1937 3003 δε
1956 2969 2058 3004 inter·

1133 3031 1229 3054 ventu
1240 3019 1445 3063 quorundam
1455 3018 1687 3053 cardinalium>
1695 3043 1706 3059 ‚
1730 3021 1763 3054 ἀ
1775 3032 1899 3066 magnae
1909 3019 2052 3064 pecuniae

1131 3071 1231 3104 etiam
1247 3092 1258 3108 ‚
1284 3069 1325 3103 fic
1346 3068 1488 3108 dicitur,
1515 3068 1577 3100 hoc
1615 3069 1820 3111 impetratum
1861 3070 1905 3105 est
1926 3094 1940 3110 ,
1965 3066 2053 3112 quod

1132 3119 1297 3154 Dominus
1310 3119 1394 3162 Papa
1407 3117 1516 3152 scribit
1538 3117 1724 3152 Bituricenfi
1747 3119 2030 3162 Archi-Episcopo
2043 3141 2056 3158 ‚

1129 3169 1217 3213 quod
1239 3170 1261 3202 si
1284 3167 1366 3203 infra
1390 3167 1531 3202 mensem
1554 3167 1623 3209 post
1644 3166 1818 3203 adventum
1842 3168 2050 3202 Nunciorum

1130 3219 1162 3253 in
1193 3218 1433 3253 Normanniam
1456 3228 1523 3250 non
1550 3218 1687 3252 audierit
1699 3219 1839 3264 Legatos
1859 3228 1963 3252 trans·
1977 3217 2057 3260 alpi-

1131 3271 1236 3310 nasse,
1263 3269 1350 3313 quod
1362 3278 1440 3300 tunc
1453 3265 1598 3301 absolvat
1609 3268 1872 3302 Londoniense‘m
1896 3268 1930 3302 &
1953 3268 2056 3302 Sares·

1130 3319 1304 3354 beriensem
1327 3316 1369 3350 ab
1396 3318 1738 3350 excommunicatione
1758 3341 1770 3357 ,
1809 3316 1948 3359 praestito
1968 3316 2055 3360 prius

1130 3370 1311 3412 juramento
1325 3390 1335 3406 ‚
1362 3364 1451 3409 quod
1475 3365 1605 3399 stabunt
1623 3366 1776 3400 mandato
1790 3366 1928 3401 Domini
1950 3366 2058 3409 Papae,

1132 3429 1198 3453 tam
1211 3417 1296 3455 illis,
1322 3416 1419 3458 quam
1439 3414 1510 3449 aliis
1532 3415 1567 3447 in
1595 3416 1796 3457 suspensione
1818 3415 2022 3451 manentibus
2052 3439 2059 3447 .

1129 3469 1184 3504 Sic
1206 3465 1399 3503 recesserunt
1432 3464 1558 3501 Nuncii
1580 3465 1722 3500 Domini
1754 3466 1859 3512 Regis
1880 3466 1898 3502 ὲ
1921 3466 2022 3501 Curia
2048 3488 2060 3505 ,

1593 3513 1629 3548 H
1654 3513 1676 3549 h
1728 3523 1748 3563 3
1957 3526 2016 3549 nec
