2358 3776
388 164 447 223 58
1000 146 1570 205 ‘”“CAusA

314 287 2237 337 §³23³ss§8⁴ssQ‘tffizfflffizQssfflzfifissfflfifflfflfflffiffitfflfflm&

688 389 950 436 CAUSA
1000 389 1255 436 EXILII
1315 388 1409 438 ET
1456 386 1863 439 MARTYRII

311 485 1105 648 BEATI‘
1231 502 2232 647 THOMAE

706 714 1841 794 MARTYRISA

418 846 507 883 UIC
522 847 621 882 etiam
644 847 759 882 libello
779 845 894 882 nostro
914 846 1050 883 inserere
1061 847 1242 883 studuimus
1451 847 1484 883 C
1509 846 1542 883 A
1568 848 1596 883 P
1622 848 1639 882 1
1663 848 1701 883 T
1727 847 1767 884 U
1796 847 1826 882 L
1853 845 1896 882 U
1918 847 1962 882 Μ
2012 844 2085 881 VI.

442 898 606 933 funestum
630 897 710 933 illud
748 897 783 932 δι
804 898 968 933 famosum
1016 898 1152 933 Dect-eti
1174 897 1242 933 chi·

442 947 639 993 rographum
661 973 673 990 ,
698 947 967 982 consuetudines
987 947 1139 983 videlicet
1170 948 1242 982 illas

305 996 428 1042 Regias
450 1023 461 1039 ‚
488 998 575 1042 apud
598 997 839 1033 clarendunam
869 998 1091 1044 promulgatas
1112 1010 1121 1030 ε
1148 998 1242 1046 Qas

304 1046 383 1080 ide&
395 1046 449 1082 hic
464 1047 684 1083 interserimus
695 1072 706 1089 ‚
735 1058 771 1082 ut
784 1048 895 1094 legant
905 1048 1017 1084 saecula
1027 1050 1135 1083 futura
1147 1048 1218 1092 post
1230 1072 1242 1089 ,

302 1096 430 1130 &hinc
454 1099 656 1142 cognoscant
673 1122 685 1138 ,
710 1098 808 1141 quem
830 1098 935 1141 justa,
955 1097 1053 1142 quhm
1076 1099 1242 1141 perspicua

302 1145 400 1180 fuerit
411 1145 546 1191 gloriosi
573 1146 830 1190 Neo-Martyris
849 1145 993 1183 Thomae
1005 1172 1018 1190 ,
1043 1146 1151 1193 prim&
1163 1149 1239 1183 Exi-

303 1195 340 1230 lii
357 1220 369 1238 ‚
394 1196 428 1231 &
440 1196 550 1240 poste&
561 1197 843 1242 Martytiicausa.

1350 951 1434 985 Laici
1444 960 1502 983 non
1512 948 1618 983 debent
1628 947 1780 992 accusari,
1805 945 1860 990 nifi
1875 955 1930 991 per
1942 954 2034 981 certos
2059 946 2095 980 δ’
2115 945 2230 991 legates

1300 997 1479 1042 accusatores
1505 1000 1541 1034 ὁ·
1556 999 1638 1040 testes
1658 1005 1691 1031 in
1707 996 1874 1041 prasentia
1901 994 2155 1039 Archi-Epifiopi
2178 996 2232 1029 vel

1301 1047 1451 1092 Episcopi,
1461 1054 1506 1081 ita
1511 1050 1593 1092 quod
1602 1047 1856 1083 Archi-Diaconus
1869 1058 1928 1081 non
1933 1048 2048 1090 perdat
2051 1047 2083 1090 J
2084 1057 2120 1079 us
2130 1043 2234 1088 sum,

1301 1110 1354 1133 nec
1363 1100 1531 1141 quidquam
1540 1100 1622 1142 quod
1628 1100 1699 1132 inde
1710 1096 1816 1132 babere
1827 1097 1936 1132 debeat
1948 1121 1957 1129 .
1983 1100 2030 1129 Et
2040 1094 2070 1137 fi
2077 1095 2156 1129 tales
2163 1093 2238 1137 fue·

1300 1155 1364 1184 rint
1375 1154 1429 1192 qut
1449 1150 1610 1192 culpantur
1624 1171 1636 1188 ‚
1661 1149 1744 1191 quod
1766 1158 1819 1182 nec
1837 1147 1917 1181 velit
1937 1155 1991 1180 nec
2011 1145 2117 1178 audiat
2125 1146 2172 1177 eo}
2181 1145 2238 1177 ali-

1309 1205 1377 1243 quis
1390 1198 1522 1243 accusare
1530 1224 1541 1240 ,
1567 1202 1750 1234 vice-Comes
1765 1195 1917 1242 requisitus
1930 1195 1970 1229 ab
1979 1194 2114 1237 eofaclet
2125 1194 2238 1235 ,iurare

1302 1251 1451 1284 duodecim
1471 1251 1579 1294 legales
1592 1249 1720 1283 homines
1735 1249 1773 1283 de
1791 1246 1904 1291 insuere
1918 1247 1974 1289 seu
1998 1246 2036 1279 de
2049 1244 2127 1278 villa
2135 1253 2235 1276 coram

1303 1299 1470 1344 Episcopo,
1495 1301 1576 1343 quod
1595 1301 1665 1335 inde
1675 1304 1838 1334 veritatem
1852 1295 2016 1342 secundum
2027 1292 2234 1339 confitentium

1300 1349 1388 1394 suam
1406 1349 1638 1392 manifestabunt
1649 1374 1657 1382 .

1351 1400 1432 1436 Hoc
1444 1400 1611 1435 toleravit.

475 1294 992 1334 CAPITULUM
1042 1296 1070 1333 1.

363 1399 412 1430 De
436 1397 637 1431 Advocatione
674 1398 709 1431 ὑ·
735 1396 972 1441 Praesentatione
1000 1397 1193 1441 Ecclestarum
1216 1397 1248 1440 fi

301 1446 495 1488 controversia
520 1445 671 1490 emerserit
693 1453 773 1481 inter
785 1451 890 1482 Laicos
910 1473 920 1488 ‚
949 1450 1002 1482 vel
1018 1455 1096 1484 inter
1116 1451 1242 1483 clericos

298 1497 335 1528 (9
350 1498 457 1528 Laicos
470 1520 481 1535 ,
508 1496 561 1529 vel
576 1502 656 1530 inter
669 1498 795 1532 clericos
807 1521 820 1539 ,
845 1503 879 1531 in
904 1502 998 1532 Curia
1011 1501 1131 1533 Domini
1152 1504 1242 1543 Regis
1453 1499 1486 1535 C
1511 1499 1545 1534 A
1569 1498 1597 1534 Ρ
1625 1499 1641 1533 1
1667 1496 1704 1533 T
1729 1497 1771 1534 U
1796 1497 1827 1533 L
1855 1495 1897 1534 U
1923 1496 1966 1531 M
2015 1492 2095 1531 Vll·

301 1543 448 1578 tractetur
474 1546 507 1577 Θ·
521 1550 698 1577 terminetur
716 1570 724 1577 .

346 1592 496 1626 Primum
521 1591 586 1627 hoc
598 1592 768 1629 damnavit
790 1596 900 1631 sancta
918 1596 1073 1633 Romana
1098 1599 1239 1635 Ecclefia
1354 1602 1468 1634 Nullus
1480 1601 1580 1643 quide
1591 1604 1670 1643 Rege
1682 1608 1782 1633 teneat
1793 1603 1825 1631 in
1835 1602 1947 1640 Capite
1958 1622 1969 1638 ,
1994 1596 2048 1631 vel
2059 1594 2172 1637 aliquis
2182 1590 2242 1624 Do·

297 1642 357 1678 sub
370 1642 566 1678 Alexandro
581 1644 682 1678 tertio
691 1666 700 1676 ·
1304 1653 1475 1683 minicorum
1486 1649 1687 1690 ministrorum
1700 1650 1766 1688 eJ'us
1775 1652 2040 1680 excommunicetur
2051 1669 2063 1685 ,
2088 1654 2139 1678 nec
2147 1650 2242 1676 terrae

1305 1701 1432 1739 alicujus
1444 1711 1542 1733 eorum
1549 1698 1607 1742 sub
1619 1697 1781 1732 Interdtao
1787 1703 1942 1738 ponantur
1952 1719 1964 1735 ‚
1990 1692 2140 1736 ntfipriut
2152 1695 2223 1724 Rex
2231 1713 2245 1731 ,

448 1742 481 1776 C
508 1741 539 1778 A
568 1741 597 1776 P
623 1741 639 1775 1
663 1741 704 1775 T
728 1741 769 1778 U
796 1742 826 1778 L
854 1743 895 1779 U
922 1743 964 1778 M
1012 1745 1029 1780 1
1054 1746 1079 1778 1.
1298 1745 1364 1787 filn
1373 1747 1579 1786 terrafuerit,
1606 1751 1825 1783 conveniatur,
1845 1748 1896 1777 vel
1897 1743 2031 1788 Justitia
2042 1745 2107 1784 eJ'us
2114 1738 2143 1783 fi
2150 1747 2245 1775 extra

1303 1797 1438 1838 Regnum
1442 1794 1540 1837 fuerit
1548 1816 1559 1832 ‚
1585 1803 1618 1827 ut
1627 1793 1740 1827 ressum
1750 1794 1788 1826 de
1800 1792 1864 1835 ipso
1866 1792 1969 1834 factat
1979 1814 1990 1830 ‚
2015 1793 2051 1825 et
2062 1796 2107 1823 t'ta
2117 1798 2153 1823 ut
2162 1788 2249 1831 quod

351 1845 382 1875 E
384 1841 489 1885 cclefiae
499 1842 637 1884 defendo
649 1845 739 1887 Regis
752 1854 811 1877 non
816 1843 924 1886 poffint
935 1848 1150 1889 inperpetuum
1173 1843 1243 1878 dari
1302 1850 1456 1888 pertineat
1465 1846 1509 1877 ad
1519 1848 1644 1876 Curiam
1655 1847 1780 1887 Regiam
1801 1842 1913 1875 ibidem
1935 1847 2131 1881 terminetur,
2159 1840 2195 1872 ὰ
2206 1838 2245 1871 de

307 1891 365 1937 abs
359 1904 415 1935 que
426 1891 540 1936 assensu
563 1893 599 1927 ὑ
609 1893 771 1934 conceffione
781 1892 868 1937 ipfius
879 1918 890 1927 .
1305 1907 1337 1929 eo
1348 1895 1429 1938 quod
1434 1892 1583 1938 speHabtt
1593 1894 1639 1927 ad
1646 1891 1876 1935 Ecclefiasticaem
1886 1897 2014 1927 Curiam
2028 1915 2041 1934 ‚
2065 1890 2111 1925 ad
2117 1888 2247 1926 eandem

357 1941 436 1979 Hoc
450 1942 620 1978 toleravit.
773 1942 778 1945 ’
1306 1949 1446 1980 mittatur
1462 1969 1474 1985 ‚
1499 1954 1533 1978 ut
1545 1949 1719 1978 terminetur
1732 1969 1742 1978 .

1357 1996 1438 2029 Hoc
1452 1992 1623 2029 damnavit
1636 2017 1645 2025 .

455 2041 974 2079 CAPITULUM.
1031 2043 1094 2077 111.

1434 2090 1945 2129 CAPITULUM
1994 2089 2120 2128 vlu.

357 2145 463 2180 clerici
484 2142 568 2177 citati
596 2143 630 2176 (ot
650 2141 780 2186 accusati
790 2143 828 2177 de
837 2153 1019 2187 quacumque
1029 2154 1062 2178 re
1082 2166 1094 2185 ,
1114 2140 1246 2185 summo-

306 2199 364 2228 niti
376 2193 536 2239 aJusta'tia
548 2196 641 2237 Regis
655 2216 667 2233 ‚
695 2199 816 2227 venient
827 2198 860 2228 in
873 2197 1001 2227 curiam
1020 2196 1114 2237 Regis
1128 2217 1139 2233 ,
1165 2193 1249 2235 quod
1358 2195 1404 2227 De
1415 2190 1667 2236 appellationibus
1679 2215 1691 2233 ,
1714 2190 1740 2234 It*
1748 2191 1939 2236 emerserint,
1959 2192 1999 2227 ab
2015 2190 2247 2226 Archi-mamm

304 2242 343 2286 fit
355 2243 395 2276 ibi
408 2243 645 2287 respondendum
661 2255 668 2275 ε
695 2247 744 2277 lta
753 2244 837 2286 quod
840 2247 874 2289 J
876 2244 975 2284 ustitia
988 2247 1081 2288 Regis
1092 2250 1193 2278 mittet
1213 2247 1247 2276 tn
1307 2243 1416 2277 debent
1423 2244 1582 2285 procedere
1591 2245 1637 2277 ad
1645 2240 1828 2286 Episcopum
1841 2268 1852 2284 ,
1876 2245 1911 2277 Gt
1922 2242 1961 2276 ab
1973 2240 2120 2286 Episcopo
2137 2240 2181 2274 ad
2193 2242 2248 2272 Ar·

312 2297 436 2327 Curiam
445 2292 560 2336 samqae
571 2290 704 2333 Ecclefiae
714 2295 759 2326 ad
768 2295 936 2328 videndum
947 2319 958 2335 ,
985 2305 1045 2338 qua
1059 2299 1175 2328 ratione
1196 2304 1244 2326 res
1307 2291 1553 2336 chi-Eptfiopum
1566 2318 1573 2326 .
1600 2297 1648 2327 Et
1654 2290 1682 2334 fi
1690 2291 1956 2337 Archi-Epiftopus
1977 2291 2122 2334 defecerit
2144 2292 2248 2334 111110-

307 2338 353 2377 ‘ibi
366 2343 544 2377 tractabitur
559 2368 566 2375 .
596 2346 626 2375 Ε
628 2350 640 2373 t
655 2341 684 2383 fi
693 2344 826 2377 Clericus
852 2344 1001 2377 conviaeus
1026 2346 1081 2379 vel
1105 2343 1188 2387 conse
1211 2355 1245 2378 us
1301 2343 1390 2385 stitia
1400 2342 1572 2377 exbibenda
1583 2365 1595 2382 ,
1618 2340 1760 2384 postremo
1770 2344 1816 2375 ad
1825 2341 1979 2386 Regemest
1992 2341 2249 2382 perveniendum,

302 2393 402 2439 fuerit
414 2417 425 2434 ,
450 2394 489 2427 de
502 2401 606 2428 caetero
615 2404 672 2426 non
683 2392 769 2427 debet
794 2405 861 2429 eum
886 2393 1014 2438 Ecclesia
1023 2399 1102 2429 tueri
1112 2419 1120 2427 .
1307 2402 1341 2428 ut
1351 2395 1508 2437 Praecepto
1527 2390 1613 2435 lpfius
1638 2397 1671 2425 in
1681 2395 1779 2425 curta
1791 2389 2032 2434 Archi-Episcopi
2054 2386 2249 2429 controverfia

360 2443 441 2479 Hoc
450 2443 623 2478 damnavit
633 2468 641 2476 .
1309 2449 1486 2479 terminetur
1496 2467 1508 2484 ,
1533 2447 1580 2476 tta
1594 2442 1678 2486 quod
1689 2451 1747 2475 non
1758 2441 1865 2476 debeat
1880 2441 2003 2476 ulterius
2014 2440 2171 2483 procedere
2180 2435 2248 2480 absss

460 2543 492 2578 c
520 2542 552 2577 A
578 2541 607 2576 Ρ
632 2543 647 2577 1
673 2542 711 2577 T
737 2543 777 2580 U
803 2544 834 2580 L
860 2542 903 2580 u
928 2543 971 2581 Μ
1013 2544 1037 2578 '1
1055 2543 1100 2581 v.
1160 2596 1162 2598 v
1309 2491 1645 2580 queffgssngmnffii't.

367 2639 620 2682 Archi-Episcopis
645 2644 679 2676 (ν
699 2644 856 2688 Epiftopls
880 2668 892 2686 ,
925 2646 960 2680 6·
990 2643 1130 2689 Personis
1155 2648 1251 2688 Regni
1459 2643 1492 2679 C
1517 2641 1552 2677 A
1577 2641 1606 2676 P
1631 2642 1648 2677 Ι
1674 2640 1714 2676 Τ
1739 2641 1782 2678 U
1810 2640 1841 2675 L
1867 2638 1910 2677 U
1935 2639 1978 2673 Μ
2024 2637 2095 2674 ‘IX-

318 2690 456 2724 nonlicet
470 2695 551 2723 exire
563 2691 601 2722 de
611 2693 709 2733 Regno
722 2693 830 2736 absque
846 2697 966 2729 licentia
976 2698 1074 2740 Regis.
1102 2698 1148 2728 Et
1153 2693 1178 2737 fi
1188 2701 1251 2728 exi·

319 2751 351 2773 re
363 2739 511 2774 voluerint
527 2762 538 2779 ,
549 2735 577 2779 fi
584 2741 656 2782 Regi
662 2740 826 2781 placuerit,
853 2745 1050 2786 affecurabunt
1061 2746 1145 2789 quod
1154 2757 1205 2778 nec
1219 2750 1251 2777 in

317 2791 410 2824 eundo
424 2815 432 2830 ‚
459 2799 509 2823 nec
531 2794 563 2821 in
573 2799 686 2821 moram
703 2789 844 2831 faciendo
851 2800 1028 2837 perquirent
1051 2798 1165 2831 malum
1176 2798 1251 2841 Regi

319 2840 373 2874 vel
383 2843 483 2883 Regno
493 2863 505 2880 ‚
530 2839 584 2872 vel
592 2839 750 2874 damnum.

369 2890 448 2923 Hoc
459 2887 642 2924 damnavit.

479 2985 990 3029 CAPITULUM
1045 2994 1089 3028 V.

1361 2745 1393 2777 Si
1401 2745 1553 2777 calumnia
1565 2741 1714 2786 emerserit
1724 2746 1801 2776 inter
1813 2741 1960 2776 clericum
1982 2741 2019 2791 (vj
2028 2741 2152 2774 Laicum
2168 2738 2222 2773 vel
2229 2738 2248 2772 ὃ

1316 2792 1453 2837 converso
1461 2820 1472 2835 ‚
1499 2796 1538 2829 de
1561 2794 1619 2828 ullo
1639 2799 1805 2827 tenemento
1818 2816 1830 2833 ,
1855 2792 1935 2834 quod
1954 2792 2087 2824 clericus
2105 2789 2183 2824 velit
2200 2787 2248 2822 ad

1312 2843 1531 2887 Eleemosjnam
1541 2842 1705 2883 attrahere,
1713 2846 1824 2876 Laicus
1834 2843 1908 2876 vero
1919 2842 1963 2874 ad
1973 2843 2096 2874 Lau-um
2100 2838 2245 2881 secedunt,

1313 2899 1503 2937 recognitione
1515 2895 1666 2927 duodecim
1678 2892 1832 2937 Legalium
1841 2890 1990 2925 bominum
2007 2896 2066 2933 pert
2087 2889 2245 2931 capitalis

1307 2947 1338 2992 J
1341 2944 1447 2983 ustitiae
1458 2947 1547 2988 Regis
1569 2941 1816 2986 Consuetudinem
1837 2941 2064 2982 terminabunt,
2089 2940 2190 2973 utrum
2201 2946 2245 2970 te-

1314 3002 1480 3028 nementum
1491 2993 1528 3035 fit
1534 2998 1690 3036 pertinens
1702 2993 1748 3025 ad
1756 2990 1962 3035 Eleemosjnas
1973 3014 1984 3030 ‚
1987 2989 2052 3032 five
2064 2991 2108 3023 ad
2119 2993 2247 3023 Laicum

1305 3044 1438 3088 feudum
1452 3066 1461 3082 ‚
1485 3054 1583 3077 coram
1593 3041 1660 3086 ipsa
1674 3042 1797 3084 justitia
1817 3045 1907 3085 Regis
1919 3067 1926 3073 .
1954 3044 2001 3074 Et
2017 3039 2048 3082 fi
2067 3044 2245 3085 recognitum

370 3091 630 3122 Excommunicati
652 3099 711 3123 non
731 3088 837 3124 debent
859 3092 935 3125 dare
955 3094 1082 3127 vadium
1091 3096 1135 3127 ad
1156 3106 1250 3129 rema·
1306 3094 1403 3137 fuerit
1414 3094 1459 3126 ad
1469 3092 1684 3136 Eleemosrnam
1692 3097 1863 3134 pertinere,
1879 3094 2027 3125 Placitum
2038 3097 2095 3125 erit
2105 3093 2244 3124 incuria

322 3150 398 3173 nens
410 3162 421 3179 ‚
448 3149 498 3172 nec
518 3137 663 3181 proestare
671 3141 876 3181 juramentum
888 3164 898 3181 ‚
918 3140 975 3185 sed
983 3145 1099 3177 tamum
1121 3147 1250 3179 vadium
1314 3141 1525 3185 Ecclefiastica3
1553 3145 1584 3176 si
1597 3145 1667 3175 vero
1679 3144 1724 3175 ad
1735 3142 1996 3184 Latcumfeudum
2007 3167 2018 3183 ‚
2044 3139 2099 3181 nist
2107 3137 2192 3172 ambo
2204 3139 2245 3171 de

323 3187 594 3232 &plefiumstandi
599 3193 633 3233 J
635 3191 729 3225 udicio
749 3189 882 3233 Ecclesiae
893 3215 907 3234 ,
932 3201 967 3226 ut
986 3192 1197 3237 abfhlvantur.
1312 3195 1410 3229 eodem
1422 3192 1567 3236 Episcopo
1578 3193 1631 3226 vel
1637 3193 1984 3226 Baroneadvocaverint
1995 3216 2007 3232 ,
2035 3197 2068 3223 in
2081 3193 2176 3221 Curta
2186 3191 2244 3221 Re·

372 3239 449 3276 Hoc
460 3237 629 3275 damnavit
640 3263 650 3274 .
1307 3249 1357 3290 gis
1369 3248 1426 3276 erit
1439 3244 1590 3275 Placitum
1599 3264 1607 3272 .
1636 3244 1696 3275 Sed
1698 3241 1728 3284 fi
1734 3243 1820 3276 ambo
1829 3244 2049 3276 advocaverint
2066 3240 2103 3273 de
2106 3238 2198 3281 feudo
2211 3239 2244 3270 il-

1312 3297 1339 3327 lo
1348 3293 1471 3328 cundem
1483 3290 1662 3335 Episcopum
1672 3294 1724 3325 vel
1731 3294 1880 3326 Baionem
1891 3316 1902 3333 ,
1914 3297 1969 3326 ertt
1981 3291 2125 3324 Placitum
2137 3294 2169 3321 in
2182 3291 2244 3321 Cu-

1312 3350 1362 3377 rt'a
1371 3341 1456 3384 ipsius
1471 3365 1478 3373 .
1496 3346 1549 3374 Ita
1562 3344 1772 3385 quodpropter
1778 3341 1901 3385 fac‘lam
1916 3345 2140 3385 recognitionem
2159 3335 2244 3382 saiſs-

1313 3406 1384 3427 nam
1395 3402 1452 3425 non
1462 3397 1586 3425 amittat
1600 3416 1612 3432 ,
1638 3398 1689 3435 qui
1698 3394 1782 3435 prius
1790 3392 1814 3436 s
1809 3391 1926 3436 uisatur
1932 3392 2042 3435 fuerat
2053 3414 2066 3432 ,
2091 3391 2179 3424 donec
2185 3396 2245 3431 per

1314 3443 1464 3477 Placitum
1479 3440 1707 3484 disrationatum
1723 3443 1822 3486 fuerit
1838 3466 1848 3476 .

1362 3492 1441 3529 Hoc
1461 3489 1627 3528 damnavit
1641 3517 1648 3527 .

2108 3540 2141 3575 C
2151 3537 2196 3574 A·
