2358 3776
270 107 311 176 s.
383 124 769 175 THOMAE
824 105 1776 176 -CANTUAR1ENsrs.

101 217 296 257 veniendiin
309 218 469 263 Angliam
483 241 494 257 ,
521 215 699 259 dicentque
721 211 821 258 Regii
838 211 901 245 filii
913 210 1051 248 dilatam

107 269 393 308 coronationem,
420 280 455 301 ut
482 277 582 300 manu
597 263 787 308 Apostolica
809 262 1014 296 consecretur
1041 285 1053 302 ,

105 322 141 357 &
152 319 259 354 sciatis
270 319 310 353 ad
323 318 386 352 hoc
398 326 563 361 promptos
576 317 638 348 esse
651 314 841 347 Romanos.
868 311 939 355 Jam
963 311 1052 345 enim

109 369 246 415 quidam
260 367 355 403 nobis
375 369 531 402 insultant
543 389 554 404 ,
578 363 722 398 dicentes
733 362 920 396 Dominum
933 359 1055 404 Papam

109 421 154 456 ad
172 419 440 455 Cantuariensem
465 413 638 450 Ecclesiam
661 413 857 446 accessurum
879 436 890 451 ,
930 421 966 445 ut
986 422 1055 444 mo-

112 480 188 505 veat
201 466 434 508 candelbrum
458 464 615 504 vestrum,
643 461 760 506 ibique
780 460 983 505 aliquamdiu
1006 463 1056 495 se-

114 520 189 555 dea't
200 544 207 551 .
237 511 310 553 Nec
322 528 430 554 tamen
441 514 540 549 credo
551 537 563 553 ,
590 511 679 556 quod
691 511 858 547 Dominus
871 511 958 554 Papa
971 510 1055 545 istud

114 568 223 604 adhuc
243 566 425 610 conceperit
441 589 448 596 .
475 563 563 597 Nam
577 587 588 603 ,
615 573 651 597 ut
671 562 791 603 audio,
829 562 967 595 multam
986 561 1056 607 ejus

115 630 176 664 pro
199 615 377 662 constantia
397 613 500 648 vestra
523 611 651 648 habetis
671 612 829 658 gratiam.
866 611 928 645 Sed
953 622 1056 645 unum

115 669 232 714 procul
253 665 354 701 dubio
375 663 440 698 scio
455 687 465 703 ,
491 665 563 706 quia
587 662 795 697 Lexoviensis
811 686 822 701 ,
848 661 870 694 si
895 661 1020 695 venerit
1045 686 1057 702 ‚

117 718 203 753 nihil
221 717 349 751 asserere
361 714 537 747 verebitur.
565 712 677 747 Notus
693 713 782 747 enim
794 708 874 745 mihi
885 710 929 745 est
940 737 951 753 ,
977 711 1010 745 δε
1023 711 1056 744 in

117 767 237 804 talibus
249 775 401 809 expertus
409 765 477 797 sum
495 763 561 806 ejus
581 763 739 797 fallacias.
769 762 822 796 De
844 760 974 796 Abbate
985 761 1058 805 quis

117 815 246 853 dubitat
257 817 280 855 ὶ,
307 812 488 849 Postmodo
511 813 631 855 scripsit
653 811 734 846 mihi
756 812 935 855 Episcopus
955 811 1059 845 Pieta-

118 865 232 901 vlenfis
243 889 254 905 ,
280 863 369 910 quod
384 862 534 898 adversus
545 861 707 897 Abbatem
719 863 749 897 S.
773 861 953 909 Augustini
974 859 1059 894 nihil

114 924 267 960 potuerat
280 914 471 958 impetrare,
496 913 550 947 etsi
571 912 745 956 plurimam
764 910 898 946 dedisset
917 922 1059 955 operam.

115 964 243 1002 ibimus
264 972 375 1003 tamen
394 963 496 1003 illuc,
522 960 675 998 Authore
693 962 769 997 Deo
788 987 799 1003 ,
835 962 997 1006 quoniam
1016 960 1060 995 ita

116 1007 308 1061 praeeifiitis,
334 1014 367 1047 &
385 1012 465 1057 quid
488 1013 640 1056 possimus
653 1037 664 1054 ,
695 1013 899 1056 experiemur
915 1037 922 1043 .
959 1009 1020 1046 Sed
1039 1010 1060 1043 si

119 1064 253 1106 flustra,
281 1063 378 1098 nobis
399 1063 553 1107 imputari
577 1073 644 1096 non
667 1062 781 1103 debet,
810 1062 989 1105 quoniam,
1025 1071 1059 1094 ut

122 1116 171 1150 ait
185 1113 358 1149 ‘Ethicusz
387 1116 459 1145 Non
481 1111 518 1152 est
537 1118 571 1145 in
594 1113 706 1146 Medico
723 1111 841 1156 semper
861 1113 1010 1146 relevetur
1028 1118 1061 1143 ut

121 1174 201 1210 eger
219 1189 230 1197 .
255 1163 408 1197 Interdum
421 1161 507 1196 dada
515 1163 584 1207 plus
597 1163 679 1196 valet
689 1172 753 1196 arte
765 1162 875 1196 malum
883 1186 890 1194 .

272 1261 303 1295 E
328 1259 356 1294 P
382 1260 398 1293 Ι
423 1261 444 1295 S
469 1259 507 1292 T
531 1260 564 1294 O
592 1260 621 1294 L
649 1260 680 1294 A
779 1259 814 1294 X
825 1259 858 1293 X
869 1257 914 1293 V.

195 1360 316 1394 rhomae
338 1357 551 1401 cantuarienfi
569 1357 829 1403 Archi-Episcopo
842 1362 986 1406 Joannes

391 1408 586 1451 Pillavienfis
609 1407 775 1453 Episcopus
788 1432 798 1443 .

205 1510 353 1544 xeitanrs
367 1509 583 1553 praecurrentis
603 1510 696 1544 famae
715 1509 924 1549 celebritate,
948 1507 983 1541 &
1006 1516 1065 1540 no-

229 1561 329 1595 minis
350 1560 443 1593 vestri
466 1561 626 1603 preconio
651 1585 662 1600 ,
698 1560 869 1602 antequam
893 1556 1065 1592 Nuncium

80 1626 83 1629 ·
122 1611 262 1645 vestrum
277 1610 442 1649 viderem,
469 1610 509 1643 ad
532 1610 670 1644 Curiam
680 1609 848 1642 festinavi.
876 1606 938 1641 Sed
963 1605 1068 1650 prius-

121 1660 222 1702 quam
243 1660 296 1693 vel
315 1659 379 1702 ipse
399 1658 478 1691 illuc
489 1659 718 1700 pervenissem,
743 1657 808 1700 jam
827 1655 983 1691 omnibus
1002 1665 1070 1689 om-

124 1710 183 1743 nia
204 1710 438 1747 innotuerant,
474 1707 507 1740 ἀ
531 1708 625 1748 plena
641 1718 707 1740 erat
728 1706 837 1741 omnis
858 1716 940 1740 terra
963 1705 1069 1749 gloria

123 1758 293 1795 Domini,
337 1757 371 1788 ἀ
390 1753 619 1797 magnificabat
638 1754 747 1786 omnis
768 1752 914 1786 Auditor
934 1775 946 1791 ,
980 1749 1068 1794 quod

123 1805 279 1839 inventus
288 1803 331 1837 est
344 1803 400 1846 qui
413 1812 525 1835 coram
543 1801 753 1844 Principibus
775 1811 862 1835 terrae
882 1800 1070 1844 loqueretur

119 1853 346 1900 prudentiam.
373 1851 535 1898 Qamvis
544 1849 645 1896 igitur
666 1849 906 1887 patriarchatus
917 1849 1010 1884 vestri
1029 1851 1070 1883 sie-

117 1904 182 1939 ,des
200 1902 391 1947 amplissima
405 1902 467 1935 suae
486 1899 658 1945 dignitatis
667 1899 844 1935 nobilitate
860 1900 1070 1945 praefulgeat‚

118 1954 232 1989 vestro
255 1963 361 1988 tamen
376 1962 432 1995 per
443 1954 580 1996 gratiam
602 1949 667 1984 Dei
690 1951 808 1985 merito
823 1950 999 1994 'plurimum
1020 1948 1070 1985 illi

125 2000 263 2039 honoris
272 2002 422 2042 acceffit,
448 2010 484 2035 ut
496 2002 584 2045 quod
598 2001 663 2035 loci
688 2000 777 2034 illius
790 1999 1006 2035 Antistitibus
1028 1999 1071 2033 fa·

106 2053 252 2095 *miliare
263 2051 456 2092 videbatur,
483 2063 571 2085 nunc
593 2062 648 2094 per
672 2062 731 2085 vos
752 2052 787 2084 in
799 2061 836 2084 ea
847 2057 1070 2093 perpetuatum

121 2106 188 2140 esse
202 2103 351 2138 credatur
375 2127 382 2134 .
410 2102 454 2135 Et
470 2110 565 2136 nunc
579 2100 711 2145 quidem
744 2099 838 2134 tanto
860 2097 1033 2143 gloriosius
1059 2123 1071 2140 ,

121 2154 251 2199 quanto
263 2151 369 2188 saeculi
390 2150 480 2186 illius
495 2150 663 2194 Principes
675 2148 852 2184 modestius
863 2147 1068 2188 incedebant,

122 2206 160 2240 ἀ
181 2203 289 2240 eidem
310 2201 498 2238 Deceffores
521 2201 615 2235 vestri
644 2199 851 2243 Principibus
869 2198 933 2233 suis
961 2198 1070 2233 minus

122 2263 314 2300 putarentur
332 2250 490 2286 obnoxii:
532 2249 711 2284 Praesertim
730 2249 806 2284 cum
823 2249 858 2284 ἀ
874 2248 984 2283 Mater
1005 2261 1068 2283 no·-

128 2305 190 2337 ssra
209 2302 414 2337 sancrosancta
449 2299 600 2334 Romana
626 2299 766 2334 Ecclesia
786 2299 910 2333 nullam
930 2308 971 2333 eo
991 2308 1068 2333 tem-

129 2364 207 2397 pore
231 2351 427 2395 integritatis
460 2351 522 2382 suae
553 2358 713 2392 pateretur
741 2348 933 2382 divisionem
952 2373 960 2381 .
997 2349 1067 2395 Qi

126 2402 206 2448 ergo
225 2399 319 2435 vobis
335 2397 431 2433 dedit
452 2398 631 2442 incipiendi
645 2399 836 2440 audaciam,
862 2397 952 2437 dabit
975 2399 1009 2432 &
1035 2400 1066 2431 in

83 2469 89 2477 «
119 2447 607 2498 perseverandoconstantiam,
634 2448 736 2483 Dabit
758 2448 791 2483 ἀ
815 2448 848 2482 in
860 2448 940 2482 boni
963 2450 1070 2491 operis

125 2500 360 2548 perseverantia
385 2508 600 2543 proventum:
627 2510 683 2532 aut
703 2499 797 2532 illum
810 2498 945 2541 utique,
971 2509 1066 2543 quem

127 2552 341 2587 desideramus
355 2571 365 2588 ‚
385 2556 442 2583 aut
462 2547 548 2582 certe
569 2547 811 2582 flnstuofiorem
824 2572 831 2579 .
870 2548 958 2582 Nam
981 2548 1068 2592 quod

128 2602 170 2638 ad
188 2601 370 2635 humanum
391 2599 551 2633 auxilium
576 2599 693 2632 attinet
707 2622 718 2638 ,
744 2598 829 2632 nihil
853 2597 898 2632 est
920 2599 1010 2642 quod
1029 2599 1069 2633 de

128 2652 231 2689 Curia
248 2651 283 2686 in
306 2649 419 2694 aliquo
432 2673 443 2688 ‚
469 2647 558 2692 quod
582 2648 708 2692 Regem
728 2647 894 2682 offendere
914 2647 1032 2683 debeat
1059 2672 1070 2688 ,

126 2698 335 2745 exspectetis.
373 2698 459 2734 cum
486 2698 575 2732 enim
598 2707 667 2732 tam
688 2706 766 2736 nos,
793 2698 892 2742 quam
915 2698 1070 2732 Nuncius

128 2753 147 2786 ὲ
169 2753 283 2787 Latere
295 2749 399 2783 vestro
421 2748 619 2782 transmissus
644 2747 725 2781 circa
759 2747 918 2791 porreehs
937 2747 955 2780 a
974 2747 1070 2782 nobis

129 2802 304 2847 petitiones
323 2809 377 2842 per
397 2799 519 2833 multos
539 2799 608 2831 dies
629 2797 882 2831 laboraverimus
902 2819 914 2838 ,
952 2797 1008 2831 vix
1031 2797 1066 2831 in

129 2864 195 2887 una
208 2849 431 2885 obtinuimus.
458 2847 501 2881 Et
523 2849 576 2881 illa
599 2847 733 2891 quidem
757 2857 824 2881 tam
846 2845 971 2891 trepide
992 2858 1070 2882 con-

131 2905 308 2937 summatur
329 2923 341 2940 ,
376 2907 412 2932 ut
433 2898 518 2932 nihil
546 2897 714 2941 Scripturas
733 2897 982 2937 committatur,
1013 2898 1066 2932 sed

132 2950 262 2986 santum
286 2950 365 2983 vivae
380 2948 470 2983 vocis
501 2947 676 2991 responsali
701 2948 850 2982 credatur
865 2971 873 2979 .
911 2947 1070 2981 Assevera-

131 3001 188 3037 bat
206 3009 314 3034 tamen
336 2997 443 3033 adhuc
456 2999 621 3032 Dominus
643 2997 810 3032 Henricus
831 2996 967 3032 Pisanus
989 2998 1021 3031 se
1030 2997 1071 3035 ad

134 3048 392 3092 extorquendam
405 3048 547 3083 Domini
571 3047 814 3082 Londoniensis
837 3046 1071 3082 Profeffionem

134 3099 359 3137 laboraturum
371 3121 378 3128 -
403 3098 529 3133 Timeo
542 3096 583 3131 ne
614 3097 771 3132 incassum
785 3123 792 3130 .
820 3097 993 3144 Qoniam
1007 3108 1072 3132 om·

133 3150 210 3190 nia,
239 3159 308 3190 quae
328 3156 387 3189 pro
410 3147 637 3182 eaobtinenda
655 3146 735 3181 mihi
758 3148 898 3191 proponi
920 3148 1007 3192 posse
1025 3147 1071 3180 vi-

132 3197 311 3237 debantur,
336 3195 567 3240 allegaveram.
595 3197 765 3238 Primum,
791 3196 880 3241 quod
890 3209 965 3232 eum
976 3206 1075 3232 trans·
1098 3231 1101 3233 ,

137 3248 218 3282 latio
256 3246 296 3280 ab
330 3244 422 3297 omni
452 3244 658 3291 obligatione
693 3247 835 3283 liberast!
869 3247 1040 3283 videbatur
1069 3273 1075 3279 .

138 3295 355 3341 Nequeenim
385 3296 418 3328 in
443 3294 538 3337 hujus
570 3296 715 3332 Ecclefiae
749 3298 950 3341 Episcopum
979 3297 1076 3339 recipi

138 3349 241 3396 posset
261 3367 271 3382 ,
308 3345 365 3379 nisi
384 3345 516 3380 alterius
538 3344 684 3380 Ecclefiae
706 3346 887 3391 Episcopus
920 3346 983 3381 esse
1004 3346 1077 3381 dafi-

141 3407 249 3438 neret.
279 3392 382 3443 Q-uod
402 3395 425 3427 si
447 3394 625 3438 Episcopus
643 3397 705 3430 esse
725 3398 817 3431 desiit
830 3421 843 3439 ,
869 3398 903 3431 &
935 3396 1081 3430 Ecclesiae

141 3443 366 3486 Cantuarienfi
391 3442 557 3488 obligatus
578 3445 660 3478 esse.
688 3445 743 3481 Ad
764 3445 834 3483 haec
849 3470 862 3488 ,
900 3445 981 3491 quid
1004 3446 1026 3480 fi
1045 3445 1079 3480 in

235 3492 341 3535 Christ.
361 3494 441 3538 Lupi
460 3497 559 3537 Opera
579 3497 659 3527 Tom.
678 3496 722 3528 Χ.

1117 210 1214 246 aliam
1232 210 1388 245 transisset
1406 208 1615 247 Provinciam
1628 237 1641 253 ‚
1665 218 1811 259 nunquid
1822 229 1892 255 non
1913 220 1974 254 suo
1985 230 2058 263 pro-

1118 262 1260 296 fiteretur
1271 260 1538 305 Metropolitano
1549 262 1566 294 ,ἕ
1579 261 1651 297 Ubi
1665 266 1869 303 manifestum
1881 268 1926 304 est
1934 293 1946 310 ,
1971 270 2064 315 quod

1117 312 1213 346 illum
1235 311 1407 346 translatio
1428 311 1447 345 a
1477 311 1564 356 prius
1586 314 1668 347 fasta
1689 316 1881 357 professione
1911 319 2026 354 liberat
2054 345 2063 352 .

1117 361 1257 397 Causam
1279 360 1410 406 quoque
1435 373 1503 396 non
1528 363 1742 405 tacebamus,
1767 366 1863 406 quare
1885 370 1984 403 etiam
1996 369 2065 403 Ro-

1117 422 1221 445 manae
1242 411 1393 446 Ecclesiae
1414 411 1566 455 expedire
1579 414 1702 457 ponet,
1728 423 1766 449 ut
1786 413 1897 454 fieret,
1924 417 2064 463 eoquod

1119 463 1152 495 in
1190 472 1292 504 nuper
1324 461 1487 496 celebrato
1520 462 1701 498 Conventu
1736 463 1779 498 sic
1810 464 1842 498 se
1865 462 2025 501 habuisset
2052 490 2064 507 ,

1118 512 1286 555 tamquam
1309 511 1366 546 fibi
1388 511 1470 546 liber
1480 512 1543 546 effe
1562 513 1725 548 videretur
1746 539 1753 546 .
1780 512 2065 551 Consuetudinem

1118 561 1249 606 quoque
1273 561 1443 607 vulgarem
1476 563 1781 605 praetendebamus:
1821 563 1926 611 Qod
1948 563 1972 598 fi
1997 566 2068 608 quis

1121 623 1246 646 novum
1268 612 1401 646 feudum
1424 610 1465 646 ab
1480 610 1598 647 eodem
1629 612 1783 648 Domino
1814 613 1969 658 recipiat,
1997 614 2069 648 Ho-

1121 662 1263 695 minium
1283 662 1370 704 quasi
1392 673 1434 697 ex
1458 672 1543 696 nova
1554 663 1647 697 causa
1665 663 1783 698 iterato
1794 664 1902 698 facere
1922 663 2067 706 compel-

1122 712 1198 745 litur
1220 735 1227 742 .
1266 710 1321 745 Ad
1339 723 1408 756 quae
1424 713 1537 747 omnia
1564 710 1628 747 hoc
1650 712 1733 747 mihi
1765 714 1953 758 responsum
1984 712 2031 747 est
2057 738 2069 754 ,

1122 760 1212 808 quod
1237 759 1395 795 Profeffio
1417 763 1514 796 semel
1538 763 1620 798 facia
1641 763 1686 799 fic
1706 762 1835 808 obligat
1858 764 2028 808 personam
2054 787 2069 804 ,

1123 823 1159 846 ut
1181 809 1272 845 nulla
1293 811 1393 846 status
1415 812 1463 846 sui
1485 812 1668 848 mutatione
1696 812 1825 848 liberari
1860 814 1979 858 poffin
2010 811 2070 848 do·

1124 872 1185 896 nec
1206 861 1240 894 in
1264 860 1396 896 alterius
1416 862 1555 898 transeat
1575 859 1836 910 Jurisdistionem
1860 877 1874 897 .-
1912 874 1974 897 nec
1996 873 2069 897 eam

1124 912 1234 955 aliqua
1254 910 1409 946 rationea
1423 911 1516 946 vobis
1529 913 1594 956 peti
1618 914 1706 957 posse
1720 937 1732 955 ‚
1745 915 1816 947 =nis1
1840 912 1924 948 forte
1943 912 1985 946 de
1994 924 2072 947 con·

1127 960 1297 996 suetudine
1317 960 1468 996 Ecclefiae
1491 963 1599 997 vestrae
1616 966 1693 999 esset
1713 962 1802 1008 quod
1826 963 1927 998 solius
1951 961 2072 997 Archi-

1127 1011 1277 1056 Episcopi
1294 1009 1442 1046 Personae
1455 1037 1465 1052 ,
1491 1013 1548 1056 qui
1571 1014 1666 1047 illum
1685 1015 1920 1054 consecrasset,
1942 1011 2072 1048 Profes-

1125 1064 1171 1097 fio
1192 1062 1275 1096 fasta
1296 1063 1373 1096 esset
1386 1087 1396 1102 ,
1422 1062 1454 1096 ὅ(
1476 1073 1544 1097 non
1566 1064 1619 1107 ipsi
1644 1075 1741 1108 atque
1751 1063 1990 1102 Succefforibus
2008 1062 2072 1098 suis

1125 1110 1286 1147 canonic&
1306 1111 1538 1147 substituendis
1559 1139 1566 1145 .
1602 1114 1703 1160 Qod
1732 1115 1754 1148 fi
1788 1115 1834 1148 ita
1854 1114 1956 1153 effet,
1993 1123 2073 1148 tunc

1126 1163 1258 1206 quidem
1282 1161 1371 1196 illam
1397 1163 1414 1194 a
1434 1162 1528 1197 vobis
1548 1163 1618 1206 jure
1638 1164 1727 1209 exigi
1751 1166 1838 1209 poffe
1859 1188 1872 1205 2
1908 1174 1978 1197 non
2012 1162 2075 1198 uti·

1126 1212 1189 1254 que
1211 1214 1289 1251 suae,
1317 1211 1369 1245 sed
1386 1212 1491 1245 vestrae
1504 1214 1630 1246 rarione
1645 1215 1811 1248 Personae.

1178 1263 1231 1295 De
1254 1269 1370 1294 caetero
1391 1261 1480 1301 quod
1500 1260 1540 1293 ad
1563 1261 1821 1296 benedictionem
1847 1261 1984 1296 Abbatis
2000 1261 2077 1296 San·

1127 1311 1168 1345 eti
1189 1309 1367 1355 Augustini
1388 1310 1525 1352 pertinet
1546 1335 1556 1351 ‚
1590 1310 1702 1345 frustra
1724 1312 1847 1353 aliquid
1878 1311 1987 1345 solatii
2010 1321 2073 1344 ex-

1129 1361 1290 1404 spectatis.
1319 1359 1424 1407 Qod
1445 1360 1547 1404 igitur
1558 1360 1678 1406 agitis,
1713 1359 1915 1395 dileffiffime
1938 1359 2076 1395 Pater&

1129 1411 1277 1446 Domine
1293 1435 1304 1452 ‚
1331 1410 1433 1444 solius
1453 1410 1518 1444 Dei
1538 1435 1549 1451 ‚
1574 1411 1608 1445 ὃ(
1629 1411 1740 1452 illius,
1776 1412 1829 1446 cui
1854 1411 1931 1445 Deo
1961 1410 2076 1445 autho·

1130 1473 1162 1495 re
1183 1459 1370 1505 praesidetis,
1398 1460 1545 1493 Ecciefiae
1566 1460 1753 1496 libertatum
1783 1460 2076 1495 conservandarum
2106 1484 2110 1490 .

1133 1511 1255 1544 intuitu
1279 1509 1428 1548 faciatis,
1454 1510 1490 1543 δε
1510 1510 1551 1543 ab
1563 1522 1604 1544 eo
1625 1511 1695 1545 solo
1717 1511 1835 1545 laboris
1859 1510 1954 1553 hujus
1966 1510 2078 1543 conso-

1134 1561 1290 1594 lationem
1313 1560 1347 1593 &
1374 1558 1847 1603 retributionemexspessetis.
1877 1560 1974 1605 Ego,
2001 1559 2079 1592 sicut

1133 1610 1150 1643 a
1173 1608 1286 1643 multis
1306 1605 1388 1641 mihi
1402 1609 1615 1651 proponitur,
1644 1621 1710 1643 non
1723 1609 1826 1644 modo
1837 1609 1972 1643 similem
1988 1633 1998 1648 ‚
2026 1607 2079 1642 sed

1134 1659 1297 1692 duriorem
1320 1657 1483 1691 calculum
1502 1660 1672 1699 exspecto.
1700 1657 1847 1694 Utinam
1869 1658 1963 1692 exilii
1986 1657 2082 1692 vestri

1136 1707 1293 1750 particeps
1315 1706 1533 1744 futurus,aut
1554 1705 1676 1747 primus
1697 1730 1706 1737 .
1745 1706 1820 1741 Nec
1839 1708 1954 1750 utique
1983 1705 2081 1742 nobis

1135 1753 1313 1799 inglorium
1335 1751 1397 1786 erit
1419 1775 1431 1793 ,
1464 1763 1500 1788 ut
1519 1755 1575 1796 qui
1596 1765 1656 1798 pro
1689 1754 1894 1791 vanitatibus
1912 1755 1947 1791 ἀ
1978 1755 2081 1791 saeculi

1134 1801 1430 1843 delectationibus,
1456 1802 1571 1838 multis
1593 1802 1672 1849 saepe
1688 1803 1811 1840 Mundi
1824 1805 1981 1851 prosperis
2004 1805 2083 1842 abn-

1134 1853 1157 1887 fi
1183 1854 1315 1893 sumus,
1342 1861 1430 1886 nunc
1452 1854 1473 1887 fi
1496 1855 1624 1890 neeesse
1646 1854 1765 1895 fuerit,
1792 1864 1851 1899 pro
1863 1855 2082 1892 retributione

1135 1902 1270 1941 Coelesti
1291 1902 1420 1937 adversa
1444 1903 1538 1937 simul
1559 1902 1712 1939 sustinere
1734 1914 1803 1939 non
1839 1905 2080 1941 formidemus.

1135 1953 1279 1988 Laborat
1300 1962 1410 1987 tamen
1432 1950 1568 1987 Pisanus
1591 1951 1720 2002 noster²
1746 1962 1783 1989 ut
1796 1953 1880 1989 mihi
1899 1954 2082 1991 inlocotu-

1135 2003 1212 2038 tiori
1236 2001 1465 2046 prospiciatur.
1491 2002 1533 2038 Et
1556 2001 1696 2048 idipsum
1721 2006 1751 2039 se
1769 2003 1862 2039 vobis
1886 2016 1941 2049 per
1973 2004 2082 2041 Abba-

1135 2060 1201 2086 tem
1224 2050 1266 2086 de
1280 2050 1498 2096 Eleemosyna
1521 2053 1683 2089 intimasse
1708 2054 1882 2093 asseverat.
1911 2054 1986 2100 Ego
1996 2054 2083 2091 Pon-

1136 2102 1294 2136 tiniacum
1318 2101 1506 2145 proficiscor
1525 2125 1541 2143 ‚.
1561 2113 1597 2138 ut
1624 2102 1711 2139 illius
1721 2101 1910 2150 Religionis
1932 2105 2081 2141 devotio*

1136 2152 1171 2188 tu·
1184 2159 1251 2186 tam
1275 2150 1410 2185 vestram
1429 2151 1527 2197 quam
1555 2151 1697 2189 nostram
1718 2153 1950 2190 commendem
1973 2155 2080 2191 inten-

1134 2203 1283 2237 tionem..
1309 2201 1399 2235 Nam
1423 2201 1470 2237 ibi
1493 2203 1656 2238 Divinum
1678 2203 1922 2248 implorandum
1935 2203 1981 2241 est
1992 2207 2082 2241 auxi-

1135 2250 1239 2291 lium,
1266 2246 1322 2284 ubi
1345 2247 1529 2287 humanum
1553 2251 1658 2290 deesse
1680 2253 1828 2291 videtur.
1863 2254 2084 2292 Orationibus

1135 2298 1427 2336 clarevallensium
1449 2311 1505 2346 per
1524 2302 1631 2347 ipsum
1643 2302 1767 2348 Papam
1790 2314 1852 2340 nos
1871 2304 2081 2343 commenda-

1134 2351 1162 2386 ri
1175 2351 1315 2386 fecimus
1326 2374 1334 2383 .
1362 2348 1455 2387 Bene
1466 2351 1572 2388 valeat
1582 2352 1754 2390 Dominus
1773 2365 1884 2391 meus.

1260 2448 1670 2488 EPISTOLA
1770 2452 1943 2488 XXVI.

1287 2549 1460 2587 Alexander
1484 2553 1572 2594 Papa
1596 2549 1715 2584 Tbmae
1739 2553 1951 2596 Cantuartenss

1458 2597 1747 2644 achhssptscopo.

1228 2701 1263 2736 D
1283 2699 1515 2736 auresnossras
1535 2699 1736 2738 Frater-nitas
1755 2712 1813 2739 tua
1836 2704 1964 2739 noverit
1986 2705 2080 2740 fuine

1253 2750 1408 2795 perlatum
1428 2773 1441 2791 ,
1476 2749 1513 2786 ἃ
1533 2751 1675 2796 quadam
1699 2751 1795 2789 nobis
1813 2754 1975 2789 relatione
1999 2756 2079 2799 sug-

1135 2802 1262 2848 gestum
1279 2824 1291 2841 .
1316 2797 1404 2842 quod
1417 2797 1588 2837 occasione
1607 2802 1772 2846 cujusdam
1798 2804 1942 2840 excessus
1961 2805 1980 2839 a
2001 2804 2081 2839 Mis-

1135 2854 1238 2887 sarum
1259 2848 1462 2894 proposueris
1480 2847 1697 2887 celebratione
1708 2854 1846 2894 cessare,
1871 2855 1936 2889 &a
1955 2854 2081 2895 Conse-

1135 2902 1283 2937 cratione
1304 2899 1527 2946 Sanguinis&
1549 2901 1710 2947 Corporis
1720 2903 1862 2940 Domini
1884 2902 2046 2939 abstinere
2070 2929 2077 2936 .

1135 2949 1241 2999 Qod
1261 2950 1376 2995 utique
1392 2950 1489 2995 quam
1511 2963 1608 2997 grave
1629 2953 1666 2986 sit
1687 2975 1698 2991 ‚
1734 2954 1893 2998 praecipue
1922 2955 1958 2989 in
1991 2963 2081 2990 tanta

1136 3001 1275 3036 Persona
1287 3024 1298 3041 ‚
1322 3001 1356 3035 δε
1374 3010 1536 3042 quantum
1556 3002 1651 3046 poffit
1662 3002 1739 3038 inde
1757 3003 1947 3039 scandalum
1971 3014 2084 3047 prove-

1139 3052 1231 3092 nire,
1255 3049 1394 3085 sollicita
1405 3051 1622 3088 meditatione
1633 3052 1823 3092 confidens,
1848 3054 1880 3088 ἂ
1893 3052 1958 3088 hoc
1977 3054 2081 3097 ipsum

1137 3101 1311 3145 vigilantia
1332 3111 1396 3136 ωε
1425 3101 1633 3136 discretionis
1653 3104 1798 3139 attendat
1818 3129 1827 3138 .
1854 3103 2081 3141 Debetautem

1137 3150 1323 3196 Diligentia
1343 3160 1400 3185 tua
1413 3151 1585 3195 prudenter
1595 3162 1737 3187 avertere
1758 3178 1769 3195 ,
1801 3153 1891 3198 quod
1904 3151 2080 3197 plurimum

1139 3200 1294 3243 interest,
1331 3202 1464 3244 quando
1484 3213 1525 3236 ex
1544 3200 1780 3237 deliberatione
1810 3205 1844 3238 δε
1865 3202 1993 3246 propria
2027 3211 2084 3235 vo·

1140 3250 1265 3286 luntate
1286 3275 1298 3293 ‚
1333 3250 1366 3283 &
1389 3251 1522 3293 quando
1543 3264 1585 3285 ex
1606 3251 1792 3297 ignorantia
1824 3252 1876 3285 vel
1898 3250 2082 3285 neceffitate

1140 3300 1250 3344 aliqua
1270 3299 1541 3335 committuntur.
1570 3300 1680 3336 Aliter
1689 3301 1823 3336 enimin
1834 3298 1886 3332 his
1906 3310 1979 3343 quae
1991 3301 2084 3343 spon-

1142 3361 1238 3385 tanea
1260 3348 1432 3385 voluntate
1451 3374 1463 3391 ,
1486 3352 1520 3385 &
1545 3352 1638 3386 aliter
1659 3360 1729 3392 quae
1757 3350 1945 3394 ignorantia
1958 3372 1970 3389 ,
2003 3349 2083 3384 sicut

1143 3398 1265 3434 dictum
1275 3396 1344 3438 est,
1370 3399 1421 3433 vel
1441 3399 1626 3435 necestitate
1641 3406 1782 3444 cogente
1803 3398 1890 3433 fiunt
1904 3421 1917 3441 ,
1942 3398 2088 3434 noscitur

1148 3447 1390 3495 procedendum
1403 3473 1410 3481 .
1438 3449 1481 3483 Et
1503 3448 1596 3485 aliter
1615 3448 1694 3487 illa,
1732 3447 1823 3484 aliter
1844 3447 1903 3484 ista
1926 3449 2088 3484 tractanda

1643 3496 1677 3530 G
1728 3507 1750 3547 3
1944 3499 2039 3540 sunt,
