2358 3776
504 136 556 203 s.
593 154 891 203 THOMAE
925 149 1334 201 CANTUAR‚
1370 150 1503 197 Lm.
1539 152 1644 198 111.

97 237 229 275 homini
249 235 285 271 in
307 236 489 282 praescripto
511 240 649 285 negotio
669 238 792 273 deferas
810 262 821 278 ,
848 236 882 270 δε
901 234 941 270 ad
965 234 1028 269 hoc

83 284 308 326 'solummodo
331 287 462 322 Divinae
474 287 608 323 Pietatis
624 289 764 332 respectu
776 287 920 321 animum
933 295 1025 319 tuum

98 339 252 375 inclines.
278 339 379 382 Super
401 349 441 372 eo
465 339 565 380 vero,
590 337 678 382 quod
693 336 943 382 magnificentiae
966 345 1028 369 tuae

98 389 140 424 de
159 387 255 422 nobis
276 389 308 422 &
327 388 441 422 nostra:
466 388 643 424 voluntatis
663 388 847 422 mutatione
870 385 1029 431 significa-

96 448 169 474 tum
190 438 284 472 fuisse
307 436 434 472 dicebas
459 462 471 479 ,
509 450 577 472 non
610 447 739 483 oportet
770 436 937 471 discretam
958 446 1027 478 pru·

96 487 244 523 dentiam
283 497 372 522 tuam
391 487 483 522 omni
505 488 629 532 spiritui
651 487 777 522 credere
799 509 810 526 ‚
836 485 910 519 cum
932 486 1027 520 multi

84 538 290 573 'detraRores
314 538 348 572 &
366 539 543 572 corrosores
566 538 726 578 existant,
761 546 900 581 quorum
936 535 1029 571 distis

94 588 296 630 quibuslibet
321 598 388 621 non
410 588 453 621 est
476 588 555 621 fides
577 587 761 622 adhibenda
793 585 994 627 aliquatenus
1022 613 1029 620 .

95 637 171 672 Nos
194 648 303 673 autem
318 635 562 671 voluntatem&
575 638 766 671 desiderium
790 635 946 669 habemus
966 647 1029 679 per·

97 690 213 722 sonam
227 698 313 722 tuam
326 711 337 727 ‚
364 687 442 720 sicut
454 686 625 734 charissimi
641 687 674 722 in
689 685 822 720 Christo
834 685 895 719 filii
907 685 1007 720 nostri
1020 711 1031 728 ,

96 738 215 772 &toto
234 736 341 771 cordis
364 738 475 770 affestu
497 737 652 783 dil3gere,
680 748 739 770 nec
760 746 833 769 eam
855 736 888 769 in
907 737 1033 780 aliquo,

97 788 158 821 nisi
174 787 259 821 forte
274 810 285 825 ,
311 787 398 829 quod
411 787 502 821 Deus
515 795 657 827 avertat,
684 795 743 819 nos
768 785 807 819 ad
827 784 891 819 hoc
912 796 948 820 tu
967 787 1031 829 ipse

95 836 330 880 compelleres,
354 839 703 880 volumusaggravare.
731 835 857 871 Datum
869 836 1030 871 Beneven-

93 887 147 928 ti,
171 884 316 920 secundo
340 885 504 920 Calendas
520 886 655 921 Martii.-

246 985 277 1019 E
302 983 329 1018 P
354 984 370 1018 1
395 987 416 1020 S
441 984 479 1019 T
502 988 537 1022 Ο
562 986 591 1023 L
618 984 651 1021 A
784 984 858 1022 lv.

145 1083 290 1120 Thomas
328 1083 554 1119 Cantuariensi
578 1083 880 1131 Archi-Episcopo
911 1085 985 1124 Ma-

423 1135 520 1179 gister
540 1134 703 1171 Vivianus
716 1160 724 1168 .

144 1235 279 1269 salutem
301 1257 314 1274 ,
351 1235 387 1269 6·
414 1235 452 1268 de
478 1234 605 1274 inflanti
630 1239 742 1279 negotio
767 1237 813 1268 ad
835 1235 974 1270 bonorem

320 1285 382 1318 Dei
406 1285 442 1317 ἀν
465 1283 601 1324 Ecclefiae
628 1284 809 1317 ViHorIaem.

193 1381 230 1415 T
257 1391 332 1415 cum
346 1380 498 1415 Domino
524 1381 713 1415 Turonensi
739 1381 791 1416 vel
814 1381 882 1426 ejus
892 1381 1035 1416 Nunciis

217 1431 257 1465 ad
278 1430 413 1465 Curiam
435 1430 608 1472 ,authore
631 1432 707 1465 Deo
726 1456 737 1472 ,
776 1430 1035 1466 festinantiffime

95 1491 353 1520 reverteremur,
380 1480 531 1514 Turonis
566 1480 824 1522 declinavimus,
861 1483 894 1516 &
919 1491 1036 1526 quarto

94 1530 262 1565 Calendas
286 1530 482 1564 Novembris
494 1531 612 1564 litteras
623 1530 726 1574 Regis
737 1531 891 1576 Angliae‚
920 1531 1037 1566 Archi-

94 1579 255 1624 Episcopi
279 1579 576 1625 Rothomagensis,
600 1580 633 1613 ὃς
657 1580 899 1615 Cantuarienfis
921 1580 1038 1614 Archi-

95 1629 246 1664 Diaconi
256 1655 267 1671 ‚
297 1641 349 1674 per
361 1631 507 1664 Priorem
520 1629 671 1664 Abbatiae
681 1631 722 1664 de
734 1631 848 1665 Beccis
860 1655 870 1670 ,
882 1631 916 1664 &
929 1642 1038 1674 quem-

95 1678 174 1714 dam
184 1679 286 1714 alium
299 1679 444 1714 nobilem
464 1680 569 1714 virum
581 1680 759 1723 recepimus
774 1706 784 1723 ,
807 1691 943 1726 quarum
956 1691 1039 1715 tran·

95 1729 254 1777 &iprum
277 1729 482 1763 Beatitudini
498 1729 605 1762 vestrae
615 1730 797 1770 mittimus,
823 1730 1040 1773 supplicantes

94 1786 134 1813 ut
173 1789 242 1812 non
277 1778 489 1820 adquiescatis
511 1778 713 1821 suggestioni
750 1779 887 1820 alicujus
918 1778 1038 1812 Clerici

93 1826 219 1862 etiamsi
234 1825 384 1869 primarie
404 1826 542 1870 fulgeret
562 1826 725 1870 dignitate
745 1827 910 1870 praeclara,
951 1826 973 1859 si
1005 1826 1040 1859 in

97 1876 216 1921 apertis
234 1875 351 1911 litteris
363 1874 486 1920 Regis,
513 1874 601 1918 quod
618 1873 739 1909 honori
760 1876 865 1911 vestro
874 1875 1039 1919 expediat,

95 1936 195 1973 prout
217 1924 434 1969 saepenumero
445 1924 632 1968 propofium
654 1924 717 1964 est,
746 1937 813 1960 non
837 1926 1002 1968 recipiatis
1033 1950 1040 1958 .

94 1975 141 2010 Et
160 1985 312 2020 rogamus
334 1985 371 2010 ut
384 1974 644 2010 festinantiffime
668 1975 842 2009 Cursorem
866 1975 917 2008 vel
940 1974 1041 2009 Cleri-

95 2034 173 2060 cnm
183 2025 324 2069 aliquem
347 2025 389 2059 ad
411 2035 472 2058 nos
498 2024 598 2068 usque
621 2024 783 2066 mittatis,
810 2035 973 2068 perquem
989 2035 1044 2057 vo-

96 2074 259 2111 luntatem
285 2075 421 2109 vestram
439 2074 557 2114 nobis,
584 2075 605 2107 si
624 2074 729 2117 placet
745 2099 757 2116 ,
781 2073 956 2121 aperiatis,
982 2084 1043 2107 nec

98 2134 225 2160 tantum
244 2124 395 2160 deferatis
417 2123 572 2169 magistro
595 2123 758 2158 Gratiano
777 2148 789 2163 ,
821 2135 855 2158 ut
881 2122 1041 2158 honorem

99 2172 275 2210 chatiffimi
300 2174 413 2209 Amici
426 2175 544 2213 vestri,
571 2174 721 2219 praecipui
743 2173 968 2208 defensorisin
982 2174 1045 2207 Ec·

99 2225 191 2259 clesia
213 2225 368 2260 Romana
390 2248 403 2266 ,
438 2223 567 2268 penitus
600 2225 635 2259 in
667 2225 803 2268 persona
827 2223 936 2259 nostra
965 2235 1045 2259 con-

99 2274 256 2310 euleetis.

300 2371 713 2408 EPISTOLA
790 2372 843 2408 V.

151 2470 378 2506 Bartbdomaeo
402 2471 567 2514 Exonienfi
589 2472 677 2506 Archi
689 2490 697 2497 ·
709 2476 990 2520 DiaconoJoannes

455 2521 690 2565 saresberiensis.

102 2619 377 2706 EXCUSSIS
403 2620 540 2664 propriis
553 2620 659 2655 aliena
680 2632 793 2657 curans
815 2646 827 2664 ,
851 2624 939 2668 quafi
965 2635 1042 2658 cum

46 2682 68 2689 ··
214 2671 500 2706 Cantuariensibus
519 2681 575 2704 aut
601 2670 750 2705 AEmulis
770 2683 884 2706 eorum
899 2671 982 2706 mihi
1004 2674 1042 2707 fit

103 2722 243 2763 aliquod
266 2720 491 2755 familiaritatis
512 2723 760 2762 commercium,
787 2723 935 2766 nuperin
957 2722 1037 2756 festo

105 2772 212 2808 Beatae
234 2770 344 2805 Mariae
355 2771 561 2815 Magdalenae
571 2771 775 2806 Veziliacnrn
786 2772 944 2815 profectus
958 2771 1042 2813 sum,

103 2829 275 2857 occurrens
287 2821 332 2855 ibi
346 2822 487 2855 Nunciis
500 2821 640 2856 Domini
660 2821 774 2865 Papae,
800 2823 927 2863 caussa,
963 2822 1041 2856 sicut

106 2869 296 2911 videbatur,
321 2869 532 2910 addiscendi,
558 2871 634 2915 quid
661 2872 912 2906 Cantuarienses
927 2872 1041 2907 timere

104 2930 256 2964 oporteat
276 2920 325 2955 vel
347 2924 484 2964 sperare.
511 2922 599 2955 Nam
624 2920 690 2955 baec
702 2921 809 2955 fabula
823 2922 888 2957 fere
902 2923 969 2956 sola
982 2922 1041 2956 lin·

105 2969 232 3016 guas&
258 2981 350 3005 aures
375 2972 538 3015 utriusque
562 2971 692 3017 Regni,
721 2972 810 3015 quod
838 2972 878 3006 ad
906 2972 1038 3007 Clerum

106 3020 225 3063 speaat
236 3042 247 3058 ‚
272 3018 311 3052 δε
328 3020 412 3054 certe
422 3033 463 3054 ex
487 3032 604 3065 magna
618 3032 704 3064 parte
717 3023 757 3056 ad
769 3023 925 3066 populum
937 3047 948 3063 ,
975 3035 1038 3057 cte·

107 3069 199 3104 ditur
221 3079 400 3112 occupare.
427 3071 652 3105 Desiderabam
673 3082 780 3106 autem
802 3084 912 3107 meum
933 3073 1038 3108 revera

107 3119 217 3154 videre
239 3119 474 3163 cognominem
489 3144 500 3160 ,
524 3122 579 3160 &‚
603 3121 691 3164 quod
715 3122 819 3166 magis
837 3121 882 3156 est
905 3146 916 3162 ,
951 3135 1038 3157 com-

105 3169 303 3215 patriotam,
330 3169 363 3202 &
385 3166 627 3212 quodammodo
648 3172 791 3206 Fratrem
814 3172 1014 3207 Germanum
1027 3197 1037 3213 ‚

106 3217 200 3261 eujus
220 3227 255 3251 tu
270 3243 282 3259 ,
307 3227 342 3252 ut
366 3219 548 3253 meminisse
570 3230 660 3264 potes
682 3246 693 3263 ,
728 3222 747 3256 ὲ
768 3224 876 3256 sanstae
896 3223 1037 3257 recorda·

108 3266 211 3304 tionis
226 3265 313 3311 Papa
337 3269 487 3313 Eugenio
505 3270 668 3304 Ferentini
688 3270 833 3307 decretus
854 3284 887 3307 es
910 3273 1052 3306 Institu·‘

106 3326 178 3352 tor.
208 3317 305 3351 lllum
326 3318 470 3353 Fratrem
484 3319 622 3353 dixerim
640 3321 858 3362 confidenter,
885 3322 959 3357 cum
973 3333 1038 3367 quo

107 3366 190 3401 mihi
217 3366 348 3401 fidei&
374 3368 535 3403 societatis
556 3369 629 3403 sunt
645 3369 712 3412 jura
733 3372 919 3408 communia
948 3398 954 3404 .
994 3373 1037 3406 Et

107 3416 184 3452 licet
206 3428 268 3452 nos
293 3426 360 3450 non
377 3418 510 3453 ediderit
533 3430 597 3452 una
610 3418 745 3462 civitas,
771 3420 913 3457 Patriam
929 3432 1035 3457 tamen

107 3465 203 3504 nobis
222 3467 286 3501 esse
308 3477 407 3501 unam
424 3479 491 3503 non
513 3468 652 3513 ambigit
677 3494 690 3513 ,
723 3471 780 3518 qui
804 3472 947 3510 Patriam
973 3474 1038 3509 for-

205 3515 311 3559 christ.
323 3519 404 3561 Lupe
415 3522 513 3562 Opera
524 3521 645 3554 Tomx.

1090 237 1172 271 tium
1185 259 1196 276 ,
1220 245 1289 278 quae
1311 232 1406 268 nobis
1427 233 1597 269 individua
1611 232 1659 267 est
1672 255 1684 273 ,
1708 235 1850 279 &quam
1863 239 2017 275 Cmn.
2064 231 2068 237 '

1089 287 1131 320 tis
1150 285 1294 320 ostendit
1307 308 1318 324 ‚
1343 283 1468 318 reducit
1497 283 1537 318 ad
1558 281 1724 318 animum.
1751 286 1805 320 Ab
1816 289 1874 323 illo
1891 289 2017 336 ergo&

1090 335 1181 371 socio
1212 333 1280 377 ejus
1306 333 1455 369 Viviano
1478 333 1627 368 amice&
1644 343 1825 368 reverenter
1842 349 2017 384 exceptus,

1090 384 1278 420 familiarius
1297 383 1397 418 didici
1417 382 1507 428 quod
1528 384 1696 419 Dominus
1716 381 1803 426 Papa
1821 385 1855 418 &
1876 388 2018 424 Ecclefia

1090 435 1241 470 Romana
1263 434 1547 469 Cantuarienfibus
1570 432 1747 478 plurimum
1765 431 1895 468 favent.
1923 436 2019 472 Adeo

1090 485 1221 529 quidem
1238 495 1274 519 ut
1292 485 1350 518 nisi
1373 484 1448 519 Rex
1475 495 1562 518 nunc
1582 495 1659 518 cum
1691 483 1846 519 Domino
1880 482 2021 519 Cantna·

1091 535 1183 569 rienfi
1200 535 1291 578 juxta
1315 534 1486 570 confilium
1509 534 1651 568 Domini
1678 534 1792 569 fecerit
1811 544 1923 578 pacem
1943 558 1954 575 ‚
1991 534 2023 567 ei

1090 584 1317 620 denunciaturi
1337 586 1419 624 sint,
1446 584 1538 628 quod
1560 595 1629 619 non
1649 584 1752 618 modo
1769 583 1805 619 in
1825 594 1941 618 manus
1964 582 2025 618 Ar·

1091 634 1166 670 chi·
1180 635 1332 679 Episcopi
1354 634 1508 675 dabitur,
1534 634 1588 668 sed
1609 634 1718 677 &ipse
1738 633 1912 670 Romanus
1936 633 2026 667 Pon·

1092 686 1172 721 tifex
1185 684 1219 720 in
1239 697 1315 718 eum
1327 694 1559 730 aggravaturus
1568 684 1613 719 est
1626 694 1762 718 manum
1782 685 1871 719 suam
1884 708 1894 718 .
1921 680 2026 729 Qod

1093 744 1200 770 autem
1221 735 1341 769 multos
1364 734 1608 776 mirariasl'eris,
1632 745 1700 778 quo
1715 733 1791 777 juris
1803 733 1921 769 ordine
1940 732 2028 767 Can·

1094 785 1258 820 tuarienfis
1285 784 1620 820 excommunicaverit
1642 783 1826 828 Episcopus
1843 808 1854 824 ,
1880 782 1913 818 δε
1944 782 2027 818 alios

1096 845 1163 870 non
1186 834 1354 870 convictos
1374 834 1414 868 de
1433 834 1570 871 crimine
1593 858 1606 876 ,
1641 834 1696 869 seu
1716 834 1757 868 de
1778 834 1987 868 contumacia
2012 856 2026 874 ,

1098 896 1156 920 nec
1173 885 1353 924 confessos,
1377 884 1432 920 sed
1455 895 1515 920 nec
1526 886 1644 920 citatos
1663 884 1784 925 semel,
1808 882 1942 928 &quod
1954 891 2029 928 gra·r

1097 936 1168 969 vius
1194 935 1262 976 est,
1288 935 1357 978 post
1379 935 1632 979 appellationem
1652 959 1664 977 ‚
1687 934 1874 971 mirandum
1895 933 2029 977 quidem

1096 985 1194 1027 esset,
1218 985 1241 1019 si
1265 986 1400 1020 veritate
1421 984 1464 1020 de
1475 986 1679 1030 querimonia
1702 984 1926 1020 testimonium
1947 983 2031 1019 nite·

1097 1043 1181 1070 retur
1193 1061 1200 1068 .
1225 1033 1286 1070 sed
1300 1036 1389 1070 secus
1397 1035 1443 1070 est
1452 1060 1464 1077 ,
1489 1036 1623 1081 quando
1643 1046 1740 1080 opera
1752 1045 1867 1069 eorum
1879 1043 1946 1068 non
1958 1042 2033 1076 pm·

1095 1086 1250 1120 :efferunt
1270 1084 1311 1119 ad
1329 1086 1509 1129 judicium,
1536 1086 1589 1121 sed
1618 1087 1654 1120 in
1675 1087 1707 1122 se
1727 1085 1815 1130 quasi
1844 1085 1971 1129 pigram
1995 1082 2031 1118 δε

1097 1135 1278 1170 tardantem
1295 1134 1606 1171 condemnationem
1629 1134 1867 1181 provocabant.
1896 1134 1940 1168 Et
1961 1143 2033 1168 non

1096 1185 1246 1225 tantum,
1271 1197 1347 1221 cum
1369 1187 1551 1231 oportuerit
1572 1211 1585 1228 ‚
1621 1186 1663 1221 ab
1682 1183 1875 1220 hominibus
1895 1183 2035 1219 convin-

1096 1244 1230 1274 centur,
1256 1235 1310 1269 sed
1329 1235 1474 1270 clamant
1492 1246 1608 1270 contra
1629 1247 1687 1270 eos
1708 1235 1831 1270 coelum
1853 1235 1887 1268 &
1916 1243 1998 1268 terra
2024 1255 2035 1265 .

1099 1282 1204 1318 Unde
1221 1283 1254 1316 δε
1263 1285 1310 1317 eis
1319 1284 1548 1326 appellationis
1558 1284 1733 1317 subsidium
1746 1283 1765 1315 ὲ
1776 1284 1934 1317 Romano
1945 1283 2036 1322 Pon·

1096 1332 1184 1366 tifice
1200 1331 1270 1374 jure
1292 1329 1489 1366 subtractum
1511 1332 1556 1366 est
1569 1355 1581 1373 ,
1617 1332 1651 1367 ἀ
1673 1330 1800 1366 Archi·
1813 1331 1977 1374 Episcopo
1998 1331 2037 1364 in

1098 1382 1201 1426 ipsum
1213 1381 1341 1426 Regem
1353 1406 1364 1422 ,
1390 1382 1423 1416 ὃ(
1435 1382 1592 1427 Regnum
1602 1404 1615 1422 ,
1639 1382 1673 1416 δε
1686 1381 1834 1425 personas
1846 1380 1956 1426 Regni
1968 1381 2039 1415 col·

1099 1432 1163 1466 lata
1183 1431 1283 1475 plenae
1305 1431 1472 1475 potestatis
1489 1429 1690 1471 authorum,
1716 1431 1758 1466 ad
1770 1429 2037 1466 omneminobe-

1098 1481 1254 1515 dientiam
1274 1481 1494 1524 puniendam,
1521 1480 1790 1523 &reprimendos
1809 1480 1959 1514 Ecclefiae
1971 1489 2038 1513 ma·

1099 1531 1283 1570 lefackores,
1310 1531 1343 1565 δε
1362 1531 1454 1565 suos.
1494 1529 1647 1564 Procedit
1666 1527 1744 1574 ergo
1763 1529 1911 1564 munitus
1929 1527 2038 1572 ·Apo·

1100 1581 1220 1615 stolicae
1258 1578 1347 1614 Sedis
1371 1580 1527 1620 confilio,
1553 1580 1586 1614 ἃ,
1607 1590 1708 1622 nuper
1732 1579 1868 1623 receptis
1896 1579 2036 1623 propriis

1100 1631 1241 1666 Nunciis
1261 1630 1428 1665 &litteris
1441 1628 1685 1673 DominiPapae
1697 1630 1823 1664 securus
1833 1630 1933 1664 faetus
1954 1629 1999 1663 est
2025 1650 2039 1669 ‚

1099 1681 1187 1725 quod
1209 1692 1246 1715 ea
1264 1692 1334 1724 quae
1356 1680 1520 1717 statuerit,
1548 1689 1618 1712 non
1651 1678 1885 1713 mutabuntur.
1913 1677 2037 1713 Archi·-

1102 1731 1278 1773 Episcopus
1298 1740 1407 1763 tamen
1429 1738 1556 1772 paratus
1576 1726 1622 1761 est
1634 1729 1941 1762 excommunicatos
1960 1728 2036 1762 illos

1100 1779 1267 1812 absolvere
1289 1779 1465 1813 secundum
1484 1776 1725 1812 institutionem
1747 1778 1880 1812 Patrum
1904 1777 1938 1812 δε
1970 1774 2040 1812 Ec·

1100 1828 1198 1862 clefiae
1219 1828 1379 1870 sormam,
1408 1828 1429 1862 si
1451 1828 1661 1871 poenituerint
1693 1829 1799 1862 fructu
1830 1827 2002 1871 condigno
2027 1851 2037 1860 .

1101 1880 1134 1914 Si
1157 1878 1235 1912 vero
1257 1879 1292 1913 in
1315 1890 1352 1913 ea
1369 1901 1381 1918 ‚
1406 1889 1505 1922 quam
1534 1872 1703 1921 coeperunt
1739 1901 1751 1919 ,
1784 1876 1998 1912 contumacia
2024 1898 2038 1917 ,

1100 1928 1190 1971 quod
1201 1928 1304 1968 absit,
1331 1929 1484 1963 duxerint
1496 1927 1726 1972 persistendum
1741 1952 1751 1968 ,
1780 1927 1845 1971 ipse
1856 1926 1923 1961 vita
1933 1926 2034 1960 comi.

1102 1988 1134 2011 te
1157 1977 1309 2021 procedet
1331 1978 1464 2012 ulterius
1488 2002 1499 2019 ,
1535 1989 1597 2012 nec
1632 1977 1710 2011 ante
1730 1987 1865 2021 reponet
1886 1975 2038 2021 gladium

1102 2027 1237 2070 Spiritus
1259 2027 1293 2060 in
1314 2027 1487 2071 vaginam,
1515 2026 1612 2071 quam
1632 2037 1714 2062 terra
1727 2027 1912 2073 purgetura
1934 2024 2038 2061 tantis

1103 2076 1406 2112 abominationibus
1419 2102 1426 2110 .
1446 2077 1536 2112 Nam
1561 2080 1593 2111 in
1607 2076 1762 2112 infestum
1783 2077 1819 2111 δε
1848 2084 2039 2112 concretum

1105 2126 1233 2170 pulvere
1269 2127 1382 2171 septies
1406 2128 1440 2160 in
1464 2138 1535 2161 utre
1547 2126 1754 2173 stringendus
1788 2127 1856 2169 est,
1884 2134 1920 2160 ut
1942 2126 2039 2170 Syria

1103 2185 1287 2211 conteratur
1332 2202 1340 2209 .
1368 2177 1470 2225 Quod
1492 2189 1601 2212 autem
1636 2202 1649 2220 ‚
1675 2188 1711 2212 ut
1728 2177 1822 2221 ajunt
1840 2199 1850 2216 ,
1881 2175 2040 2221 Reginal-

1103 2225 1164 2260 dus
1178 2226 1483 2261 Archi-Diaconus
1504 2226 1646 2269 jactitat,
1671 2228 1762 2272 quod
1776 2226 1810 2261 hi
1825 2227 1951 2261 Nuncii
1972 2225 2041 2259 Do-

1105 2276 1187 2310 mini
1202 2276 1295 2318 Papae
1306 2286 1422 2309 omnes
1432 2286 1569 2310 conatus
1580 2301 1591 2317 ‚
1615 2278 1650 2310 &
1662 2279 1756 2312 Facta
1771 2274 1874 2312 Archi
1884 2295 1897 2302 -
1911 2275 2042 2320 Episco-

1106 2326 1137 2369 pi
1160 2324 1352 2369 Apostolica
1372 2324 1570 2359 authoritate
1594 2325 1820 2367 evacuabunt,
1858 2324 1915 2370 ipsi
1943 2323 2041 2369 plan?-

1104 2375 1306 2417 diffitentur,
1334 2378 1506 2410 asserentes
1517 2376 1815 2419 cumjuramento,
1842 2374 2043 2419 quodindi-

1104 2425 1275 2469 spendiurn
1289 2423 1402 2459 Archi·
1416 2425 1567 2468 Episcopi
1582 2425 1665 2458 nihil
1677 2434 1719 2458 ex
1731 2425 1893 2467 proposito
1906 2423 2043 2464 facient,

1105 2476 1156 2509 sed
1170 2487 1228 2510 nec
1243 2477 1346 2509 facere
1367 2477 1496 2518 possunt
1510 2498 1519 2514 ‚
1544 2475 1597 2508 sed
1619 2474 1798 2508 utilitatem
1810 2473 1875 2515 ejus
1888 2472 2039 2507 &hono-

1104 2537 1170 2560 rem
1198 2525 1346 2560 Ecclesiae
1373 2550 1384 2566 ,
1419 2525 1675 2566 quibuscumque
1711 2523 1819 2557 modis
1859 2521 2038 2557 secundnm

1104 2575 1213 2610 Deum
1229 2585 1402 2620 poterunt,
1431 2573 1664 2617 procurabunt.
1696 2571 1738 2605 Et
1754 2570 1885 2615 quidem
1899 2572 1965 2605 illis
1975 2573 2039 2606 for·

1103 2636 1154 2660 ma
1179 2627 1357 2669 praescripta
1383 2624 1450 2662 est,
1475 2622 1565 2666 cujus
1588 2623 1668 2656 fines
1678 2622 1832 2656 excedere
1844 2633 1912 2656 non
1933 2621 2037 2656 aude-

1103 2675 1203 2711 bunt.
1231 2676 1321 2722 Qa
1343 2674 1383 2707 ad
1406 2672 1469 2706 hoc
1488 2674 1673 2716 juramento
1696 2673 1803 2705 arctati
1826 2672 1914 2713 sunt,
1951 2669 2037 2706 adeo

1101 2726 1232 2770 quidem
1247 2749 1257 2766 ,
1283 2734 1317 2757 ut
1328 2722 1396 2766 jussi
1409 2723 1469 2756 fint
1481 2747 1491 2761 ‚
1519 2723 1574 2755 nisi
1585 2734 1661 2765 pace
1672 2723 1812 2756 formata
1824 2744 1835 2760 ,
1861 2721 1893 2754 in
1905 2732 2037 2756 tantum

1100 2774 1118 2809 ὲ
1131 2774 1232 2821 Regis
1245 2772 1431 2809 muneribus
1442 2772 1602 2807 abstinere
1615 2796 1625 2812 ,
1651 2781 1687 2806 ut
1710 2782 1769 2805 nec
1781 2774 1925 2815 sumptus
1936 2770 1977 2805 ab
1991 2782 2036 2806 eo

1101 2827 1238 2869 recipere
1248 2824 1491 2868 permittantur.
1522 2824 1717 2866 Loquantur
1727 2821 1803 2862 alii,
1822 2821 1912 2865 quod
1926 2820 2036 2855 volue-

1101 2877 1165 2909 rint
1176 2900 1186 2915 ,
1214 2874 1296 2909 mihi
1309 2875 1375 2916 spes
1389 2874 1520 2907 interim
1533 2873 1620 2917 pacis
1631 2872 1735 2916 major
1744 2871 1790 2906 est
1803 2895 1814 2912 ,
1824 2871 1921 2915 quam
1937 2870 2035 2906 antea

1101 2927 1197 2959 fuerit
1209 2950 1216 2958 .
1247 2925 1335 2958 Nam
1345 2925 1422 2958 &in
1435 2923 1556 2958 morbis
1570 2934 1624 2967 pet
1635 2932 1813 2968 augmenta
1825 2922 1979 2956 dolorum
1992 2919 2035 2955 ad

1101 2976 1262 3009 summum
1274 2972 1470 3008 veniendum
1483 2973 1548 3014 est,
1577 2984 1612 3007 ut
1637 2973 1853 3007 invalescente
1876 2970 2034 3005 natura&

1098 3025 1249 3058 defaecata
1268 3025 1477 3067 corruptione
1491 3023 1572 3058 salus
1584 3024 1618 3057 ὅ(
1630 3022 1840 3057 incolumitas
1852 3030 2009 3065 reparetur
2020 3043 2034 3067 ·.

1099 3074 1228 3108 Etlicet
1248 3074 1348 3117 aliqui
1371 3075 1551 3119 glorientur
1573 3072 1797 3107 seaDomino
1817 3071 1904 3115 Papa
1926 3069 2024 3104 abso-

1097 3126 1204 3165 lutos,
1230 3123 1319 3158 certo
1338 3123 1454 3158 certius
1468 3123 1601 3166 sitquod
1616 3123 1780 3157 neminem
1798 3131 1913 3157 eorum
1924 3118 2026 3154 absol-

1097 3175 1145 3209 vit
1158 3199 1165 3207 .
1193 3175 1327 3223 Qippe
1338 3175 1394 3217 qui
1412 3172 1557 3208 nondum
1574 3172 1691 3217 ligatos
1703 3182 1855 3206 noverat.
1879 3169 1940 3204 Sed
1954 3167 2031 3202 cum

1098 3224 1304 3268 postmodum
1333 3223 1561 3258 itinerantibus
1585 3222 1774 3256 innotuisset
1800 3246 1812 3262 ,
1840 3220 1923 3254 hanc
1955 3241 1966 3257 ,
1988 3215 2030 3250 de

1096 3286 1256 3318 quanunc
1278 3275 1409 3318 agitur,
1436 3272 1534 3306 latam
1557 3273 1620 3306 esse
1642 3271 1835 3306 sententiam
1850 3293 1861 3309 ,
1886 3266 2031 3301 remissus

1095 3325 1140 3358 est
1160 3326 1200 3359 ad
1226 3326 1412 3359 Dominum
1435 3322 1557 3366 Papam
1571 3320 1790 3363 Randulphus
1813 3315 1915 3351 Archi
1930 3315 2030 3350 ·Dia-

1095 3385 1196 3408 conus
1214 3373 1431 3409 Landavensis
1444 3397 1453 3412 ‚
1481 3382 1516 3406 ut
1538 3382 1613 3406 eum
1637 3370 1821 3403 sollicitaret
1841 3375 2033 3400 excommu-

1097 3425 1222 3458 nicatos
1235 3423 1421 3461 absolvere,
1448 3421 1502 3456 sed
1524 3434 1590 3455 non
1611 3418 1750 3453 creditur
1769 3415 1990 3450 exaudiendus
2015 3440 2023 3448 .

1095 3475 1184 3511 Nam
1197 3485 1233 3510 ut
1243 3484 1351 3510 caetera
1362 3481 1486 3509 taceam
1499 3494 1509 3512 ‚
1536 3469 1633 3551 seilgiK
1636 3467 1801 3503 Dominus
1814 3466 1847 3502 R
1858 3490 1884 3500 ..
1899 3490 1924 3551 .d
1945 3466 2034 3515 Mel·¹¹

1684 3528 1704 3567 3
1928 3526 1980 3550 en-
