2358 3776
485 80 720 132 EPlsT.
771 83 811 131 s.
866 79 1163 129 THoMAE
1208 78 1436 146 QANT.
1491 83 1626 131 LIB.
1664 88 1741 134 11.

218 219 796 260 EPISTOLA
878 216 963 253 111.

271 324 442 358 Alexander
469 325 557 365 Papa
583 318 738 364 Episcopis
766 319 883 363 Angliae
904 342 912 351 .
937 370 940 373 .

214 476 248 511 D
274 485 365 509 aures
388 473 510 508 nostras
528 470 630 505 vestra
642 469 755 504 noscat
777 465 946 512 prudentia
958 478 1063 512 perve-

243 526 324 559 niss'e
337 549 348 566 ‚
372 522 541 568 quomodo
552 532 611 556 vos
619 530 748 564 propter
756 518 945 564 gravamina
958 542 970 558 ,
996 529 1065 562 quae

123 574 331 611 Venerabilis
350 576 459 609 Frater
476 573 585 607 noster
608 568 905 612 Archi-Episcopus
925 568 1064 603 Cantua·

120 627 231 661 rienfis
241 623 421 660 chariffimo
430 624 463 656 in
475 620 609 657 Christo
621 620 694 656 filio
705 618 815 653 nostro
828 618 981 652 Henrico
993 618 1065 652 illu-

121 677 178 711 stri
193 676 378 720 Anglotum
402 673 487 718 Regi
507 697 520 714 ,
544 671 639 706 vobis
660 679 790 713 quoque
812 670 846 703 δε
865 669 987 714 Regno
1008 670 1066 703 suae

121 723 361 771 gubernationi*
378 723 551 757 commiffo
572 721 724 756 intulerat
737 743 749 760 ,
783 719 824 754 ad
845 719 990 753 nostram
1011 730 1067 753 au-

120 776 281 810 dientiam
304 773 485 818 appellastis
509 797 520 814 ,
545 773 579 806 &
615 771 801 815 proximam
840 769 1067 803 Adscenfionis

123 825 339 860 Dominicam
351 821 564 867 appellationi
574 821 752 855 terminum
764 820 940 864 praefixistis
949 843 956 851 .
992 819 1065 853 Nos

124 873 200 909 vero
220 874 285 916 jam
308 874 388 908 disti
410 873 535 916 Regis,
563 872 618 905 cui
644 894 658 912 ,
689 871 770 905 ficut
791 869 1067 904 Christianiffimo

121 922 289 966 Principi,
313 922 451 966 &cujus
460 922 674 957 devotionem
692 922 800 956 sumus
820 920 854 955 in
874 919 1004 964 urgenti
1017 930 1068 953 ne-

121 972 264 1009 ceffitate
274 972 420 1016 experti,
447 972 482 1006 in
493 971 649 1007 omnibus
664 996 675 1012 ,
705 970 866 1016 quantum
887 980 963 1004 cum
990 971 1065 1004 Deo

119 1023 283 1066 &justitia
297 1022 481 1066 possumus,
506 1023 627 1056 deferre
637 1031 785 1056 tenemur
805 1045 817 1061 ,
843 1022 878 1055 δε
893 1031 991 1064 quem
1019 1020 1066 1053 in—

121 1082 171 1109 ter
181 1073 264 1108 alios
275 1073 444 1116 Principes
454 1071 555 1106 Orbis
564 1073 722 1115 praecipua
734 1071 768 1106 in
791 1071 943 1105 Domino
964 1068 1065 1103 chari-

122 1134 191 1158 tate
201 1123 390 1167 diligimus,
418 1122 452 1156 &
465 1123 604 1167 quadam
616 1122 743 1165 speciali
767 1121 968 1166 prerogativa
988 1118 1065 1153 dile-

123 1172 242 1207 &ionis
261 1172 482 1216 ampleffimur
500 1195 512 1211 ,
537 1171 681 1215 precibus
704 1172 876 1210 inclinati,
900 1171 933 1204 &
954 1169 1067 1203 utrius-

123 1234 187 1266 que
199 1222 296 1265 pattis
308 1221 492 1260 laboribus,
516 1222 550 1256 δε
560 1221 705 1265 expenfis
716 1232 843 1264 parcere
859 1220 1028 1262 cupientes
1054 1240 1065 1257 ,

125 1273 278 1316 personas
299 1272 341 1305 de
359 1272 459 1305 latere
480 1271 591 1305 nostro
613 1271 653 1304 ad
675 1270 817 1313 ejusdem
835 1269 939 1312 Regis
950 1277 1066 1300 terram

121 1320 278 1357 duximus
295 1319 500 1354 destinandas
519 1343 531 1359 ,
569 1330 646 1353 cum
668 1315 873 1362 plenitudine
893 1316 1064 1360 potestatis

114 1368 250 1406 husam
262 1369 355 1403 istam
367 1394 379 1410 ‚
402 1368 436 1402 δι
447 1368 546 1409 alias,
572 1379 651 1413 quas
660 1366 810 1412 expedire
825 1366 1041 1412 cognoverint
1055 1390 1067 1407 ,

121 1418 299 1460 audiendi,
323 1419 357 1452 ὅ(
377 1429 473 1462 prout
498 1418 554 1452 sibi
576 1418 742 1452 Dominus
760 1415 1031 1452 administraverit
1056 1440 1068 1457 ,

121 1467 282 1505 canonice
306 1468 525 1502 terminandi.
551 1468 717 1515 Quocirca
738 1467 932 1502 fraternitati
956 1466 1064 1500 vestrae

123 1531 179 1565 per
191 1518 382 1562 Apostolica
393 1519 509 1562 scripta
530 1518 745 1558 mandamus,
770 1527 931 1561 quatenus
951 1516 1028 1550 cum
1049 1516 1067 1548 a

121 1568 279 1615 prandistis
297 1569 441 1612 personis
468 1577 597 1612 propter
618 1567 684 1602 hoc
704 1567 830 1602 fueritis
849 1567 1002 1606 evocati,
1027 1565 1068 1599 ad

122 1619 255 1656 illorum
267 1618 464 1662 praesentiam
472 1618 634 1652 accedatis
647 1641 658 1656 ,
667 1617 701 1651 &
715 1616 805 1660 quod
818 1618 900 1650 inter
911 1625 968 1650 vos
979 1615 1068 1649 exin-

122 1670 164 1705 de
175 1667 412 1711 judicaverint,
437 1667 783 1710 suscipiatisfirmiter,
805 1666 998 1700 &servetis.
1020 1664 1071 1697 ln-

124 1720 219 1759 terim
229 1727 339 1751 autem
350 1741 362 1757 ,
387 1717 409 1749 sa
423 1716 566 1760 aliquam
576 1717 617 1751 de
627 1715 771 1759 personis
789 1715 856 1749 illis
867 1739 879 1756 ‚
904 1726 983 1758 quas
993 1725 1065 1748 me-

124 1777 273 1803 moratus
293 1764 591 1809 Archi-Episcopus
617 1763 976 1798 excommunicationis
996 1764 1070 1795 sen-

125 1817 228 1852 tentia
238 1814 433 1852 innodavit,
459 1823 550 1846 metu
567 1812 840 1846 mortislaborate
852 1811 1031 1855 contigerit
1058 1835 1069 1851 ,

123 1865 262 1901 eundem
280 1863 322 1898 ab
341 1862 452 1907 aliquo
472 1862 612 1896 vestrum
636 1860 692 1903 qui
704 1860 918 1905 propinquior
935 1859 1033 1895 fuerit
1057 1885 1069 1900 ,

125 1923 258 1959 accepto
267 1913 450 1958 juramento
461 1935 473 1952 ,
498 1910 589 1956 quod
602 1909 713 1945 nostro
723 1912 815 1955 super
834 1909 923 1951 hoc,
949 1911 971 1943 si
992 1921 1067 1944 con-

126 1965 284 2003 valuerit,
305 1962 421 1998 debeat
433 1973 543 2007 parere
553 1959 728 2000 mandato,
755 1960 806 1995 vel
828 1959 869 1995 ab
892 1960 960 1994 alio
980 1960 1068 1994 Reli-

124 2016 223 2061 gioso
233 2036 245 2055 ,
258 2014 291 2048 &
302 2013 441 2048 discreto
454 2011 539 2046 Viro
550 2010 727 2045 secundnm
739 2010 910 2053 praescripti
921 2019 1067 2044 tenorem

124 2063 250 2100 absolvi
262 2062 499 2102 concedimus,
524 2061 570 2094 ita
581 2072 688 2095 tamen
703 2060 793 2104 quod
817 2070 927 2094 coram
948 2069 1070 2093 memo·

126 2116 203 2150 ratis
214 2113 379 2157 personis,
402 2123 478 2146 cum
490 2111 659 2155 praesentes
670 2111 789 2144 fuerint
800 2134 811 2150 ,
838 2110 871 2142 se
889 2109 1002 2152 jurasse
1012 2119 1069 2143 co·

125 2165 262 2210 gnoscat
272 2189 280 2199 .
307 2164 433 2199 Datum
446 2161 597 2197 Laterani
609 2159 766 2194 Kalendis
778 2158 968 2194 Decembris
977 2183 986 2192 .

334 2259 747 2296 EPlsvToLA
797 2257 870 2295 IV.

179 2360 325 2398 Thomae
349 2359 577 2395 Cantuarienfi
605 2357 910 2403 Archi-Episcopo
935 2357 1020 2393 Otto

495 2407 697 2443 Cardinalis.

129 2510 259 2546 Amabat
285 2513 375 2544 Patri
398 2534 409 2550 ,
434 2510 469 2544 <e
496 2513 609 2542 Fratri
632 2507 804 2549 Chariffimo
831 2506 951 2542 Thomae
974 2531 988 2548 ,
1015 2509 1071 2539 Dei

173 2565 279 2607 gratia
304 2558 512 2600 Cantuarienfi
535 2559 779 2601 Archi-Eplfiopo
810 2582 820 2598 ,
858 2562 930 2592 Otto
964 2557 1068 2591 eadem

172 2616 280 2656 grana
302 2609 417 2653 sanHae
442 2613 586 2642 Romanae
613 2607 747 2649 Ecclefiae
773 2611 923 2642 Draconus
959 2609 1072 2642 cardr-

177 2661 282 2701 nalis,
304 2661 341 2695 Θ
365 2658 529 2702 apostolice
553 2659 641 2692 sedis
669 2661 821 2702 Legatus,
840 2656 991 2701 salutem.
1037 2679 1039 2681 -

237 2758 544 2796 oTlFchMUs
571 2756 757 2792 chariffimae
767 2755 934 2791 dilectioni
952 2757 1074 2797 vestrae,

260 2811 348 2855 quod
362 2822 402 2844 ex
416 2811 572 2844 mandato
585 2808 726 2842 Domini
738 2806 830 2852 Papae
841 2806 1052 2851 procedentes
1064 2830 1075 2846 ‚

133 2874 189 2906 per
199 2862 348 2896 infidiosa
361 2861 394 2895 &
409 2859 586 2905 plurimum
600 2857 778 2903 periculosa
794 2859 868 2893 loca
885 2882 896 2899 ,
924 2859 1024 2901 usque
1034 2856 1074 2890 ad
1127 2874 1130 2879 »

136 2911 312 2946 Venetiam
330 2911 485 2946 Domino
510 2909 651 2944 ducente
673 2909 876 2952 pervenimus
893 2933 904 2950 ,
932 2908 1075 2942 inimicis

138 2961 253 2995 nostris
265 2961 408 3005 undique
421 2962 454 2994 in
467 2960 591 2995 insidiis
610 2958 867 2993 excubantibus:
896 2959 1020 2992 Eorum
1034 2958 1075 2991 la-

135 3011 212 3055 quei
222 3011 521 3045 Dominofaciente
531 3010 663 3044 contriti
677 3010 749 3043 sunt
763 3034 772 3049 ,
807 3010 840 3044 ὅ(
863 3019 923 3042 nos
946 3008 1073 3042 liberati

138 3063 262 3095 sumus.
291 3059 475 3095 AVenetia
485 3071 595 3095 autem
609 3072 675 3093 non
700 3060 807 3101 clam,
834 3059 888 3093 sed
906 3058 1075 3093 manifeste

135 3121 214 3146 cum
227 3109 368 3153 plurimo
377 3111 498 3153 gaudio
509 3111 543 3145 &
556 3109 752 3144 Amicorum
774 3109 956 3144 nostrorum
970 3108 1075 3143 multo

138 3160 279 3199 solatio,
306 3170 360 3202 per
372 3159 567 3202 Mantuam,
593 3161 627 3195 &
651 3172 704 3204 per
726 3160 892 3194 Veronam
905 3185 917 3201 ,
946 3170 999 3203 per
1020 3159 1076 3191 Pa-

137 3211 234 3244 triam
247 3209 389 3243 nostram
411 3208 556 3244 Brixiam
569 3236 579 3252 ,
598 3210 652 3244 ubi
666 3211 841 3254 plurimum
857 3211 978 3244 fuimus
987 3220 1074 3242 com·

139 3260 280 3298 morati,
307 3271 361 3303 per
383 3257 577 3302 Pergamum
605 3285 616 3300 ,
656 3272 711 3303 per
729 3261 964 3295 Mediolanum
984 3260 1075 3303 juxta

139 3308 341 3349 Novariam,
367 3320 422 3353 per
443 3307 608 3343 Vercellas
626 3309 715 3351 Juxta
735 3311 923 3346 Taurinum
948 3335 959 3351 ,
987 3321 1075 3343 tran-

136 3361 265 3393 seuntes
275 3358 423 3401 usquead
447 3360 586 3392 sanctum
611 3359 809 3396 Michaelem
833 3362 874 3396 de
894 3361 991 3395 Clusa
1006 3384 1015 3399 ,
1042 3363 1075 3396 ἀ

136 3409 259 3445 exinde
270 3419 325 3454 per
338 3407 547 3444 Provinciam
557 3410 657 3454 usque
669 3409 709 3446 ad
730 3412 873 3447 sanctum
897 3410 1078 3459 AEgidium

1131 164 1314 201 incolumes
1331 164 1367 198 ἀ
1389 163 1698 208 inlaesi-pervenimus
1716 196 1727 212 ‚
1754 171 1830 208 inde
1847 171 1889 209 ad
1911 174 2069 214 Mentem

1129 215 1335 252 Pessulanum
1346 214 1523 249 transituri.
1539 215 1704 253 Veniente
1715 222 1867 259 Domino
1878 231 1933 263 W
1933 251 2068 262 .......

1129 267 1252 302 Amico
1276 265 1402 306 vestro,
1427 264 1470 299 ad
1490 264 1570 299 alias
1591 276 1695 308 partes
1718 292 1729 308 ,
1763 274 1840 308 ficus
1863 275 2027 311 credimus
2054 303 2065 318 ²

1128 327 1223 362 prout
1234 327 1292 351 vos
1302 315 1438 351 novistis
1450 339 1462 355 ‚
1484 325 1583 357 quem
1597 317 1765 352 Dominus
1778 321 1864 366 Papa
1878 325 2067 368 destinavit,

1129 367 1319 412 profecturi,
1347 365 1509 401 mittimus
1519 365 1560 400 ad
1575 377 1633 400 vos
1654 366 1821 403 Clericum
1841 375 1984 411 nostrum
1998 388 2069 421 prm-

1127 418 1267 452 sentium
1278 418 1437 458 latorem,
1462 417 1515 450 cui
1527 417 1621 460 super
1638 414 1689 451 his
1699 440 1710 456 ‚
1735 429 1808 462 quae
1833 421 1925 456 vobis
1945 437 1987 460 ex
2001 437 2070 471 paf-

1126 479 1158 503 te
1169 467 1278 503 nostra
1290 467 1411 502 dixerit
1422 490 1434 507 ‚
1457 466 1617 510 tanquam
1632 467 1728 501 nobis
1748 469 1824 512 ipsis
1844 469 1980 507 firmiter
2002 488 2073 511 cre.

1123 517 1208 552 datis
1229 542 1241 559 ,
1275 519 1308 552 δι
1329 516 1420 561 quod
1442 515 1539 551 nobis
1562 517 1742 561 significare
1765 519 1933 555 volueritis
1954 544 1966 561 ,
2000 533 2073 559 tan-

1125 569 1222 614 quam
1234 580 1289 613 pet
1300 566 1532 613 vosmetipsum
1541 567 1765 605 indubitanter
1776 571 1976 606 renuncietis
1984 596 1993 604 .

1348 692 1764 754 EntsToLA
1815 719 1863 755 v.

1199 815 1321 866 Tbomae
1331 815 1541 859 Cantaurienfi
1547 817 1635 852 Archi
1645 836 1655 844 -
1666 817 1811 862 Episcopo
1830 823 1862 853 V
1860 845 1998 855 .......

1354 867 1544 910 Bituricenfis
1567 868 1829 919 Archi-Dicitanus
1842 894 1850 902 .

1209 1016 1426 1053 rrTl-:RAS
1451 1017 1660 1054 sublimitatis
1671 1018 1780 1054 vestrae
1803 1020 1944 1064 suscepi,
1971 1021 2078 1055 conti-

1237 1078 1351 1102 nentes
1375 1079 1433 1102 vos
1453 1068 1607 1104 admirari
1636 1095 1648 1111 ,
1687 1071 1847 1113 quoniam
1869 1071 1911 1106 de
1934 1070 2077 1105 adventu

1128 1118 1355 1155 Cardinalium
1369 1117 1454 1153 nihil
1466 1131 1523 1164 per
1533 1131 1586 1154 me
1609 1119 1702 1155 vobis
1723 1121 1871 1155 innotuit
1886 1146 1897 1153 .
1927 1119 1997 1167 Qi
2019 1120 2077 1155 nisi

1128 1173 1172 1205 ita
1195 1169 1318 1204 subitus
1339 1169 1417 1204 esset
1438 1194 1450 1210 ,
1487 1169 1576 1213 quod
1611 1169 1751 1214 praescire
1775 1182 1842 1204 non
1873 1170 2037 1214 potuerim
2063 1192 2077 1210 ,

1127 1220 1224 1263 quam
1236 1218 1433 1253 libentius&
1450 1218 1625 1260 jucundius
1638 1220 1732 1255 vobis
1753 1222 1970 1266 significarem
1982 1245 1994 1261 ,
2020 1231 2076 1254 no-

1127 1270 1173 1303 vit
1185 1269 1243 1302 ille
1253 1269 1311 1311 qui
1323 1267 1420 1301 corda
1432 1269 1636 1302 scrutatur&
1649 1280 1743 1303 renes
1755 1295 1763 1301 .
1791 1271 1867 1314 Ego
1881 1281 1990 1304 autem
2005 1294 2016 1311 ,
2040 1278 2078 1303 ut

1127 1317 1283 1352 Amicum
1293 1315 1407 1354 decet,
1433 1327 1491 1359 pro
1514 1316 1609 1351 vobis
1628 1318 1812 1358 sollicitus,
1839 1319 1988 1362 quamvis
2011 1318 2079 1353 alio

1126 1369 1242 1402 itinere
1254 1365 1443 1411 praepeditus
1455 1366 1582 1401 fuiffem
1595 1391 1606 1408 ,
1630 1367 1718 1411 apud
1731 1367 1884 1403 Castrum
1904 1367 2077 1412 Radulphi

1124 1416 1259 1453 obviam
1270 1417 1317 1451 eis
1327 1417 1478 1457 occurri,
1504 1415 1660 1461 diligenti
1682 1416 1723 1452 ab
1745 1419 1793 1452 eis
1817 1420 2004 1462 perquirens
2017 1418 2081 1452 stu·

1126 1468 1205 1509 dio,
1231 1477 1304 1501 tum
1327 1466 1482 1507 seorsim,
1509 1475 1581 1500 tum
1603 1469 1826 1502 communiter
1851 1493 1876 1513 ²,
1897 1468 1995 1510 quam
2019 1478 2080 1511 pro

1127 1517 1221 1552 vobis
1232 1526 1288 1550 aut
1298 1526 1414 1550 contra
1438 1526 1496 1550 vos
1519 1515 1710 1559 potestatem
1737 1517 1771 1550 in
1795 1517 1968 1551 Mandatis
1989 1527 2080 1551 acce-

1130 1567 1264 1610 pissent.
1293 1566 1448 1608 Denique
1465 1565 1545 1599 ficut
1566 1567 1664 1599 unius
1689 1565 1792 1600 relatu
1808 1566 1967 1609 conjeci,
1992 1566 2081 1600 &ex

1127 1615 1243 1651 litteris
1265 1616 1428 1658 utriusque
1437 1615 1568 1649 oculata
1590 1615 1654 1649 fide
1677 1618 1825 1660 percepi,
1854 1615 2080 1661 nihilprorsus

1127 1678 1242 1701 contra
1255 1677 1332 1706 vos,
1361 1665 1414 1699 sed
1427 1664 1536 1708 potins
1550 1673 1552 1675 ’
1558 1676 1618 1707 pro
1636 1665 1730 1698 vobis
1751 1666 1798 1699 eis
1813 1667 1999 1710 permissum
2012 1667 2058 1702 est
2070 1691 2077 1698 .

1131 1715 1286 1750 Praeterea
1298 1715 1376 1748 inde
1385 1724 1494 1747 tamen
1516 1713 1689 1746 occasione
1708 1725 1842 1756 accepta
1868 1718 1948 1759 caepi
1969 1718 2083 1761 sugge-

1133 1775 1200 1798 rere
1209 1765 1278 1803 eis,
1304 1772 1341 1796 ut
1359 1761 1565 1796 omnimodis
1587 1772 1823 1805 praecaverent,
1851 1775 1892 1797 ne
1915 1765 1950 1799 in
1965 1765 2087 1799 Domi·

1132 1823 1211 1846 num
1225 1812 1353 1856 Regem
1368 1812 1572 1846 Francorum
1583 1837 1594 1853 ,
1621 1822 1676 1846 aut
1690 1812 1724 1846 in
1738 1815 1896 1859 Regnum
1909 1815 1978 1858 ejns
1992 1840 2003 1856 ‚
2032 1816 2085 1850 vel

1132 1864 1232 1898 etiam
1246 1863 1280 1896 in
1292 1862 1388 1896 vobis
1398 1861 1524 1905 aliquid
1537 1861 1733 1897 molirentur
1742 1887 1753 1902 ,
1781 1864 1970 1900 reducendo
1982 1866 2030 1900 eis
2044 1866 2087 1901 ad

1133 1914 1346 1952 memoriam,
1375 1913 1473 1954 quam
1485 1912 1566 1956 aegre
1577 1912 1747 1947 Dominus
1774 1913 1850 1948 Rex
1874 1915 1986 1950 tulerit
1997 1915 2087 1950 abso·

1134 1963 1294 1997 lutionem
1307 1962 1394 1995 illius
1405 1963 1541 2005 joannis
1555 1962 1595 1995 de
1620 1963 1824 1998 oxeneford.
1852 1963 1919 1998 Cui
1944 1966 2041 1999 misso
2068 1966 2088 2000 ὶ

1133 2013 1227 2057 Rege
1249 2011 1436 2056 Anglorum
1457 2021 1534 2045 cum
1558 2011 1749 2057 Reginaldo
1776 2013 2049 2050 Archi-Diacono
2070 2041 2083 2057 ,

1133 2062 1167 2095 in
1181 2061 1319 2096 introitu
1333 2061 1427 2104 ipsius
1438 2061 1546 2095 Curiae
1565 2061 1642 2096 cum
1669 2062 1754 2098 forte
1773 2063 1941 2099 obviarem
1955 2089 1965 2105 ,
1989 2065 2045 2109 ipsi
2073 2091 2085 2107 ,

1133 2110 1267 2155 inquam
1284 2135 1295 2151 ,
1322 2111 1534 2154 praetendenti
1561 2112 1713 2147 osculum
1754 2113 1840 2158 prius
1877 2115 2039 2160 denegavi
2070 2140 2082 2157 ,

1133 2160 1306 2205 quaerendo
1318 2161 1352 2194 in
1367 2160 1501 2204 publico
1511 2173 1552 2196 an
1566 2166 1876 2199 excommunicatus
1898 2166 1975 2199 effer
1989 2192 1996 2198 .
2023 2166 2087 2202 Sed

1132 2211 1212 2255 quid
1225 2211 1354 2251 mirum,
1369 2211 1393 2243 -fi
1409 2210 1572 2245 erubuerit
1585 2214 1691 2247 versus
1705 2214 1738 2247 in
1750 2213 1951 2251 cachinnum
1963 2216 1981 2248 ἔ
1991 2216 2088 2251 Tan·

1132 2261 1208 2301 dem
1217 2260 1260 2294 ab
1271 2260 1343 2303 ipfis
1355 2260 1488 2304 Legatis
1498 2285 1510 2302 ,
1522 2261 1603 2295 dum
1614 2264 1817 2306 recederent,
1828 2267 1940 2310 accepi
1958 2289 1970 2306 ,
1994 2264 2085 2311 quod

1131 2309 1231 2346 etiam
1251 2310 1274 2343 si
1299 2321 1415 2344 contra
1434 2321 1512 2351 vos,
1526 2311 1626 2354 quod
1649 2313 1751 2355 absit,
1778 2316 1970 2359 potestatem
1995 2328 2087 2351 acce·

1132 2362 1270 2405 piffent,
1299 2370 1486 2403 promptum
1497 2361 1669 2402 animum,
1694 2363 1903 2410 inquantum
1926 2367 2084 2406 faseffet,

1132 2412 1165 2445 &
1177 2411 1332 2445 devotam
1344 2409 1426 2445 stare
1439 2422 1498 2455 pro
1511 2410 1604 2446 vobis
1615 2423 1762 2457 gererent
1775 2416 1981 2450 voluntatem
1991 2438 2006 2449 .-
2031 2418 2086 2451 De

1133 2470 1249 2496 caetero
1260 2458 1350 2505 quod
1361 2460 1453 2495 vobis
1466 2461 1623 2505 placuerit
1642 2486 1654 2502 ‚
1679 2474 1735 2506 per
1755 2465 1957 2507 praesentium
1986 2466 2086 2500 Lato-

1134 2523 1218 2597 “32⁴1
1212 2511 1368 2569 resignate
1380 2510 1463 2546 mihi
1473 2536 1486 2554 ,
1510 2512 1546 2547 in
1557 2511 1714 2547 omnibus
1725 2513 1758 2548 δε
1778 2524 1832 2558 per
1840 2515 1956 2548 omnia
1966 2525 2083 2559 parato

1133 2573 1154 2597 0
1220 2572 1267 2597 ire
1277 2585 1287 2595 .

1332 2708 1744 2746 EPISTOLA
1805 2710 1876 2747 VI.

1181 2810 1327 2845 Thomae
1338 2808 1568 2894 Cantuar12nsi
1579 2861 1586 2868 ⁸
1592 2809 1884 2894 1{Uchi—litpiscopo
1896 2811 2033 2857 quidam
2101 2811 2103 2815 ‘

1523 2872 1587 2895 am!
1606 2872 1680 2896 lans
1701 2887 1710 2894 .

1131 2979 1133 2982 .
1185 2964 1311 2994 Domino
1325 2957 1380 3003 suo
1395 2955 1468 3003 sum
1489 2961 1533 2995 ad
1549 2966 1649 2996 omnia
1665 2961 1794 3006 salutem
1817 2987 1829 3004 ,
1852 2974 1945 3006 quam
1960 2961 2033 3005 fibi.

1210 3107 1402 3145 ROXlMA
1423 3110 1560 3155 'quinta
1583 3111 1664 3145 feria
1689 3111 1760 3155 post
1795 3114 1943 3148 octavam
1978 3110 2084 3147 Sanffl

1232 3160 1371 3195 Martini
1386 3171 1549 3194 venerunt
1561 3161 1752 3196 Cardinales
1763 3164 1803 3198 ad
1828 3163 1986 3198 Beccense
2008 3163 2084 3196 Mo·

1138 3210 1335 3252 nassei-ium,
1359 3211 1503 3255 sequenti
1526 3211 1581 3244 die
1606 3211 1793 3247 Lexovium
1815 3238 1826 3253 ,
1851 3214 1944 3247 tertia
1965 3211 2020 3245 die
2041 3211 2084 3244 ad

1137 3262 1279 3296 sanetum
1293 3261 1426 3295 Petrum
1440 3262 1528 3303 super
1542 3261 1666 3295 Divam
1678 3288 1687 3303 ‚
1702 3273 1814 3307 quarta
1828 3263 1938 3297 idibus
1947 3262 2085 3294 Decem-

1138 3312 1223 3353 bris,
1253 3322 1322 3353 quae
1345 3310 1496 3352 praecedit
1516 3310 1708 3347 Adventum
1736 3312 1899 3351 Domini,
1927 3320 2084 3344 venerunt

1139 3373 1190 3405 per
1218 3357 1432 3406 Argentheon
1447 3385 1455 3392 .
1485 3360 1607 3396 Eadem
1630 3361 1682 3396 die
1708 3363 1849 3396 occurrit
1873 3362 1919 3394 eis
1937 3361 2009 3394 Rex
2029 3371 2085 3403 per

1139 3413 1218 3447 duas
1245 3413 1351 3446 leucas
1374 3433 1387 3451 ‚
1414 3409 1550 3446 hilarem
1575 3413 1624 3447 eis
1648 3412 1775 3447 vultum
1812 3410 1974 3446 exhibens
2011 3434 2022 3450 ,
2050 3410 2085 3443 &

1919 3469 2040 3496 Utsum·
