2358 3776
318 130 386 183 '46

250 203 322 250 post
336 202 445 249 gravia
454 198 599 246 graviora
611 223 621 241 ‚
647 198 686 235 ad
699 198 797 235 altare
819 198 1004 244 proximum
1019 196 1150 232 divertit
1179 223 1189 239 ‚

250 252 319 299 quo
332 255 435 298 plures
445 263 484 284 ex
496 250 644 285 fratribus
656 252 727 285 vitae
738 261 918 285 metuentes
934 251 1150 293 confugerant
1181 273 1191 288 ‚

251 306 429 339 nescientes
452 303 547 346 aquo
569 302 731 345 percussus
752 301 872 335 fuerat.
899 300 961 334 Sed
985 300 1025 334 de
1054 299 1190 333 authore

252 354 393 388 vulneris
407 350 621 394 conjicimus,
649 351 681 385 id
693 351 736 385 est
748 376 758 392 ,
786 351 1002 394 suspicamur,
1027 350 1104 393 quia
1119 350 1202 388 wib,

252 402 380 438 helinus
390 404 430 437 de
441 401 542 436 Traci
556 400 835 444 Coeperatoribus
847 401 911 434 suis
933 400 1017 442 apud
1041 400 1191 433 Castrum

249 452 440 492 Salwerde,
467 452 625 496 quantum
650 452 785 494 quisque
809 450 985 484 saeviffetin
1007 449 1189 491 Martyrem

247 502 461 537 referentibus
474 526 483 541 ,
512 501 672 544 scelusque
687 503 776 535 suum
789 500 1005 543 Jaoantibus,
1031 498 1150 533 dixerit
1162 501 1192 533 se

249 553 347 588 etiam
382 550 549 589 brachium
568 551 702 595 Joannis
726 549 966 586 Saresberiensis
988 549 1160 593 praecidisse
1187 574 1194 580 .

249 603 313 641 Sed
328 604 360 637 ὃς
372 614 457 637 unus
469 602 508 636 de
520 602 687 643 fratribus,
714 601 797 635 circa
810 601 938 635 Patrem
953 626 964 642 ,
990 599 1095 634 studio
1107 610 1192 633 com·

248 653 402 697 pastionis
425 653 632 693 obversatur,
663 653 762 686 istum
788 651 940 695 pertulit.
970 649 1094 684 Verum
1123 661 1191 684 ora-

250 703 302 739 tio
314 703 393 740 boni
406 701 547 737 Pastoris
561 702 705 737 obtinuit
719 727 730 743 ,
756 711 791 735 ut
815 711 913 745 grege
926 711 991 734 non
1007 699 1172 734 diminuto
1184 722 1194 738 ,

248 751 316 796 ipse
328 754 411 788 solus
423 751 645 787 occumberet.
679 750 784 787 Unde
795 752 894 794 plano
907 750 1008 796 gladii
1031 752 1192 794 perculius

246 812 342 846 caput
356 805 535 837 attonitum
548 802 739 845 reportavit.

265 881 268 885 .
452 853 488 888 H
517 852 545 886 E
569 852 600 887 R
629 853 643 886 l
669 852 695 885 Β
724 851 750 884 Ε
778 850 808 885 R
835 850 873 884 T
900 850 939 886 U
966 852 1008 885 S.

296 902 530 939 SENTIENS
557 903 665 945 itaque
688 901 841 937 Sacerdos
863 900 918 935 ille
938 899 1105 935 altissimns
1117 923 1129 940 ,
1163 901 1194 934 se

250 952 358 997 ipsum
371 952 744 993 Altiffimoimmolans‚
771 951 1037 986 immolationem
1059 951 1123 994 jam
1139 952 1192 984 in„

250 1001 426 1044 ohoaram,
453 1013 520 1038 tam
541 1001 689 1047 aquiloni
725 1001 870 1047 regionis
897 1012 1058 1045 corpote,
1096 1003 1191 1045 quani

249 1063 328 1086 vero
338 1052 484 1097 aquiloni
498 1064 604 1088 mente
619 1053 802 1096 oppositus,
827 1052 981 1086 attollens
1002 1050 1035 1084 in
1058 1050 1190 1085 Coelum

245 1102 383 1143 oculos,
408 1102 605 1147 genuflexo,
632 1103 666 1137 ἃ
688 1101 812 1136 orantis
833 1100 956 1141 modo,
981 1100 1097 1143 junctis
1118 1112 1193 1135 ante

244 1151 420 1194 manibus,
448 1153 618 1198 intemplo
646 1150 872 1196 antelucana,
898 1150 1020 1188 obtulit
1045 1151 1190 1195 seipsum

246 1201 390 1237 hostiam
412 1205 520 1238 vivam
549 1205 643 1239 Deo.

439 1253 468 1286 B
497 1254 524 1287 E
551 1254 586 1287 N
614 1254 643 1287 E
669 1254 704 1287 D
731 1253 746 1287 1
772 1253 803 1289 C
831 1253 868 1287 T
898 1254 937 1289 U
964 1253 994 1287 S.

296 1303 362 1337 ET
387 1302 550 1338 inclinato
561 1304 668 1347 capite
693 1304 824 1338 secundi
837 1304 977 1338 vulneris
995 1301 1189 1347 praestolaba-

243 1363 297 1388 tur
306 1353 483 1388 adventum
498 1378 505 1387 .
533 1352 686 1388 Secundo
697 1353 773 1387 vero
795 1355 928 1388 vulnere
952 1353 1050 1397 capiti
1062 1353 1129 1396 ejus
1143 1354 1190 1386 in-

242 1403 359 1444 filtro,
385 1405 471 1438 tersio
482 1413 619 1447 corpore
644 1404 730 1447 quasi
750 1402 792 1438 ad
813 1406 995 1438 orationem
1016 1403 1194 1447 prostratus

242 1454 279 1487 in
301 1463 416 1487 terrain
440 1453 587 1488 corruit.
621 1451 755 1487 Tertius
780 1462 889 1488 autem
916 1454 1088 1496 plurimam
1106 1453 1191 1487 testae

241 1503 431 1547 portionem
450 1502 654 1546 amputando
663 1503 783 1536 vulnus
799 1503 977 1546 praecedens
989 1502 1189 1536 horribiliter

241 1552 429 1595 ampliavit.
454 1552 602 1598 Qartus
610 1562 717 1585 autem
731 1551 772 1585 ab
781 1562 851 1586 uno
864 1562 979 1586 eorum
989 1551 1078 1594 quod
1092 1553 1122 1585 se
1147 1562 1189 1585 ne

242 1603 383 1637 tardaret
393 1609 559 1645 correptus
569 1625 580 1642 ,
606 1600 640 1634 iri
654 1600 741 1634 idem
756 1599 873 1634 vulnus
884 1600 918 1634 in
932 1611 1030 1633 manu
1041 1601 1190 1643 gladium

244 1652 383 1686 vibravit
404 1675 415 1691 ,
441 1651 619 1696 gladioque
640 1648 674 1682 in
698 1650 889 1692 pavimento
912 1660 1094 1684 marmoreo
1114 1660 1190 1683 con-

240 1702 361 1742 fracto,
387 1710 454 1734 tam
463 1699 628 1741 cuspidem
642 1720 654 1736 ,
679 1698 777 1740 quam
790 1699 892 1740 gladii
914 1699 960 1730 sui
971 1700 1124 1740 capulum
1146 1710 1190 1732 re-

242 1751 341 1796 liquit
354 1748 518 1783 Ecclefiae.
539 1746 687 1789 Satisque
697 1746 826 1780 veritati
836 1756 1019 1791 congruum
1032 1748 1094 1780 esse
1106 1746 1192 1780 vide·

240 1811 353 1840 retur,
378 1797 467 1844 quod
488 1808 557 1832 non
582 1795 666 1830 nihil
685 1806 734 1829 res
754 1796 812 1830 ista
835 1794 1034 1839 protenderit
1059 1821 1066 1828 .
1096 1795 1190 1842 Qiid

225 1882 228 1885 ,
244 1852 340 1886 enim>
348 1849 451 1894 gladii
465 1845 736 1883 Adversariorum
747 1845 927 1886 consraffio
944 1870 956 1886 ,
984 1845 1041 1879 nisi
1054 1846 1191 1889 potessa-

243 1901 287 1938 εἰς
298 1899 433 1934 adversae
444 1896 659 1939 dejestionem
672 1906 779 1929 veram
794 1919 804 1935 ,
829 1896 863 1929 δι’.
884 1893 1113 1940 triumphalem
1136 1907 1191 1939 per

242 1953 434 1995 sangninem
458 1946 637 1988 Martyris,
668 1945 815 1978 Ecclefiae
838 1946 961 1990 signare
975 1946 1125 1979 videntur
1145 1947 1191 1979 vi·

241 2000 398 2035 istoriam?
425 1996 496 2038 Nec
508 1995 652 2029 sufficere
664 1994 834 2028 videbatui·
844 1995 951 2029 eidem
966 1994 1038 2029 filio
1051 1994 1191 2034 sathanae

241 2052 278 2087 in
290 2051 354 2085 Dei
372 2045 579 2083 Sacerdotem
589 2052 718 2078 tantum
735 2046 920 2086 perpetrafle
930 2045 1093 2088 flagitium
1106 2069 1118 2084 ,
1145 2046 1190 2078 ni-

242 2103 267 2137 si
279 2102 401 2138 etiam,
422 2095 512 2141 quod
529 2094 615 2129 disto
630 2092 787 2131 horribile
796 2094 841 2127 est
857 2118 868 2133 ,
897 2093 1011 2136 injecto
1023 2096 1057 2127 in
1070 2094 1189 2128 sanstis—

244 2152 360 2188 fimum
389 2156 486 2192 caput
497 2146 564 2190 ejus
582 2143 714 2190 gladio,
739 2143 895 2178 defuncto
915 2143 1077 2178 cerebrum
1095 2144 1190 2188 ejice—

231 2212 309 2243 «ρς,
337 2201 372 2237 ὄρ
385 2210 436 2243 per
451 2197 671 2242 pavimentum
685 2193 902 2229 crudelissime
918 2195 1074 2238 spargeret
1089 2218 1100 2234 ,
1128 2196 1190 2228 sce·

239 2253 315 2289 letis
323 2250 464 2294 ejusdem
476 2246 685 2293 participibus
696 2246 839 2279 clamans
849 2258 860 2278 .-
874 2246 1009 2277 Mor-tuus
1021 2243 1059 2284 est
1073 2268 1083 2284 ,
1096 2255 1188 2286 quan-

239 2308 335 2340 mnu
346 2311 448 2334 eamus
459 2299 542 2333 binc.
574 2297 681 2335 Unde
692 2295 834 2332 timuisse
848 2294 924 2328 illos
938 2293 1057 2338 conjici
1074 2294 1190 2337 potest,

241 2364 288 2388 ne
301 2354 557 2395 supervenientes
569 2348 672 2392 aliqui
684 2347 723 2382 de
733 2347 828 2381 sancti
844 2345 1001 2390 Martyris
1023 2343 1187 2380 Militibus

241 2403 294 2437 vel
315 2401 447 2436 famulis
473 2399 614 2436 Domini
635 2396 682 2431 sui
720 2398 910 2442 sanguinem
952 2395 1153 2431 vindicarent
1178 2420 1186 2428 .

239 2451 349 2489 Unde
358 2459 517 2486 exeuntes
527 2451 566 2482 de
578 2445 804 2487 Monasterio,
832 2447 910 2481 ficut
931 2447 965 2481 in
986 2447 1092 2490 praelio
1116 2446 1185 2480 fieri

241 2502 347 2544 solet,
373 2501 408 2534 in
422 2500 560 2534 vistoriae
582 2499 708 2542 lignum
731 2496 918 2532 clamabant
926 2510 941 2540 ,-
968 2496 1092 2540 Regales
1112 2496 1184 2527 milr-

242 2547 313 2594 ᾖσι,
340 2551 480 2596 Regales.
509 2548 578 2582 Alii
589 2558 698 2583 autem
710 2547 911 2581 insultabant
936 2545 1105 2582 dicentes.-
1133 2550 1186 2579 Vo«

243 2604 300 2638 luit
313 2602 364 2644 effe
377 2602 444 2633 Rex
454 2623 462 2631 .
486 2599 584 2633 Voluit
594 2599 648 2641 esse
656 2596 815 2642 plusquam
826 2600 895 2636 Rex
908 2622 915 2629 .
946 2598 1034 2630 Mod&
1051 2593 1088 2636 fit
1100 2598 1165 2629 Rex
1177 2620 1187 2635 ‚

243 2648 370 2691 modbfir
380 2652 466 2682 Rex.
497 2647 541 2682 Et
552 2648 585 2681 in
600 2648 663 2682 hoc
675 2647 795 2682 similes
805 2646 869 2680 illis
882 2671 894 2687 ,
917 2648 974 2690 qui
988 2648 1140 2681 Domino
1153 2646 1186 2679 in

245 2701 353 2736 Cruce
364 2697 515 2742 pendenti
529 2696 741 2731 insultabant.
768 2696 1061 2740 Praetereuntesque
1081 2696 1187 2739 capita

245 2753 303 2785 sua
315 2758 506 2789 moventes,
530 2747 564 2782 ἀ
578 2747 661 2781 inter
672 2758 783 2783 caetera
796 2747 966 2783 dicentes.-
995 2749 1086 2780 Dixit
1096 2751 1185 2786 enim,

250 2806 322 2845 qula
329 2799 410 2843 filius
425 2801 481 2831 Der·
488 2796 557 2841 sum
572 2820 580 2828 .

441 2847 478 2880 Η
509 2847 537 2881 Ε
565 2846 597 2880 R
623 2846 639 2879 1
665 2847 693 2880 B
720 2846 749 2881 u
775 2846 808 2880 R
834 2836 873 2879 T
899 2845 938 2881 U
965 2848 1003 2881 s.

297 2895 518 2934 NECDUM
544 2895 893 2940 satiabaturimpietas.
922 2895 1088 2930 Namillis
1101 2907 1183 2940 qua-

248 2959 325 2985 tuor
333 2957 409 2983 cum
423 2947 555 2990 profana
565 2943 698 2990 cohorte
708 2947 763 2979 sua
777 2946 952 2980 Ecclesiam
964 2947 1018 2979 vix
1041 2946 1166 2990 egreffis
1175 2972 1186 2987 ‚

250 3010 336 3037 unus
345 2998 385 3032 de
395 2995 544 3031 Cohorte
553 2995 746 3030 admiranssi
767 2995 831 3038 jam
849 2994 1004 3036 obiisset,
1030 3007 1190 3032 revertens

254 3048 386 3084 accessit
415 3044 566 3090 propius,
589 3046 646 3089 qui
665 3056 703 3080 ut
726 3045 898 3080 certissime
921 3046 1090 3080 nunciaret
1109 3059 1191 3081 mor·

252 3109 347 3135 tuum
360 3121 372 3137 ,
398 3096 454 3139 qui
466 3104 574 3128 tamen
586 3095 652 3138 jam
673 3106 823 3129 mortuus
832 3105 900 3129 erat
914 3119 924 3135 ,
952 3095 1049 3129 nimis
1063 3095 1193 3130 hostili-

254 3160 302 3183 ter
315 3149 414 3182 funus
425 3145 577 3179 infestans
590 3156 692 3178 vacuo
707 3146 820 3179 vertici
835 3155 1024 3178 mucronem
1049 3145 1160 3180 infixit
1185 3171 1192 3178 .

253 3198 310 3233 Ut
332 3195 520 3234 dicebatur,
546 3196 587 3228 de
611 3196 737 3237 praefata
760 3195 816 3228 illa
842 3194 1021 3238 viperarum
1037 3198 1193 3240 progenie

254 3247 419 3282 Robertus
439 3245 479 3279 de
503 3245 587 3278 Broc
611 3244 664 3277 hic
688 3253 775 3279 erat.
815 3243 900 3278 Ecce
923 3243 1085 3278 Robertus
1109 3247 1192 3279 Lon·

257 3297 355 3342 ginus
367 3295 422 3330 hic
432 3295 533 3340 alter,
561 3293 618 3327 nisi
632 3293 706 3337 quia
722 3293 808 3328 certe
828 3295 1002 3338 Longinus
1014 3295 1070 3327 ille
1083 3294 1123 3328 ab
1134 3294 1195 3328 isto

257 3345 449 3391 justificatus
459 3345 502 3380 est
521 3369 528 3375 .
557 3344 619 3378 llle
640 3343 759 3388 quippe
772 3343 932 3377 Ethnicus
954 3345 1034 3378 latus
1054 3345 1195 3378 Domini

257 3394 408 3439 aperuit,
433 3394 489 3426 iste
500 3394 576 3428 vero
592 3392 796 3428 Christianus
806 3391 927 3427 Christi
949 3394 1087 3428 Domini
1113 3395 1197 3437 capi-

254 3447 285 3480 ,ti
298 3441 444 3490 gladium
455 3443 582 3479 infixit.
604 3443 677 3485 *illis
688 3443 834 3479 etiamin
856 3444 1062 3493 immanitate
1073 3444 1198 3479 sceleris

1083 109 1446 161 VITA

1254 198 1355 244 longe
1371 199 1630 243 supereminens,
1657 200 1711 243 qui
1729 198 1852 235 Christi
1875 213 1988 244 crura,
2013 213 2109 249 quern
2133 203 2198 247 jam

1255 249 1367 284 obiisse
1381 251 1525 284 virlerant
1539 275 1549 291 ,
1573 263 1637 285 non
1650 253 1814 296 fregerunt
1827 276 1834 283 .
1863 253 1900 285 ln
1913 254 2065 289 omuibus
2077 266 2205 297 autem,

1255 301 1560 342 quaeinvitstissimus
1583 302 1646 336 Dei
1670 301 1814 342 athleta,
1851 302 1886 335 ὅ(
1905 302 2102 340 admirandae
2123 318 2203 342 con·

1257 350 1378 383 stantiae
1390 352 1519 395 Martyr
1530 351 1737 392 sustinuerat,
1764 351 1805 386 ab
1824 349 1904 385 hora
1921 363 1985 396 qua
2005 354 2124 391 vulnus
2140 357 2204 400 pri-

1257 409 1345 432 mum
1356 401 1509 445 suscepit,
1538 412 1597 436 nec
1609 402 1741 436 verbum
1761 401 1914 446 protulit,
1939 412 1999 440 neo
2022 403 2201 441 clamorem

1256 449 1381 490 emisit,
1407 462 1468 485 nec
1480 453 1641 496 gemitum
1654 452 1774 486 edidit.
1803 452 1846 486 Et
1858 451 1948 496 quod
1967 450 2110 488 maxime
2132 467 2204 490 om-

1257 501 1291 533 ni
1303 500 1390 534 carni
1405 501 1589 537 mirandum
1601 502 1664 543 est,
1691 501 1804 545 utpote
1814 502 1919 537 carnis
1939 512 2058 538 natum
2074 506 2203 548 prorsus

1255 550 1451 585 contrarium
1466 577 1477 593 ,
1502 563 1571 586 non
1580 564 1714 587 manum
1723 562 1780 587 aut
1792 551 1912 587 vestem
1924 553 2076 597 opposuit
2087 555 2203 589 ferieri-

1256 599 1305 639 ti,
1330 601 1383 634 sed
1409 612 1527 645 caput,
1555 601 1850 646 quodinclinatum
1861 602 1979 647 gladiis
1990 605 2203 647 opposuerat,

1254 648 1359 684 donec
1379 652 1623 687 consumaretur
1638 678 1648 692 ,
1674 653 1780 687 tenuit
1801 651 1998 694 immobile,
2024 664 2090 688 tarn
2113 653 2203 689 deni·

1255 710 1318 741 que
1328 724 1339 740 ‚
1366 710 1401 734 ut
1414 702 1597 744 praedictum
1612 703 1675 744 est,
1707 704 1792 737 tedio
1803 712 1940 748 corpore
1954 704 1988 737 in
1999 713 2115 738 terram
2127 715 2204 749 qua-

1255 750 1275 782 fi
1298 749 1347 783 ad'·
1369 753 1550 786 orationem
1573 752 1769 797 prostratus,
1796 764 1864 788 non
1884 753 2000 797 pedem
2020 754 2125 788 movit
2146 764 2206 788 aut

1256 811 1388 834 manum
1413 827 1421 834 .
1460 802 1503 835 Et
1521 801 1563 837 fic
1590 804 1655 837 Dei
1689 801 1812 838 athleta
1831 809 1949 848 quarto
1967 802 2131 838 Kalendas
2156 803 2204 846 Ja-

1257 850 1360 884 nuarii
1388 850 1406 884 a
1426 852 1540 887 saeculo
1555 852 1699 898 migrans
1711 852 1821 888 Coelos
1834 854 1934 888 vidor
1945 853 2111 888 introivit.
2138 851 2200 899 Sed

1254 899 1287 932 δι
1306 898 1371 935 hoc
1391 901 1609 937 admiratione
1633 903 1878 947 dignissimum,
1902 902 1991 947 quod
2014 914 2083 937 non
2102 903 2133 937 ei
2156 903 2204 938 di-

1256 952 1342 984 versa
1366 952 1497 986 vulnera
1520 953 1688 993 inflixere,
1715 953 1766 987 sed
1790 965 1894 989 unum
1917 953 2073 998 idemque,
2086 953 2206 988 vulnus

1255 1000 1445 1043 ampliando
1465 1015 1626 1037 coronam
1639 1003 1707 1046 ejus
1724 1027 1734 1044 ,
1759 1014 1831 1044 quae
1843 1014 1967 1048 magna».
1976 1002 2204 1048 amplitudinis

1253 1061 1336 1091 erat,
1362 1050 1442 1085 sicut
1463 1053 1528 1086 visa
1549 1052 1611 1087 fuit
1626 1077 1638 1093 ,
1652 1052 1716 1087 fere
1736 1050 1958 1092 absciderunt.
1991 1053 2035 1088 Et
2047 1053 2205 1098 Martyris

1254 1101 1388 1145 quidem
1405 1104 1650 1137 consummatio
1662 1103 1704 1137 fic
1715 1109 1781 1137 erat
1791 1126 1800 1136 .
2158 1102 2162 1103 ’

1506 1202 1536 1237 C
1565 1203 1592 1236 A
1623 1200 1650 1235 P
1677 1202 1717 1238 U
1745 1203 1782 1236 T
1809 1202 1946 1237 .X1X.
1969 1216 1972 1219 ·

1336 1302 1431 1336 Altior
1455 1302 1658 1345 Confideratio
1684 1307 1817 1342 Martyrii'
1832 1305 1866 1338 <ir
1888 1311 2116 1348 argumentum.

1556 1400 1941 1446 JOANNES.

1234 1500 1237 1535 Ξ
1301 1501 1332 1535 N
1361 1512 1457 1537 tanto
1470 1502 1543 1537 vero
1555 1503 1942 1547 Divinaedispensationis
1952 1513 2109 1546 munere,
2137 1502 2203 1541 hoc

1235 1554 1237 1578 ἶ
1324 1552 1484 1592 silendum
1499 1565 1566 1588 non
1579 1554 1622 1586 est
1634 1578 1645 1594 ,
1672 1553 1760 1598 quod
1782 1553 1823 1590 ad
1841 1555 1907 1590 Dei
1932 1555 1964 1588 ἀ
1978 1554 2133 1597 Martyris
2154 1554 2206 1588 sui

1323 1602 1462 1646 gloriam
1472 1602 1607 1636 universi
1635 1605 1793 1638 mirantur
1810 1629 1822 1646 ,
1846 1606 1922 1652 quia
1942 1605 1983 1638 fic
2007 1615 2123 1639 omnes
2145 1603 2205 1638 cirh

1248 1652 1448 1686 cumstantiae
1466 1662 1700 1685 concurrerunt
1718 1654 1750 1685 in
1764 1664 1870 1696 agone
1882 1652 2052 1686 pontificis
2064 1678 2075 1693 ‚
2085 1665 2123 1688 ut
2147 1664 2204 1696 pa-

1235 1688 1361 1751 }tientis
1388 1701 1522 1734 titulum
1546 1702 1700 1744 perpetuo
1722 1702 1936 1743 illustrarent,
1960 1701 1994 1735 ὅ(
2016 1704 2204 1747 persequeri—

1234 1751 1333 1804 {tium
1358 1749 1532 1781 revelarent
1554 1750 1755 1790 impietatem
1775 1773 1784 1788 ,
1812 1751 1976 1783 &nomen
2008 1753 2206 1794 sempiterno

1251 1798 1449 1832 macularent
1462 1795 1655 1840 opprobrio.
1684 1798 1716 1830 Si
1728 1799 1817 1831 enim
1830 1800 1979 1840 personas
1993 1797 2048 1834 hic
2061 1801 2139 1835 inde
2155 1802 2204 1834 in·

1252 1850 1334 1882 tueri
1363 1847 1396 1880 δε
1419 1848 1524 1880 metiri
1545 1847 1720 1890 placuerit,
1747 1848 1890 1882 occurrit
1908 1847 1987 1882 hinc
2014 1849 2203 1894 Religiosus

1254 1897 1356 1932 Archi
1368 1914 1378 1921 ·
1392 1896 1571 1940 Episcopus
1590 1921 1602 1938 ,
1641 1898 1877 1932 Britannorum
1911 1897 2038 1933 Primas
2062 1923 2074 1940 ‚
2108 1898 2203 1935 Sedis

1253 1946 1451 1992 Apostolicae
1474 1947 1629 1991 legatus,.
1659 1947 1755 1991 judex
1777 1948 2067 1993 incorruptissimus
2085 1949 2204 1993 utpote

1253 2010 1312 2032 nee
1327 1997 1530 2041 personarum
1542 2005 1692 2041 acceptor
1704 2009 1761 2031 nec
1773 2009 1946 2034 munerum
1959 2023 1970 2039 ,
1996 2000 2126 2034 assertor
2140 2000 2201 2037 Ee-

1251 2047 1428 2081 clesiasticae
1439 2046 1621 2087 libertatis,
1644 2047 1677 2080 ὅ(
1697 2049 1783 2091 quali
1804 2050 2010 2084 turriseresta
2034 2050 2070 2084 in
2084 2050 2207 2086 Hieru-

1253 2098 1348 2131 salem
1361 2105 1476 2130 contta
1490 2094 1605 2130 faciem
1630 2098 1807 2138 Damasci,
1833 2099 2159 2143 malleusimpiorum
2186 2122 2201 2141 ‚

1252 2149 1303 2181 sed
1317 2158 1491 2191 pauperum
1505 2147 1540 2180 ἀ
1550 2149 1758 2181 moerentium
1766 2150 1954 2184 consolator
1965 2175 1974 2183 .
2002 2149 2132 2185 Viderit
2142 2151 2204 2195 qni

1252 2198 1408 2237 voluerit,
1435 2196 1507 2241 quis
1518 2197 1536 2230 ὲ
1548 2198 1682 2241 regione
1717 2198 1891 2240 procedat.
1921 2199 1964 2234 Et
1974 2200 1995 2234 si
2008 2201 2103 2235 causa
2114 2200 2206 2237 Mar-

1250 2258 1352 2290 tyrem
1366 2247 1462 2288 facit,
1494 2246 1583 2290 quod
1604 2247 1685 2280 nulli
1706 2247 1841 2290 sapienti
1862 2250 1955 2283 venit
1978 2250 2012 2283 in
2025 2248 2164 2285 dubium
2190 2274 2203 2291 ‚

1252 2298 1328 2341 quid
1343 2297 1476 2341 justius,
1504 2298 1582 2341 quid
1598 2298 1737 2331 sanctius
1759 2299 1864 2332 caussa
1882 2298 1969 2341 ejus,
1996 2298 2051 2343 qui
2067 2310 2148 2342 opes
2166 2299 2202 2335 δε

1248 2359 1381 2382 omnem
1394 2346 1513 2380 Mundi
1526 2346 1665 2391 gloriam
1678 2370 1688 2386 ‚
1713 2347 1748 2378 δε
1761 2347 1941 2381 amicorum
1959 2350 1993 2382 δε
2014 2349 2116 2383 totius
2146 2361 2202 2385 oo·

1248 2396 1414 2444 gnationis
1427 2397 1631 2430 affectionem
1644 2406 1702 2438 pro
1714 2395 1836 2429 Christi
1849 2406 1960 2430 amore
1967 2407 2200 2439 contemnens,

1249 2449 1385 2482 exilium
1398 2445 1496 2482 subiit
1509 2471 1518 2487 ,
1548 2448 1579 2480 se
1589 2447 1623 2480 ἀ
1634 2445 1707 2479 suos
1722 2455 1837 2480 omnes
1847 2446 1990 2489 periculo
1999 2447 2148 2490 exposuit
2161 2448 2200 2483 ,δι

1250 2498 1450 2542 paupertati,
1475 2495 1713 2531 &evacuandis
1735 2495 1947 2530 abusionibus
1971 2504 2114 2531 veterum
2125 2497 2202 2540 Ty·
2245 2537 2250 2541 .
2282 2514 2291 2529 i

1248 2559 1424 2584 rannorum
1438 2551 1575 2581 certavit
1587 2545 1736 2588 usquead
1750 2556 1889 2580 mortem
1904 2569 1916 2586 ,
1943 2557 2003 2580 nec
2029 2547 2062 2580 in
2088 2544 2199 2590 aliqu·

1249 2597 1453 2644 obligatione
1465 2620 1475 2636 ,
1503 2597 1671 2640 postquam
1692 2595 1787 2630 semel
1806 2595 1909 2640 lapsus
1931 2596 2029 2630 evasit
2046 2596 2201 2631 insidian-

1250 2648 1331 2684 tium
1343 2646 1549 2682 doloindnci
1564 2647 1671 2689 potuit
1691 2656 1727 2680 ut
1748 2645 1873 2689 aliquid
1893 2657 2028 2685 eorum,
2054 2657 2123 2689 quae
2133 2646 2202 2681 exi-

1252 2699 1408 2745 gebantur
1420 2697 1460 2733 ab
1473 2698 1558 2740 ipso,
1587 2696 1781 2739 permitteret
1793 2720 1804 2736 ,
1831 2695 1910 2738 quin
1924 2695 1956 2728 in
1970 2695 2124 2730 omnibus
2145 2694 2202 2731 ad-

1250 2751 1361 2793 jiceret
1384 2748 1544 2782 honorem
1570 2747 1634 2781 Dei
1655 2747 1688 2780 ὅς
1711 2746 1912 2780 honestatem
1944 2745 2201 2781 Ecclesiasticatn

1258 2801 1379 2833 salvam
1390 2800 1482 2832 fore?
1509 2797 1582 2831 Nec
1602 2797 1642 2830 ad
1655 2796 1843 2836 modicum,
1870 2797 1903 2830 δε
1921 2796 2008 2840 quasi
2020 2796 2060 2829 ad
2084 2796 2201 2837 horam

1254 2850 1406 2889 credens,
1432 2849 1467 2881 &
1490 2849 1525 2882 in
1546 2846 1685 2881 articulo
1709 2845 1900 2881 tentationis
1918 2847 2070 2880 recedens
2093 2870 2103 2885 ,
2147 2846 2203 2882 adr

1253 2901 1341 2939 versa
1356 2898 1514 2942 perpessus
1524 2899 1568 2930 est
1582 2922 1591 2937 ,
1620 2896 1672 2929 sed
1684 2895 1822 2929 exilium
1836 2896 1870 2930 δε
1882 2894 2029 2930 acerbam
2046 2896 2204 2939 proscrip—

1253 2952 1379 2984 tionem
1396 2947 1428 2980 in
1447 2958 1572 2982 annum
1600 2946 1770 2988 septimum
1791 2945 1984 2987 protelavit,
2021 2956 2112 2980 tanta
2131 2944 2207 2990 qui·

1253 3002 1328 3034 dem
1341 2998 1459 3032 virtute
1478 2997 1669 3032 constantia:
1688 2996 1776 3039 regia
1790 2997 1839 3029 via
1851 2996 2001 3030 incedens
2018 3020 2029 3037 ,
2057 2997 2091 3031 ὅ(
2113 2996 2206 3041 Apo·

1255 3051 1411 3084 stolorum
1422 3047 1543 3080 Christi
1562 3046 1698 3090 vestigia
1721 3046 1878 3089 sequens,
1914 3054 1952 3079 ut
1973 3046 2115 3080 invictus
2134 3046 2201 3089 ejus

1254 3100 1383 3135 animus
1394 3109 1453 3131 nec
1473 3098 1610 3131 fortuna:
1623 3095 1777 3128 saevientis
1798 3094 1922 3138 impetu
1933 3096 2040 3140 frangi
2062 3097 2163 3140 posset
2187 3118 2202 3135 ‚

1258 3161 1316 3184 nec
1330 3146 1499 3184 blanditiis
1512 3146 1675 3180 emolliri.
1703 3144 1766 3178 Sed
1783 3145 1817 3178 &
1839 3144 1896 3178 ubi
1918 3146 2106 3180 immolatus
2127 3145 2165 3179 fit
2191 3167 2204 3183 ‚

1255 3199 1432 3234 advertite.
1462 3195 1601 3231 Certein
1629 3194 1790 3233 Ecclesia,
1816 3206 1886 3238 quae
1911 3195 2204 3239 caputRegniest‚

1259 3252 1292 3284 ὅ(
1303 3249 1438 3282 aliarum
1450 3246 1603 3279 omnium
1615 3244 1723 3277 Mater
1733 3245 1766 3277 in
1778 3243 1911 3279 Christo
1923 3258 1936 3278 .·
1964 3245 2086 3290 Coram
2110 3246 2204 3278 Alta-

1260 3301 1285 3334 ri
1303 3301 1386 3333 inter
1398 3296 1652 3330 Consacerdotes
1667 3295 1699 3327 &
1715 3305 1829 3327 manus
1843 3294 2085 3339 Religiosorum
2099 3318 2110 3334 ‚
2121 3305 2204 3339 quos

1262 3357 1456 3391 armatorum
1490 3344 1680 3378 carnificum
1700 3344 1859 3378 tumultus
1879 3345 1998 3378 fecerat
2018 3344 2059 3379 ad
2083 3344 2207 3387 stupen-

1262 3398 1383 3432 dum&
1397 3394 1579 3431 miserabile
1601 3395 1815 3438 spectaculum
1843 3395 2040 3428 convenire.
2067 3394 2137 3440 Qii
2158 3404 2207 3427 er-

1266 3446 1482 3495 goseipsuma
1504 3445 1611 3480 multo
1625 3453 1769 3488 tempore
1792 3441 1982 3480 exhibuerat
2003 3442 2142 3478 hostiam
2166 3443 2211 3477 vi·

2071 3503 2142 3526 vam
2160 3516 2170 3532 ,
