2358 3776
382 87 398 117 1
410 70 475 117 ’8ο

289 165 464 201 utrumque
472 149 873 190 Carmentem-comitatus
892 149 938 186 est
952 152 1052 195 usque
1072 150 1113 185 ad
1125 148 1234 192 hospi-

288 208 375 247 ¹tium
398 209 507 243 suum.
533 202 688 248 Sequenti
710 203 784 243 die,
821 203 853 237 id
877 202 922 236 est
941 226 952 241 ,
981 201 1121 236 secunda
1143 200 1197 234 die
1224 160 1250 239 ,Ι

291 251 363 303 pos}
377 257 505 289 Missam
519 254 592 290 satis
601 253 695 293 mane*
706 252 814 287 vocati
827 258 983 286 venerunt
1001 251 1042 285 ad
1066 251 1193 296 Regem
1219 273 1231 289 ‚

290 307 534 346 &intraverunt
546 303 581 340 in
594 303 767 338 cameram
779 302 819 336 ad
831 301 1002 336 confilium
1013 312 1088 334 curn
1110 298 1232 335 Archi·-

292 354 485 398 Episcopis,
513 354 679 398 Epi-scopis
695 377 706 393 ‚
729 354 764 386 r&
799 349 988 384 Abbaribus
1025 352 1081 394 qui
1107 349 1232 386 admiffi

290 406 385 442 sunt,
421 403 508 442 cum
529 414 636 438 autem
659 402 745 445 quasi
771 400 829 434 sub
853 400 956 443 spatio
979 399 1115 436 duarum
1142 400 1232 434 hora-

287 466 361 489 rum
383 463 506 491 moram
528 455 671 489 fecissent
693 449 801 490 intus,
829 448 940 494 egteffi
963 450 1036 483 sunt
1059 474 1070 489 ,
1095 451 1129 484 δε
1151 450 1224 483 Rex

284 515 365 545 cum
378 504 422 538 eis
435 503 586 547 usquead
598 499 881 543 ostium-Capellae
901 499 1064 539 exterius,
1089 500 1122 533 δε
1142 499 1187 534 ibi
1200 501 1231 533 in

287 554 398 590 eundo
409 554 491 592 dixit
515 550 681 589 Dominus
703 551 775 586 Rex
794 549 859 584 hoc
880 548 1015 584 verbum
1030 573 1041 588 ‚
1065 548 1194 592 publice
1221 574 1231 590 ,

284 602 515 645 &etiamipfis
526 598 751 636 audientibus:
779 604 900 634 Utinam
921 601 1074 642 nunqudm
1105 601 1233 642 amplius

289 655 397 689 videat
419 652 517 689 oculus
537 662 619 686 meus
642 651 771 692 aliquem
791 650 1006 683 cardinalem.
1035 649 1121 684 Cum
1143 659 1233 684 tanta

286 714 397 743 autem
419 701 629 740 festinatione
640 700 827 737 dimittebat
844 710 923 740 eos,
943 699 1036 744 quod
1058 699 1133 733 cum
1160 699 1231 733 hos-

289 753 409 797 pitium
421 763 532 786 eorum
548 751 620 785 satis
642 750 789 785 vicinum
811 751 908 790 esset,
935 761 1004 784 non
1026 751 1158 783 fuerunt
1180 760 1231 782 ex·

286 803 419 847 spectati
437 812 473 839 ut
485 802 633 838 venirent
646 801 726 845 equi
747 802 860 835 eorum
882 798 1006 844 proprii
1026 824 1037 841 ,
1064 800 1116 834 sed
1139 798 1234 833 mdiv

287 854 313 886 ti
326 854 398 886 sunt
409 852 454 886 eis
470 852 512 887 ad
522 853 707 890 exeundum
719 851 814 895 equi,
840 850 987 895 quiante
1005 849 1175 893 Capellam
1186 860 1232 882 ca-

804 900 850 938 Et
870 901 1021 935 exierunt
1043 899 1233 935 Cardinales

1062 949 1234 984 Remanse-

288 903 322 936 su
345 901 486 944 proximi
509 902 634 943 inventi
656 903 730 939 sunt
755 927 762 934 .

283 963 360 987 cum
394 963 536 997 quatuor
571 950 808 988 comitantibus
840 950 881 985 ad
918 950 990 994 plus
1017 975 1025 982 .

286 1011 363 1040 tunt
382 1013 490 1043 autem
511 1000 804 1046 Archi-Episcopi,
830 999 1065 1045 Episcopi,.&
1088 998 1233 1037 Abbates

283 1064 361 1093 cum
381 1053 496 1098 Rege,
522 1055 556 1088 ἀ
577 1054 777 1088 intraverunt
789 1051 964 1086 cameram
984 1051 1025 1085 ad
1037 1050 1208 1085 confilium
1224 1073 1234 1088 ,

283 1100 339 1142 ubi
359 1114 436 1143 cum
458 1114 584 1140 moram
606 1102 752 1138 fecissent
772 1102 871 1144 usque
891 1100 932 1136 ad
946 1099 1062 1135 horam
1084 1097 1150 1133 fere
1171 1099 1235 1133 ves-

285 1154 467 1198 pertinam,
494 1163 652 1190 venerunt
685 1152 727 1189 ad
764 1151 954 1187 cardinales
975 1174 986 1192 ,
1012 1151 1046 1184 &
1082 1149 1233 1185 omniurn

284 1214 396 1240 eorum
408 1205 506 1240 facies
518 1199 697 1240 'videbatur
716 1204 780 1237 esse
800 1201 928 1237 turbata
942 1226 950 1235 .
977 1200 1064 1236 Cum
1088 1200 1232 1244 aliquan-

286 1263 354 1292 tam
366 1266 491 1291 moram
515 1253 663 1290 fecissent
683 1253 768 1295 apud
791 1251 1000 1290 cardinales,
1025 1250 1134 1283 reversi
1159 1250 1233 1283 sunt

283 1304 327 1339 ad
338 1303 499 1348 hospitia,
525 1301 675 1339 Crastina
686 1302 740 1336 die
752 1300 827 1336 cum
848 1298 932 1343 apud
955 1300 1081 1343 Regem
1106 1308 1232 1333 moram

284 1353 431 1391 fecissent
467 1353 569 1396 usque
603 1352 646 1386 ad
675 1350 791 1387 horam
828 1351 972 1390 sextam,
998 1358 1156 1384 venerunt
1192 1348 1232 1382 ad

283 1403 496 1443 Cardinales‚
523 1403 558 1440 &
584 1401 692 1446 postea
712 1401 753 1437 ad
781 1401 910 1445 Regem
932 1399 1042 1433 reversi
1067 1398 1141 1432 sunt
1162 1422 1174 1438 ,
1197 1398 1233 1432 dc

284 1453 397 1496 postea
421 1453 462 1488 ad
486 1450 677 1489 cardinales
698 1474 710 1490 ‚
743 1451 896 1493 responsa
915 1448 995 1483 hinc
1018 1448 1096 1482 inde
1116 1450 1233 1484 secreta

285 1509 468 1546 portantes.
488 1500 652 1543 -Sequenti
677 1499 751 1540 die,
780 1498 814 1533 id
834 1498 918 1538 ests„
932 1497 969 1532 in
990 1497 1105 1541 vigilia
1125 1497 1232 1532 saneti

282 1550 424 1591 Andreae
434 1549 510 1586 Rex
521 1549 649 1586 summo
659 1547 806 1584 diluculo
824 1547 983 1587 surrexit,
1007 1546 1044 1582 ὄσ
1062 1545 1167 1583 exivit
1179 1547 1231 1580 lu·-

285 1600 362 1639 dere
379 1602 413 1635 in
426 1598 585 1640 canibus,
611 1597 775 1632 &avibus
785 1597 885 1637 coeli,
909 1596 991 1630 sicut
1011 1595 1175 1630 creditum
1200 1596 1234 1629 δε

286 1651 480 1688 aestimatum
495 1648 562 1687 est,
588 1647 629 1684 de
639 1646 856 1683 industriasui'
875 1647 997 1682 faciens
1019 1645 1198 1681 absentiam
1227 1670 1234 1677 .

287 1700 444 1745 Episcopi
456 1698 530 1733 vero
541 1697 582 1731 de
602 1697 677 1731 satis
699 1696 795 1730 mane
813 1706 1039 1732 convenerunt
1068 1696 1108 1730 ad
1121 1695 1233 1739 capel·

301 1762 353 1784 arn
376 1748 478 1793 Regis
497 1770 509 1788 ,
534 1747 568 1780 &
586 1745 694 1779 statim
715 1743 757 1780 ad
777 1744 951 1779 cameram
973 1757 987 1779 .·⁴
1028 1743 1080 1778 Ibi
1103 1744 1234 1780 absente

340 1810 382 1845 ge
392 1797 506 1833 habita
526 1794 763 1834 deliberatione
787 1795 935 1831 exierunt
956 1793 998 1829 ad
1018 1793 1194 1828 Ecclesiam

285 1850 381 1895 juxta
409 1858 507 1891 quam
528 1845 719 1880 cardinales
751 1842 906 1891 hospitia
925 1842 1090 1879 habebant
1124 1868 1132 1876 .
1158 1841 1234 1879 Ubi

285 1899 363 1936 curn
376 1895 566 1933 cardinales
577 1894 727 1932 sedissent
740 1918 752 1935 ,
776 1894 887 1930 vocati
898 1902 936 1928 ut
951 1892 1101 1928 audirent
1111 1903 1182 1935 quae
1194 1891 1236 1927 ab

286 1950 335 1988 eis
352 1954 613 1992 proponerentur
634 1969 646 1986 ,
678 1943 887 1981 assidentibus
907 1942 986 1978 hinc
1004 1942 1082 1977 inde
1106 1941 1234 1977 Rotho·

284 1998 450 2045 magensi,
478 1993 673 2031 Eboracenfi
694 1992 986 2038 Archi-Episcopis
1008 2016 1020 2032 ,
1047 1991 1234 2037 Vigornen·

286 2051 310 2090 fr
327 2074 339 2091 ,
363 2046 610 2087 Saresberienfi,
635 2044 804 2088 Baiocensi
818 2067 831 2085 ,
858 2041 1084 2079 Londoniensi
1105 2065 1117 2082 ,
1142 2039 1234 2075 Cice-

289 2098 442 2140 strensr&
465 2095 689 2140 complurimis
714 2093 906 2138 Episcopis,
927 2091 1114 2129 Abbatibus
1137 2091 1236 2136 quam

288 2148 460 2195 pluribus,
486 2147 693 2183 clericorum
715 2145 748 2180 δε
785 2143 963 2179 Laicorum
989 2142 1098 2186 ampla
1123 2141 1234 2186 multi·

287 2199 421 2240 tudine,
446 2196 584 2235 surrexit
621 2194 865 2231 Londonienfis
883 2218 897 2235 ,
921 2194 956 2229 &
992 2201 1070 2226 eum
1104 2190 1235 2230 turbatae

287 2249 409 2288 mentis
419 2248 504 2289 esse,
528 2245 665 2290 insipida
686 2240 1008 2288 &sparumfvenusta
1027 2240 1234 2284 oratioargu·

288 2309 405 2338 mento
417 2299 499 2333 fuit.
527 2297 572 2331 Et
583 2298 624 2330 src
635 2294 765 2330 exorsus
776 2293 845 2326 est.-
870 2291 944 2326 Vos
963 2289 1119 2331 audistis,
1145 2289 1234 2331 quod

290 2349 421 2397 perlatae
432 2349 506 2381 sunt
516 2345 629 2380 litterae
639 2342 781 2378 Domini
791 2341 886 2385 Papae
895 2341 935 2376 ad
948 2351 1032 2388 nos,
1058 2340 1092 2375 ὃς
1116 2350 1170 2374 eas
1180 2350 1241 2383 prae

287 2395 630 2450 manibushabemus,
657 2396 691 2428 in
704 2391 823 2436 quibus
844 2390 1039 2436 significavit
1063 2389 1161 2425 nobis
1181 2389 1240 2429 Pa-

291 2461 357 2495 pa,
384 2446 474 2493 quod
495 2443 627 2490 quando
646 2442 773 2478 evocati
792 2442 927 2480 {vobis
951 2441 1088 2476 essemus
1109 2464 1121 2479 ‚
1148 2438 1242 2474 vobis

290 2507 554 2538 occurreremus,
579 2495 774 2537 causamque
801 2501 911 2538 ,quaa
930 2491 1015 2530 inter
1051 2489 1241 2524 Dominum

293 2550 424 2594 Regem
444 2548 477 2582 ἃ
499 2545 688 2582 Dominum
713 2542 982 2577 cantuariensem
1004 2541 1140 2579 vertitur
1159 2564 1172 2581 ,
1206 2540 1242 2576 &

293 2601 380 2634 inter
391 2608 450 2630 nos
462 2593 786 2639 EpiscoposAngliae
808 2591 844 2625 δε
862 2590 1004 2626 eundem
1027 2590 1242 2625 Cantuarien-

295 2649 360 2682 sem
379 2669 390 2684 ,
424 2645 517 2679 vobis
543 2655 619 2678 cum
647 2642 851 2686 plenitudine
878 2640 1044 2685 potestatis
1069 2640 1131 2674 effe
1155 2651 1242 2674 com-

296 2697 422 2734 missam
435 2719 442 2726 .
469 2692 552 2733 Inde
576 2692 652 2734 est,
671 2692 760 2735 quud
780 2691 896 2728 audito
923 2689 1028 2731 vestro
1048 2689 1187 2724 adventu
1210 2691 1242 2723 in

299 2756 405 2791 partes
440 2743 498 2776 has
532 2764 542 2781 ‚
577 2740 779 2775 occurrimus
803 2741 900 2775 vobis
934 2765 946 2782 ,
984 2740 1171 2785 paratissimi
1209 2740 1243 2774 &

298 2793 526 2841 promptissimi
561 2790 667 2827 vestrae
701 2790 875 2830 sententiae,
906 2790 985 2826 state
1021 2813 1032 2830 ,
1076 2790 1244 2826 intendere

301 2847 466 2881 actionem
502 2841 553 2876 vel
591 2839 808 2883 respondere.
836 2838 926 2874 Idem
952 2842 1051 2876 etiam
1079 2841 1245 2874 Dominus

303 2897 379 2931 Rex
405 2894 500 2927 offert
527 2915 538 2931 ‚
575 2890 663 2934 quod
691 2900 927 2934 quamcumque
947 2891 1138 2925 sententiam
1160 2892 1244 2924 inter

304 2954 380 2984 eum
407 2966 427 2990 J
450 2943 486 2980 a&
512 2941 699 2978 Dominum
725 2939 1210 2980 Cantuariensemdistaveritis
1234 2965 1245 2982 ,

298 3006 375 3034 eam
402 3001 504 3028 ratam
529 2989 680 3025 habebit.
707 2990 795 3024 cum
822 2989 932 3033 itaque
963 3001 1024 3023 nec
1050 3002 1103 3034 per
1129 2991 1246 3025 Domi·

306 3056 387 3080 num
414 3044 543 3086 Regem
570 3065 580 3081 ,
607 3052 666 3075 nec
693 3051 748 3084 per
774 3050 832 3073 vos
858 3063 870 3078 ,
897 3049 956 3072 nec
984 3051 1036 3082 per
1064 3053 1124 3075 nos
1148 3041 1246 3076 etiam

306 3096 388 3136 fiat,
414 3103 481 3135 quq
508 3090 617 3125 minus
643 3098 837 3134 praeceptum
862 3089 1002 3138 Domini
1029 3089 1121 3134 Papa:
1148 3090 1247 3125 adim-

309 3146 449 3189 pleatur,
476 3141 654 3185 imputetur
678 3137 857 3174 secundum
867 3138 956 3182 quod
970 3139 1120 3181 imputari
1134 3140 1246 3176 debet.

309 3193 371 3230 Sed
384 3191 562 3237 quoniam,
589 3200 625 3225 ut
638 3190 868 3234 praecipitanter
884 3188 997 3226 omnia
1018 3190 1085 3233 agit
1098 3213 1108 3228 ‚
1138 3189 1248 3225 A'rchi-

311 3244 492 3289 Episcopus
513 3241 649 3285 percutit
665 3240 837 3284 antequam
860 3235 1025 3279 minetur,
1052 3239 1215 3281 suspendit
1240 3216 1269 3286 ,1

307 3291 577 3334 excommunicat
600 3292 775 3332 antequam
810 3299 1020 3324 commoneat
1041 3313 1052 3329 ‚
1087 3288 1162 3323 ideo
1199 3300 1252 3332 per

315 3344 566 3385 appellationem
598 3341 812 3384 praevenimus
856 3339 995 3373 subitam
1039 3338 1075 3373 cc
1114 3341 1246 3383 praecipi-

315 3403 381 3435 tem
407 3392 474 3438 ejus
499 3391 693 3436 sententiam
719 3412 732 3428 ·
769 3388 1036 3437 Appellationem
1068 3388 1156 3434 prius
1181 3390 1253 3425 feci-

1223 1627 1287 1992 ’l

1280 1994 1420 2704 lflstum
1467 1994 1564 2036 quam
1577 1995 1720 2038 aliquem
1732 1995 1833 2029 alium
1858 1996 2058 2041 Episcopum
2078 1998 2211 2034 dicebat
2225 2017 2246 2034 ·.

987 61 1542 128 131³‚15T0LAE

1296 160 1390 191 mus,
1414 150 1449 185 δε
1466 162 1539 185 eam
1562 150 1759 185 innovamus
1784 151 1886 187 modo
1913 179 1923 195 ,
1949 157 1982 192 &
2009 155 2069 192 hac
2095 159 2235 203 appella.

1293 200 1386 234 tione
1403 201 1435 236 se
1459 200 1600 235 includit
1624 211 1695 235 tota
1711 203 1841 246 'Anglia
1875 228 1883 236 .
1921 205 2050 242 Deinde
2073 209 2232 252 explicuit

1295 251 1420 284 causam
1437 250 1615 285 vestram&
1644 250 1784 285 Domini
1808 252 1931 297 Regis.
1959 255 2059 301 Qod
2080 259 2153 293 Rex
2174 260 2234 294 fibi

1295 300 1526 346 exigitavobis
1536 300 1746 346 quadraginta
1764 311 1904 346 quatuor
1930 303 2033 339 millia
2055 317 2232 344 marcarum

1296 352 1420 395 argenti
1438 375 1450 391 ,
1479 351 1606 385 ratione
1629 351 1793 386 redituum
1806 376 1818 392 ,
1846 353 1902 396 qui
1923 353 2016 387 vobis
2036 365 2126 390 erant
2145 370 2235 393 com-

1296 400 1376 434 miffi
1389 424 1400 439 ,
1424 401 1556 446 quando
1565 400 1669 435 fuistis
1680 401 1902 436 Cancellarius
1915 427 1926 443 ,
1952 404 1985 438 δε
2008 404 2098 447 quod
2111 410 2234 443 voster-

1296 448 1464 492 pondeatis
1472 463 1541 486 non
1552 451 1646 485 fuiffe
1660 463 1717 486 vos
1727 452 1926 495 implicitum
1938 453 2130 495 ratiociniis,
2137 466 2234 499 quau-

1295 500 1519 543 dofpromotus
1530 501 1664 536 fuiffetis
1673 501 1712 536 ad
1725 500 1885 537 honorem
1899 502 2213 548 Archi-Episopatus
2221 531 2235 549 ,

1296 549 1330 583 ὅ(
1341 550 1362 582 si
1374 550 1510 586 fuissetis
1521 552 1721 596 implicitus,
1749 550 1815 587 hoc
1826 553 1898 596 ipso
1911 563 2019 588 tamen
2033 578 2044 594 ,
2067 554 2156 599 quod
2169 565 2240 598 pro-

1298 607 1406 634 motus
1423 601 1547 642 fuistis,
1575 601 1742 637 absolutus
1764 602 1885 638 fuistis.
1915 604 1958 638 Et
1980 603 2025 638 ibi
2049 603 2155 639 derisit
2180 615 2238 640 vos

1297 648 1535 685 Londonienfis
1557 652 1668 686 dicens
1695 663 1750 686 vos
1771 653 1926 689 credere:
1958 654 2059 702 Qod
2094 654 2173 690 ficut
2201 656 2237 691 in

1298 698 1458 743 baptismo
1478 702 1688 736 remittuntur
1709 713 1837 747 peccata
1856 726 1867 743 ‚
1902 705 1948 739 ita
1968 706 2003 738 in
2029 704 2240 749 promotione

1296 749 1479 785 relaxantur
1491 749 1618 786 debita.
1645 752 1775 788 Retulit
1795 753 1894 789 etiam
1917 764 2049 798 propter
2069 766 2140 798 quae
2158 756 2240 799 peri-

1297 799 1370 834 cula
1387 800 1451 843 ipse
1464 824 1476 842 ,
1500 801 1535 836 δι
1556 803 1613 836 alii
1637 802 1792 847 Episcopi
1813 803 1944 848 Angliae
1962 805 2206 849 appellaverunt
2223 829 2236 846 ‚

1296 850 1420 884 scilicet
1444 861 1574 895 propter
1593 852 1826 896 depreffionem
1847 855 1937 888 suam
1957 879 1969 896 ‚
2004 856 2039 889 ἀ
2061 855 2238 891 Ecclesiam

1295 900 1403 941 suam,
1427 901 1835 944 &propterdisceffionem
1849 905 1950 939 etiam
1969 905 1988 939 a
2009 905 2162 940 Romana
2177 906 2240 940 Ec-

1293 949 1404 985 clena.-
1434 950 1614 986 Recederet
1625 953 1716 987 enim
1728 954 1922 987 Rexfortea
1945 954 2100 989 Romana
2124 955 2240 990 Eccle-

1296 998 1338 1033 sia
1350 1023 1361 1039 ,
1387 1000 1409 1032 fi
1422 1010 1567 1042 parerent
1579 1000 1753 1035 interdicto
1763 1003 1888 1036 vestro.
1909 1003 2037 1039 Retulit
2046 1007 2146 1040 etiam
2158 1017 2240 1050 quo·

1297 1047 1399 1084 modo
1409 1048 1581 1085 diffametis
1591 1062 1666 1085 eum
1678 1062 1809 1094 propter
1817 1051 1945 1086 decreta
1956 1054 2012 1088 sua
2027 1078 2036 1087 .
2060 1054 2089 1088 E
2099 1065 2112 1089 t
2123 1055 2169 1089 ibi
2181 1064 2241 1099 pu*

1297 1100 1379 1134 blice
1402 1099 1596 1148 protestatus
1609 1102 1653 1134 est
1674 1100 1826 1145 ,Regem
1849 1102 1993 1135 relaxare
2019 1102 2083 1136 hoc
2108 1105 2242 1140 interdi-

1295 1152 1379 1184 stum
1391 1150 1432 1183 de
1444 1149 1663 1194 appellatione
1675 1169 1693 1190 ,ε
1711 1151 1743 1184 &
1756 1151 1886 1185 ratione
1897 1162 2072 1195 pauperum
2095 1152 2242 1188 clerico·

1295 1199 1444 1246 rumthoc
1456 1199 1627 1234 instituisse
1638 1224 1649 1240 ,
1676 1211 1764 1235 nunc
1777 1210 1886 1234 antem
1899 1201 1974 1235 cum
1993 1202 2242 1246 ingrati‘essent‚

1296 1248 1360 1284 hoc
1379 1249 1518 1283 irritare·
1547 1251 1590 1283 Et
1612 1252 1691 1283 item
1713 1251 1737 1283 fi
1757 1250 1863 1284 civilis
1885 1252 1962 1285 esset
1985 1253 2077 1285 causa
2092 1277 2103 1291 ‚
2128 1264 2241 1289 coram

1295 1297 1507 1342 civiliJudice
1519 1299 1775 1342 contenderent;
1803 1301 1824 1333 sr
1846 1310 1956 1335 autem
1978 1301 2201 1337 Ecclefiastica
2226 1327 2240 1345 ,

1294 1349 1473 1393 allegarent
1482 1350 1589 1383 forum
1599 1351 1710 1390 suum,
1737 1349 1892 1384 &coram
1906 1353 1963 1384 suo
1976 1352 2088 1394 Iudice
2102 1363 2241 1387 conten-

1295 1400 1426 1435 derent.
1455 1398 1611 1433 Tandem
1623 1398 1710 1433 dixit
1721 1400 1970 1435 vosindebitam
1992 1402 2177 1437 servitutem
2198 1402 2244 1438 ab

1294 1460 1337 1483 eo
1360 1452 1492 1493 exigere
1512 1473 1523 1488 ,
1536 1449 1643 1492 ..quod
1672 1450 1794 1483 scilicet
1830 1449 1930 1484 debet
1965 1451 2089 1486 deferre
2126 1453 2243 1492 Breves

1297 1497 1414 1532 vestros
1435 1508 1488 1541 per
1508 1497 1693 1543 Anguem,
1717 1499 1753 1533 δι
1770 1499 1849 1533 huic
1869 1500 1981 1534 officio
2006 1511 2074 1535 non
2096 1502 2243 1539 sufficere

1295 1547 1557 1592 eiquadraginta
1571 1548 1746 1582 Cursores.
1774 1549 1879 1584 Aliud
1902 1552 2003 1586 eriam
2029 1562 2244 1596 gravamen·,

1297 1609 1363 1639 quo
1391 1595 1542 1641 affligitis
1561 1608 1661 1638 eum,
1688 1600 1856 1641 proposuit
1876 1622 1889 1639 ,
1923 1600 2012 1643 quod
2035 1601 2247 1638 exemistis&

1299 1645 1458 1691 potestate
1469 1647 1562 1690 ipsius
1584 1646 1651 1682 fere
1671 1648 1887 1692 quadraginta
1909 1649 2079 1684 Ecclesiae.
2107 1651 2245 1688 Dabant

1296 1699 1385 1732 enim
1396 1698 1530 1734 censum
1541 1696 1720 1742 aliquando
1731 1696 1939 1731 Monasterio
1950 1699 2069 1733 Sannae
2090 1699 2246 1736 Triuia·-

1300 1752 1341 1780 tis
1363 1748 1413 1779 vel
1435 1748 1544 1781 Sancti
1570 1745 1749 1791 Augustini
1770 1770 1782 1786 ,
1797 1748 1846 1788 ’ὄρ
1863 1746 1972 1787 statim
1995 1751 2246 1794 emancipabatis

1296 1807 1348 1830 eas
1366 1796 1386 1829 a
1412 1794 1569 1839 potestate
1593 1797 1691 1838 ipsius
1710 1820 1718 1827 .
1743 1794 1924 1829 Habebatis
1945 1797 2043 1832 etiam
2070 1799 2246 1834 Decauum

1300 1845 1440 1879 vestrum
1477 1845 1529 1885 in¹
1549 1845 1776 1880 Londonienfi
1803 1843 1900 1880 Urbe
1983 1847 2037 1891 qui
2074 1849 2244 1885 insidiatus

1298 1895 1344 1930 est
1357 1895 1386 1929 ei
1400 1919 1411 1935 ‚
1437 1895 1591 1929 &coram
1604 1905 1670 1939 quo
1680 1886 2172 1940 oportetcaussts'praedissarum
2183 1901 2245 1934 Ec·

1299 1945 1464 1979 clefiarum
1487 1942 1614 1980 decidi.
1638 1945 1699 1979 >Et
1719 1944 1771 1979 his
1790 1946 1822 1979 se
1841 1947 2083 1990 gravaminibus
2104 1951 2175 1992 plus
2192 1951 2245 1984 af-

1300 2043 1482 2087 Episcopus
1518 2044 1619 2078 etiam
1660 2044 1900 2079 Saresberienlis
1936 2047 1969 2080 in
2007 2046 2068 2082 hac
2104 2046 2245 2093 appella·

1299 2094 1390 2126 tione
1425 2094 1457 2126 se
1491 2093 1624 2136 posuit,
1649 2095 1684 2129 &
1713 2095 1914 2138 Episcopum
1948 2096 2205 2134 Vintoniensem
2232 2125 2240 2133 .

1300 2142 1542 2182 Saresberienfit
1562 2147 1678 2178 'tamen
1714 2144 1844 2179 dicebat
1878 2145 1909 2179 se
1946 2145 2126 2190 audivisse,
2152 2149 2242 2195 quod

1301 2203 1359 2228 vos
1380 2193 1738 2228 excommunicaveritis
1748 2205 1844 2235 eum,
1873 2194 1926 2229 sed
1943 2197 1974 2230 se
1994 2220 2005 2238 ‚
2033 2198 2142 2233 statim
2164 2200 2242 2234 cum

1300 2242 1445 2283 audivit,
1473 2243 1670 2288 appellasse,
1693 2244 1817 2279 &tunc
1833 2243 1933 2280 etiam
1955 2248 2131 2291 appellare.
2163 2250 2244 2285 cle·-

1300 2292 1383 2326 ricus
1394 2294 1492 2327 etiam
1507 2292 1795 2330 Archi-Diaconus
1814 2294 2058 2331 cantuariensis
2080 2298 2125 2333 ibi
2137 2300 2245 2344 appel·

1302 2342 1402 2381 lavit,
1425 2342 1461 2375 <Sc
1488 2342 1678 2380 Monachus
1699 2345 1944 2379 Caneuariensis
1966 2346 2246 2391 Ecclesiae'notitra

1302 2403 1376 2427 vos.
1403 2390 1498 2426 Fasta
1512 2392 1622 2435 itaque
1632 2394 1854 2435 appellatione
1875 2395 2036 2436 petierunt
2062 2399 2245 2440 Apostolos

1301 2443 1319 2476 ὲ
1354 2440 1611 2483 Cardinalibus,
1647 2442 1681 2475 δε
1712 2441 1780 2475 dati
1811 2443 1885 2476 sunt
1917 2444 1965 2478 eis
1987 2445 2204 2488 Appellatorii
2231 2473 2243 2490 ‚

1303 2493 1386 2527 sicut
1403 2491 1546 2532 creditur
1565 2515 1573 2524 .
1610 2492 1830 2527 Discesserunt
1852 2502 1962 2527 autem
2000 2494 2257 2533 Cardianus&

1306 2543 1396 2588 Rege
1406 2542 1591 2577 tertiaferia
1604 2542 1696 2585 post,
1724 2542 1809 2575 aare
1819 2543 1946 2576 levavi.
1972 2543 2036 2578 Sed
2060 2544 2243 2587 inamata

1303 2604 1378 2627 cum
1390 2591 1494 2627 multa
1506 2591 1694 2626 humilitate
1707 2591 1801 2635 petiit
1816 2591 1890 2626 Rex
1902 2591 2124 2637 Cardianus,
2151 2595 2243 2641 qnod

1305 2654 1362 2686 pro
1387 2654 1428 2678 eo
1448 2641 1694 2677 intercederent·
1705 2641 1790 2685 apud
1814 2642 2002 2681 Dominum
2018 2643 2186 2689 Rapum-,0
2202 2656 2242 2682 ut

1306 2692 1450 2727 liberaret
1462 2702 1536 2727 eum
1559 2692 1577 2725 ὲ
1602 2691 1697 2726 vobis
1720 2692 1882 2732 omnino,
1907 2693 2177 2730 &incontinenti
2187 2709 2247 2732 co.

1305 2746 1373 2778 ram
1393 2741 1624 2777 cardinalibus
1641 2741 1772 2776 &saliis
1793 2740 2012 2785 lachrymatus
2021 2743 2065 2779 est
2078 2768 2088 2785 ,
2114 2745 2159 2781 &5

1305 2793 1413 2827 minus
1424 2791 1820 2836 Wilhelmus³Cardinalis
1837 2792 1921 2826 visus
1941 2793 1986 2827 est
2009 2795 2125 2838 lachry
2150 2792 2156 2803 ⁴
2180 2793 2240 2831 rii.

1307 2844 1474 2879 Dominus
1487 2844 1573 2877 Otto
1594 2842 1686 2876 vixa
1706 2842 1870 2876 cachinno
1881 2843 1915 2875 se
1926 2844 2032 2885 potuit
2045 2843 2213 2880 abstinere·
2231 2867 2242 2879 -.

1307 2896 1438 2928 Summa
1451 2904 1562 2927 autem
1577 2891 1703 2937 negotii
1717 2889 1783 2925 haec
1794 2892 1838 2925 est
1850 2915 1860 2931 ,
1877 2893 1966 2933 quod
1979 2893 2147 2929 Dominus
2156 2895 2245 2930 Wis-

1309 2943 1433 2979 helmus
1442 2943 1608 2986 Papienfis
1620 2940 1721 2975 mittit
1733 2940 1906 2983 quemdam
1926 2942 2093 2979 clericum
2111 2947 2245 2987 suum-*5

1308 2995 1362 3039 qui
1373 3004 1535 3038 cognatus
1546 2991 1686 3027 creditur
1708 2991 1851 3035 magistri
1875 2992 2077 3034 Lombardi‚
2103 3006 2184 3030 cum
2199 2997 2245 3035 h
2313 3013 2319 3018 -

1308 3044 1482 3078 stinatione
1501 3042 1543 3077 ad
1570 3039 1757 3076 Dominum
1784 3040 1910 3083 Papam
1930 3065 1942 3082 ,
1977 3044 2011 3077 &
2034 3044 2108 3079 Rex
2140 3044 2244 3080 mittit

1311 3096 1392 3128 duos
1404 3092 1556 3127 Nuncios
1567 3115 1579 3133 ,
1597 3090 1720 3125 scilicet
1731 3089 1891 3134 quendam
1904 3091 2142 3129 Londoniensis
2153 3094 2243 3138 Epis-

1312 3143 1385 3188 c'opi
1404 3168 1418 3184 ,
1447 3144 1504 3186 qui
1527 3149 1661 3176 vocatur
1680 3141 1832 3185 magister
1861 3141 2025 3177 Henricus
2047 3145 2144 3179 Pium
2166 3144 2244 3185 ‚'&

1312 3202 1434 3229 cumeo
1447 3190 1645 3227 Reinaldum
1660 3190 1767 3225 filium
1790 3191 2035 3228 Saresberiensrs
2056 3194 2209 3237 Episcopi
2234 3218 2242 3226 .

1316 3243 1459 3287 preterea
1485 3239 1649 3276 Sabbatho
1680 3252 1762 3276 ante
1788 3242 1962 3276 secundam
1998 3242 2086 3276 diem
2129 3244 2248 3278 Domi·

1317 3296 1423 3329 nicam
1443 3291 1615 3326 Adventus
1636 3291 1898 3326 aCardinalibus
1920 3315 1932 3332 ,
1969 3294 2027 3335 qui
2050 3304 2143 3327 erant
2161 3291 2246 3336 apud

1319 3343 1471 3378 Ebroicas
1482 3365 1494 3382 ‚
1518 3341 1630 3386 egreffi
1642 3342 1717 3375 sunt
1731 3341 1880 3386 magister
1889 3342 2058 3386 Jocelinus
2071 3343 2249 3378 cicestren-

1317 3395 1368 3434 (ῖς,
1395 3393 1430 3430 &
1464 3390 1592 3429 Cantor
1625 3391 1892 3437 Saresberienfisf.
1914 3393 2043 3431 venturi
2077 3393 2121 3433 ad
2155 3392 2254 3431 vos-2

2176 3449 2215 3476 ut
