2358 3776
591 79 635 126 s.
669 74 963 124 THOMAE
995 61 1393 122 CANTUAR.
1439 75 1675 127 L12'B.V.
1890 99 2004 143 Ηςςι

147 166 195 205 (ἔτ
205 178 295 204 error
304 167 394 211 pejor
408 164 519 211 priori,
528 164 617 209 quod
626 161 876 207 omnipotentis
887 160 988 195 virtus
1000 172 1085 196 aver·
1148 157 1309 214 ultionem
1318 182 1330 199 ‚
1357 157 1412 192 sed
1423 159 1520 193 venias
1530 162 1654 196 fontem
1666 163 1745 223 lieis
1764 166 1799 201 δι
1811 164 2073 204 persecutoribus

131 230 210 255 sat.
233 217 308 251 Nos
319 227 430 252 autem
442 227 500 261 pro
512 215 620 250 vestris
632 212 846 258 petitionibus
858 212 1086 255 promovendis
1148 215 1295 252 apenatis
1305 231 1316 248 ‚
1342 218 1498 253 quatenus
1512 210 1611 243 verbo
1622 212 1654 244 δε
1665 223 1759 255 opere
1771 217 1970 253 imitatorem
1982 218 2077 252 Chri-

129 267 271 303 ·solliciti
283 267 407 302 fuimus
418 291 430 308 ,
455 267 490 301 dc
504 265 671 300 Dominus
684 264 770 307 Papa
785 261 875 304 quod
890 260 1000 304 potuit
1015 285 1025 300 ,
1050 262 1086 295 li·
1147 258 1185 292 sti
1198 281 1210 298 2
1235 268 1294 292 VOS
1316 257 1351 292 in
1375 260 1547 303 eonspecstu
1570 259 1742 298 hominum
1753 266 1957 303 ostendentes
1969 293 1981 309 ‚
2005 279 2076 312 qun

146 318 238 352 beuti
249 317 365 352 animo
376 316 455 352 fecit
469 340 477 348 .
503 315 589 358 Saepe
599 315 717 349 statum
729 311 867 346 vestrum
883 309 982 344 nobis
993 311 1086 355 figni-

135 368 248 402 'ficetis
260 392 271 408 ,
297 369 374 412 quia
386 364 542 410 tanquam
553 365 655 400 Fratri
667 362 852 398 charissimo
861 385 873 401 ‚
893 359 998 393 vestro
1012 361 1085 395 desl-

142 418 234 454 derio
244 417 436 463 respondere
445 415 613 460 cupientes
624 439 636 456 ,
663 413 756 447 vobis
769 408 1039 447 concordabimus
1049 435 1059 445 .

1147 307 1292 349 docetis,
1318 309 1442 348 facere,
1470 319 1567 353 prout
1601 309 1731 352 expedit
1750 336 1761 352 ,
1786 319 1885 353 vestm
1925 319 2076 353 sanctitas

1146 358 1340 403 agnoscatur
1350 381 1362 398 ,
1387 359 1422 393 δε
1436 370 1503 393 non
1519 359 1683 393 immerito
1695 358 1736 393 ab
1748 365 1899 401 omnibus
1909 380 2078 403 commen·

1145 408 1240 442 detur
1253 433 1260 440 .
1288 408 1338 440 Ex
1352 408 1416 443 hoc
1431 409 1565 444 enim&
1577 408 1742 444 adversarii
1755 410 1848 445 vestri
1871 417 1904 448 in
1927 418 1989 451 suis
2010 429 2078 453 cor-

1145 457 1240 492 dibus
1264 459 1532 499 confundentur,
1557 460 1590 493 &
1614 460 1723 494 Amici
1744 459 1919 504 plurimum
1942 467 2077 502 vultu&

1144 508 1258 542 animo
1282 508 1508 553 gloriabuntur
1520 534 1527 541 .
1555 510 1628 543 Nos
1650 509 1738 544 enirn
1754 511 1788 544 in
1811 510 1861 544 his
1873 512 1907 546 δε
1926 513 1997 546 aliis
2008 517 2078 550 sue-

1143 557 1278 592 ceffibus
1296 559 1406 593 vestris
1416 557 1567 593 charitati
1591 560 1697 594 vestras
1717 561 1824 594 modis
1834 562 2075 597 omnibuscon-

1144 607 1320 652 gaudentes
1331 634 1341 649 ,
1368 619 1437 642 tam
1449 619 1488 644 ut
1508 611 1667 652 praeteritae
1682 610 1855 652 petitiones
1870 613 2083 648 vestras-man-

1145 659 1296 692 darentur
1307 660 1433 692 effectui
1448 684 1458 699 ,
1483 659 1580 702 quam
1603 660 1704 693 etiam
1725 671 1761 695 ut
1772 672 1892 695 munus
1903 663 2017 696 nostrae
2028 663 2083 696 di-

243 715 427 754 UANDo
452 713 663 752 Paternitatis
683 709 788 745 vestrae
810 711 921 745 litterae
931 710 1029 744 nobis
1040 710 1084 744 al·
1144 708 1586 743 lessionisliberalitasvestra
1612 710 1782 752 susciperet
1795 734 1805 750 ,
1829 721 1993 755 gratanter
2006 712 2081 746 effe-

268 767 340 801 latae
363 768 461 807 sunt,
488 774 578 799 tanta
601 762 744 805 corporis
763 760 1082 796 infirmitatelabora-
1142 758 1267 796 cimus,
1294 759 1326 791 δε
1340 769 1392 801 per
1411 759 1525 793 barum
1548 760 1682 794 latorem
1703 759 1816 794 viridis
1825 762 1944 796 coloris
1954 761 2081 796 exami-

252 816 364 851 bamus
375 841 387 857 ,
413 815 501 859 quod
521 814 541 846 a
566 809 708 855 Medicis
719 810 759 845 de
771 811 836 845 vita
857 811 966 845 nostra
977 810 1083 853 despe·
1143 810 1230 841 stum
1242 832 1257 847 ,
1279 811 1470 849 queminter
1480 809 1747 854 aliosipseelegit
1760 834 1771 850 ‚
1798 811 1891 845 vobis
1904 812 2079 856 mittimus,

145 865 295 901 sabatur.
322 865 471 903 Verum,
491 861 566 905 quia
578 861 671 896 vobis
684 861 718 895 in
732 860 841 895 vestris
852 861 1082 904 persecutioni·
1143 858 1429 901 rel-iquospannosv
1449 860 1565 893 sericos
1578 884 1585 892 .
1609 859 1652 894 Et
1676 870 1886 904 quaecutnque
1906 862 1992 906 apud
2018 871 2080 895 nos

145 914 412 960 bus&angustiis
425 937 435 954 ,
457 914 558 947 etiam
567 912 600 945 in
615 911 806 946 infirmitate
827 912 934 945 nostra
947 921 1014 944 non
1026 910 1082 944 im·
1144 906 1346 942 sunt.vestrae
1368 909 1544 952 prudentiae
1565 920 1772 953 exponentes
1791 934 1802 951 ,
1829 914 1930 954 parati
1956 913 2080 954 semper

138 965 262 999 merito
268 964 492 1007 compatimur
509 963 543 997 δε
555 961 771 996 condolemus
782 985 795 1001 ,
806 972 860 1005 per
871 961 1029 1004 quosdam
1043 960 1083 994 de
1145 969 1205 1002 pro
1214 957 1306 992 vobis
1315 958 1523 1002 cfficere,quae
1535 960 1642 995 vestrae
1651 960 1712 994 (int
1723 961 1920 996 fraternitati
1932 970 2077 1005 accepta.

143 1013 544 1050 fratribus&domestic0s
565 1012 666 1046 etiam
690 1011 816 1046 nostros
841 1010 1022 1051 instantes,
1047 1010 1081 1044 &

317 512 722 554 EPISTOLA
819 508 910 545 LXI.

144 610 253 660 rhome
265 614 478 659 cantuarienfi
486 610 730 657 trebi-Epistopo
741 608 893 651 Hostienfis
908 609 1083 653 Episcopus.

140 1066 328 1108 frequentes
337 1074 446 1108 preces
458 1062 608 1098 Domino
620 1062 714 1105 Papae
724 1061 943 1105 porreximus,
959 1071 1080 1094 uttan-
1315 1057 1345 1091 E
1371 1059 1398 1093 P
1424 1060 1439 1094 1
1465 1060 1486 1094 S
1512 1059 1549 1092 T
1575 1060 1610 1094 Ο
1638 1059 1668 1094 L
1694 1060 1729 1095 A
1798 1060 1923 1096 Lxui.

143 1125 185 1149 ω
194 1114 365 1158 iniquitati
379 1112 588 1148 Eboracenfis
598 1112 633 1146 &
644 1113 774 1147 suorum
786 1110 1015 1154 Complicium
1026 1109 1082 1143 ob-

144 1164 266 1203 viaret,
292 1164 328 1199 &
348 1164 488 1207 ipsorum
511 1160 736 1197 dolositatibus
759 1161 794 1196 δι
820 1161 958 1195 malitiis
979 1160 1079 1193 finem
1208 1163 1351 1204 Joannes
1361 1158 1584 1202 Saresberr'enfis
1599 1161 2004 1203 ConvenruiCantuarimfi.

139 1210 347 1256 imponeret.
376 1214 445 1256 lpse
457 1213 532 1248 vero
545 1237 556 1252 ‚
581 1212 661 1246 ficut
673 1222 771 1255 quem
791 1210 935 1254 pluribus
957 1210 1084 1252 respon·

143 1264 220 1298 dere
229 1272 357 1307 oportet
368 1287 380 1303 ,
407 1263 483 1297 huic
503 1262 607 1296 vestro
625 1262 763 1304 negotio
774 1259 901 1294 tanturn
913 1258 1079 1293 intendere
1217 1258 1365 1294 RECES
1391 1259 1508 1293 vestras
1528 1260 1563 1293 δι
1586 1268 1663 1294 vota
1675 1259 1825 1295 fidelium
1840 1261 1973 1295 tandem
1987 1261 2081 1296 mise-

145 1311 292 1353 distulit,
318 1310 407 1355 quod
431 1313 507 1345 Deo
527 1310 661 1350 desuper
683 1308 823 1341 faciente
836 1307 931 1341 vobis
940 1307 1083 1349 aliquan·
1239 1308 1340 1340 ricors
1353 1307 1388 1340 ἃ.
1408 1307 1575 1341 miserator
1594 1308 1762 1341 Dominus
1782 1311 1949 1342 exaudivit
1969 1311 2009 1345 ad
2022 1309 2083 1345 ho-

144 1361 252 1395 mlum
263 1362 381 1394 melius
391 1359 469 1393 fuit.
499 1358 651 1401 Cumque
663 1357 753 1399 super
766 1355 817 1389 bis
828 1356 845 1389 a
856 1355 1007 1390 fratribus
1020 1357 1083 1390 suis
1144 1366 1258 1390 norem
1273 1356 1366 1390 suum
1378 1380 1389 1396 ,
1415 1366 1451 1390 ut
1462 1367 1502 1390 ex
1513 1355 1625 1390 multis
1645 1357 1680 1390 ὃ(
1703 1358 1802 1391 certis
1814 1357 1943 1392 indiciis
1956 1368 2043 1402 patet
2068 1383 2081 1400 ‚

135 1408 356 1454 Episcopis&
368 1406 599 1443 Cardinalibus
612 1405 783 1440 consilium
794 1406 971 1448 expetiisset
985 1430 996 1446 ‚
1017 1406 1083 1449 plu·
1144 1404 1338 1449 Anglicanae
1351 1406 1499 1439 Ecclesiae
1508 1405 1676 1439 restituens
1690 1418 1802 1448 pacem
1815 1430 1826 1446 ‚
1855 1409 1889 1441 &
1914 1407 1957 1441 ab
1976 1410 2081 1446 exilio

145 1470 268 1502 respro
288 1458 383 1492 vobis
407 1457 535 1491 inventi
552 1458 647 1495 sunt,
671 1455 769 1497 quam
792 1465 906 1489 contra
930 1466 1011 1495 vos,
1038 1456 1083 1487 ita
1144 1465 1299 1488 revocans
1324 1453 1453 1488 Patrem
1476 1456 1614 1488 vestrum
1628 1480 1635 1487 .
1669 1454 1815 1490 Utinam
1839 1457 1970 1490 fuissent
1992 1469 2083 1494 aures

144 1507 236 1551 quod
257 1507 276 1541 ὲ
298 1505 450 1541 Domino
471 1505 590 1540 fastum
601 1503 782 1544 credimus,
806 1514 861 1538 eos
874 1515 931 1548 pro
944 1505 1080 1539 vobisin
1144 1503 1249 1537 vestrm
1270 1503 1311 1537 ad
1331 1515 1370 1538 os
1395 1504 1534 1537 Domini
1557 1503 1660 1548 Regis
1675 1529 1687 1545 ‚
1713 1506 1896 1548 quandoin
1909 1507 2081 1552 colloquio

142 1556 207 1592 hac
216 1565 306 1601 parte
318 1556 446 1592 locutos
459 1557 528 1590 fore
539 1579 550 1596 ‚
559 1555 614 1599 qui
626 1556 861 1589 consueverant
874 1554 984 1588 vestris
995 1566 1082 1588 com·
1126 1567 1129 1585 ι
1146 1553 1276 1597 Regum
1287 1564 1388 1596 nuper
1398 1553 1511 1587 habito
1524 1554 1608 1587 inrer
1620 1554 1772 1589 Castrum
1799 1555 1983 1591 Besense&
1998 1560 2081 1591 Am-

143 1607 254 1643 modis
265 1606 396 1642 obviare
408 1631 416 1639 .
444 1606 604 1641 Nostrum
615 1614 724 1640 autem
736 1605 911 1639 confilium
925 1615 978 1647 per
992 1605 1085 1648 quos·
1126 1593 1129 1625 ¹
1145 1601 1262 1637 bafiam
1284 1604 1404 1637 dimifit
1428 1604 1614 1637 Dominum
1636 1603 1951 1650 Archi-Episcopum
1978 1631 1988 1646 ,
2013 1614 2049 1641 ut
2061 1606 2081 1640 a

1127 1651 1302 1693 Francis,
1325 1652 1441 1696 quibus
1462 1653 1656 1694 tenebatur,
1682 1655 1847 1690 licentiam
1869 1657 1991 1691 mature
2005 1658 2084 1691 reci·

1146 1714 1232 1746 peret
1246 1728 1256 1743 ,
1284 1702 1341 1736 sub
1354 1702 1624 1736 omniceleritate
1634 1704 1794 1737 rediturus
1815 1705 1857 1737 ad
1879 1706 2004 1748 ipsum,
2033 1708 2083 1740 in·

1145 1752 1186 1785 de
1211 1753 1245 1784 in
1272 1752 1430 1795 Angliam
1453 1751 1659 1785 transiturus.
1688 1752 1814 1797 Igitur,
1843 1764 1878 1788 ut
1892 1756 2083 1791 condicium

1144 1800 1191 1834 est
1204 1825 1215 1840 ‚
1245 1801 1319 1834 Deo
1333 1801 1474 1843 propitio
1484 1825 1495 1842 ,
1522 1802 1555 1834 in
1579 1802 1661 1836 festo
1674 1804 1822 1837 omnium
1837 1805 2018 1839 sanstorum
2030 1806 2082 1840 Se-

1146 1849 1244 1884 nonis
1258 1851 1423 1884 valefaciet
1435 1875 1446 1890 ‚
1472 1862 1513 1884 ex
1523 1853 1686 1894 proposito
1701 1854 1734 1886 ὅ(
1756 1853 1909 1887 condicto
1921 1855 2080 1890 rediturus

1145 1899 1186 1932 ad
1211 1901 1336 1942 propria
1350 1924 1361 1939 ‚
1386 1901 1419 1934 δε
1439 1900 1536 1941 quam
1551 1901 1621 1935 cito
1643 1902 1780 1945 poterit,
1807 1903 1995 1938 sanctorum
2011 1905 2081 1940 Ur·

1146 1947 1221 1982 bem
1234 1950 1338 1982 reditu
1350 1949 1408 1983 suo
1422 1950 1633 1985 cantuariam
1644 1951 1815 1987 illustrabit
1828 1980 1835 1988 .
1863 1953 1936 1988 Vos
1947 1955 2056 2000 itaque
2069 1980 2082 1996 ,

1146 1997 1225 2031 ficut
1238 1997 1404 2033 honori&
1416 2000 1508 2034 saluti
1522 2000 1668 2036 Ecclesiae
1686 2003 1794 2037 vestrae
1804 2005 2003 2047 prospestum
2015 2008 2083 2040 erie-

141 1657 220 1697 dam
242 1657 283 1692 de
302 1656 467 1691 Fratribus
490 1656 608 1691 nostris
631 1655 719 1690 idern
731 1654 899 1688 Dominus
911 1654 1016 1688 noster
1028 1665 1084 1688 ex·

140 1706 239 1751 petiit
249 1730 261 1747 ,
286 1707 320 1741 δι
345 1718 404 1741 nos
425 1706 467 1741 de
480 1717 557 1750 pura
567 1706 770 1740 conscientia
783 1704 849 1747 jam
861 1705 983 1738 distum
997 1703 1084 1739 Ebo-

142 1757 308 1792 racensem
329 1755 559 1799 deponendum
572 1779 583 1795 ,
607 1755 641 1789 δε
663 1756 738 1788 suos
750 1754 940 1797 Complices
952 1765 1082 1787 excom-

140 1802 365 1840 municandos
377 1828 389 1844 ,
414 1815 470 1847 per
480 1804 612 1837 eosdem
623 1803 735 1835 fratres
746 1804 873 1835 nostros
883 1802 939 1835 sibi
959 1802 1083 1844 respon·

144 1855 253 1890 dimus
266 1878 275 1887 .
300 1854 339 1888 ln
359 1853 451 1897 cujus
473 1852 590 1887 litteris
612 1853 810 1896 cognoscere
835 1852 983 1895 poteritis
1004 1851 1084 1895 quid

144 1906 237 1949 super
249 1902 315 1938 hoc
324 1903 365 1938 ab
383 1914 424 1938 eo
444 1903 602 1937 statutum
624 1902 679 1934 fit.
706 1901 879 1945 Rogamus
899 1911 1009 1934 autem
1023 1902 1085 1934 dis-

139 1955 326 1990 cretionem
338 1954 474 1988 vestram
484 1975 497 1989 .
523 1962 560 1986 ut
580 1950 615 1984 id
637 1951 861 1993 aequanimiter
882 1950 913 1983 ὅ(
928 1950 1085 1993 patienter

144 2003 328 2039 sustineatis
339 2027 347 2034 .
374 2002 513 2036 Causam
527 2000 661 2045 quidem
673 2000 784 2034 Dei&
797 1999 944 2033 Ecclesiae
965 2000 1082 2043 agitis,

145 2052 234 2088 unde
243 2064 355 2096 pacem
367 2062 423 2086 vos
439 2052 472 2085 in
487 2051 641 2094 proximo
663 2048 831 2084 habituros
841 2050 875 2083 δε
884 2048 1082 2083 confidimus

145 2105 182 2138 ὅ(
192 2104 354 2147 speramus
367 2126 374 2135 .
401 2101 555 2136 Praeterea
580 2100 738 2134 noveritis
759 2110 818 2133 nos
831 2099 984 2134 Domino
996 2098 1083 2132 Bitu-

144 2152 262 2188 ricenfi
273 2152 385 2186 mififfe
395 2175 406 2191 ,
434 2161 470 2185 ut
483 2152 603 2193 septem
615 2159 739 2183 marcas
751 2148 889 2193 Argenti
904 2149 937 2182 &
949 2148 1084 2192 quadra-

145 2203 239 2247 ginta
249 2201 394 2243 quinque
407 2199 602 2234 Marobotos
615 2197 708 2233 vobis
719 2200 950 2233 transmitteret
962 2223 969 2231 .
981 2197 1083 2245 Qod

147 2253 172 2286 fi
182 2252 303 2286 facturn
315 2251 360 2285 est
376 2274 388 2290 ,
407 2251 510 2293 placet
523 2249 616 2283 nobis
629 2273 636 2281 .
665 2248 828 2291 Alioquin
839 2249 1016 2293 significare
1028 2259 1085 2282 no·

149 2300 199 2335 bis
210 2301 330 2337 curetis
340 2324 353 2341 ‚
378 2310 415 2334 ut
426 2298 459 2333 id
470 2299 628 2334 faciamus
637 2298 765 2334 effectui
787 2299 985 2342 mancipare.

1147 2047 1253 2094 vultis„
1274 2049 1308 2081 in
1332 2048 1493 2091 posterum
1508 2074 1519 2091 ‚
1546 2050 1634 2085 Patri
1658 2053 1760 2086 vestro
1779 2055 1938 2087 occurrite
1961 2079 1971 2095 ,
1998 2056 2031 2088 ὅ(
2042 2057 2077 2088 in

1147 2097 1292 2141 partibus
1306 2099 1516 2141 Cismarinis,
1541 2101 1564 2134 fi
1578 2102 1658 2145 quid
1670 2101 1770 2144 fidei,
1790 2104 1811 2136 sl
1823 2102 1902 2148 quid
1915 2105 2075 2144 amicitia-3

1147 2147 1169 2180 fi
1182 2148 1262 2191 quid
1274 2148 1460 2183 devotionis
1470 2158 1526 2184 aut
1548 2152 1674 2186 consilii
1691 2153 1735 2187 est
1744 2177 1755 2194 ,
1783 2155 1996 2188 transmittere
2009 2166 2078 2189 non

1147 2197 1301 2231 differatis
1313 2222 1325 2238 ,
1341 2199 1429 2232 unde
1441 2201 1471 2233 se
1482 2200 1576 2243 possit
1587 2214 1764 2237 exonerate
1773 2229 1784 2244 ,
1811 2204 1844 2238 ἀ
1866 2203 1958 2237 vobis
1972 2216 2084 2247 perpe-

1147 2245 1205 2279 tuo
1217 2257 1362 2283 teneatur
1374 2248 1540 2283 obnoxius
1552 2276 1558 2282 .
1588 2252 1756 2287 Redimite
1775 2254 1825 2287 vel
1838 2264 1926 2287 nunc
1938 2263 2078 2294 moram,

1147 2306 1188 2328 ne
1200 2295 1284 2329 forte
1294 2295 1335 2329 ad
1346 2296 1376 2329 se
1387 2297 1580 2332 inevitabile
1591 2301 1715 2342 jasturae
1728 2313 1833 2335 rerum
1850 2303 1883 2335 δε
1897 2304 1988 2336 famae
2000 2304 2080 2346 peri-

1147 2346 1259 2379 culum
1271 2345 1375 2379 trahat
1386 2370 1393 2377 .
1421 2346 1458 2379 In
1473 2347 1603 2383 historia
1617 2362 1778 2385 novorum
1790 2354 1888 2393 repeti
1900 2353 2077 2388 decessores

295 2400 327 2435 Ε
353 2397 381 2433 P
407 2399 423 2433 1
448 2399 470 2434 S
494 2398 532 2433 T
555 2401 589 2435 Ο
614 2397 645 2432 L
671 2395 705 2432 A
828 2396 935 2432 LXII.
1169 2395 1251 2428 esto
1282 2394 1405 2438 primos
1424 2399 1593 2432 occurrisse
1613 2399 1784 2431 revertenti
1805 2398 1846 2432 ab
1867 2401 1969 2434 exilio
1984 2403 2076 2437 Patri

737 2449 741 2454 ’
1149 2445 1326 2479 Anselmo.
1355 2445 1516 2487 Nunquid
1533 2456 1592 2479 vos
1613 2447 1785 2490 degeneres
1806 2448 1916 2489 eritis,
1942 2460 1977 2483 ut
1992 2450 2078 2486 nihil

1149 2494 1254 2528 solatii
1276 2505 1332 2528 aut
1356 2496 1529 2528 minimum
1551 2494 1591 2529 ad
1616 2507 1673 2530 vos
1696 2498 1928 2533 revertentibus
1939 2499 2027 2534 Patri
2040 2503 2076 2537 ὅ(

1149 2544 1312 2579 Fratribus
1322 2545 1520 2578 conferatis?
1550 2543 1639 2579 Absit
1652 2545 1716 2581 hoc
1727 2548 1850 2591 semper
1861 2548 1878 2581 ὲ
1891 2550 1993 2592 prima
2004 2551 2076 2585 Bri-

1148 2594 1332 2629 tanniarum
1344 2591 1424 2627 Sede
1434 2593 1656 2629 cantuariensi
1667 2619 1679 2635 ,
1706 2607 1744 2631 ne
1754 2607 1822 2632 ram
1833 2599 1956 2634 foedum
1968 2600 2077 2644 operis

1148 2645 1263 2684 vestri,
1288 2653 1354 2677 tam
1367 2643 1831 2681 inhumanumfflndevotum
1845 2649 1879 2683 <Sc
1899 2649 2074 2694 indiscipli-

281 2497 402 2532 Tbomae
425 2495 635 2539 cantuariensi
668 2495 755 2530 Archi
768 2495 946 2539 -Epifcopo

394 2546 609 2581 Theodvvmus
635 2547 817 2582 cardinalis
830 2570 837 2578 .

237 2646 432 2683 oGNlTo
457 2646 491 2680 δι
513 2656 572 2689 pro
584 2656 660 2679 vero
671 2643 784 2679 habito
797 2667 809 2684 ,
835 2643 923 2688 quod
934 2644 1002 2687 ejus
1015 2656 1087 2688 prae-

1146 2704 1261 2728 natum
1273 2693 1462 2735 exemplum
1475 2697 1671 2730 transmittat
1683 2697 1722 2730 ad
1734 2696 1884 2732 posteros
1895 2722 1902 2730 .
1916 2700 2025 2734 Dolor
2035 2701 2069 2734 δε

1145 2742 1250 2778 cordis
1270 2742 1416 2787 angustia
1439 2754 1493 2778 me
1516 2744 1611 2780 vobis
1629 2748 1881 2791 compatientem
1903 2749 1935 2782 &
1957 2751 2074 2784 timen-

1148 2803 1213 2827 tem
1225 2817 1235 2833 ,
1265 2803 1352 2827 neex
1364 2793 1671 2836 pusillanimitate&
1683 2798 1810 2831 tenacia
1831 2798 2036 2842 quorundam
2061 2824 2075 2840 ,

1145 2843 1234 2885 quod
1246 2843 1337 2877 Deus
1348 2854 1470 2878 avertat
1491 2868 1502 2885 ‚
1529 2845 1668 2880 Ecclesia
1691 2846 1814 2881 Christi
1834 2847 2075 2893 contrahatop·

262 2706 361 2731 eunte
373 2695 476 2741 gratia
487 2718 499 2736 ,
525 2697 582 2739 qui
597 2694 716 2738 superis
736 2694 958 2728 reconciliavit
969 2705 1087 2729 morta·

151 2750 217 2789 les,
243 2747 328 2781 inter
340 2756 399 2779 vos
422 2745 654 2779 &Dominum
675 2744 804 2788 Regem
829 2744 958 2787 Angliae
971 2756 1033 2788 pax
1050 2745 1084 2779 fit

150 2796 293 2843 plenarie
319 2797 490 2830 reformata
513 2818 525 2835 ‚
561 2792 724 2828 indicibili
758 2794 880 2838 gaudio
905 2794 939 2827 δε
974 2795 1083 2828 laetitia

151 2846 390 2886 exultavimus,
414 2856 456 2878 ex
468 2844 592 2880 intimis
605 2842 780 2879 visceribus
802 2843 851 2877 illi
873 2844 994 2887 gratias
1005 2846 1083 2878 refe-

152 2907 258 2932 rentes
271 2921 283 2938 ,
308 2896 366 2939 qui
388 2894 464 2930 fecit
482 2893 652 2929 vobiscum
674 2891 927 2927 misericordiam
950 2892 1083 2928 &dedit

151 2947 253 2982 etiam
276 2957 353 2980 cum
370 2944 574 2979 exultatione
597 2951 812 2988 proventum,
838 2941 944 2977 eidem
967 2945 1083 2987 pariter

153 3007 260 3041 preces
271 2996 446 3030 continuas
457 2995 624 3028 offerentes
636 3017 648 3034 ,
675 3003 710 3028 ut
720 2993 775 3037 qui
789 2994 960 3027 reformare
969 2995 1082 3038 digna-

155 3045 263 3082 tusest
275 3069 288 3086 ,
313 3044 472 3079 illibatam
484 3044 647 3079 conservet
667 3043 702 3077 δε
726 3054 842 3088 augeat
853 3066 865 3083 ,
890 3043 970 3078 ficut
991 3054 1082 3087 expe-

152 3096 204 3133 dit
216 3121 226 3137 ‚
252 3096 286 3130 in
299 3105 455 3129 aeternum
467 3119 474 3126 .
504 3094 547 3128 Et
558 3093 632 3128 licet
643 3093 746 3139 magis
757 3093 903 3128 videatur
926 3094 1081 3127 idoneum

153 3145 398 3181 &conveniens
414 3143 432 3177 a
446 3143 541 3178 vobis
562 3154 623 3177 nos
641 3142 768 3184 doceri,
797 3144 830 3177 &
841 3142 1010 3178 admoneri
1022 3142 1082 3177 de·-

156 3197 231 3231 bere
240 3220 252 3236 ‚
279 3195 319 3230 de
330 3196 446 3229 sincera
456 3203 566 3228 tamen
581 3193 754 3228 dilectione
770 3194 989 3236 praesumentes
1001 3194 1081 3227 alio·

156 3257 229 3281 rum
242 3256 331 3279 arma
350 3243 539 3284 induimur,
564 3244 596 3277 ἀ
609 3242 799 3278 paternitati
829 3243 936 3277 vestra:
971 3244 1080 3286 aliqua

156 3294 288 3330 suadere
308 3304 474 3329 tentamus
497 3318 504 3325 .
540 3292 710 3337 Rogamus
731 3294 831 3339 igitur
854 3293 888 3326 ὅ(
909 3293 1081 3326 affectuose

158 3344 359 3389 suggerimus
369 3368 380 3384 ‚
391 3343 550 3387 quatenus
560 3341 809 3378 misericordiam
823 3367 834 3383 ‚
846 3354 913 3377 non
923 3342 1078 3385 judicium

156 3395 280 3435 ineos,
307 3393 364 3437 qui
377 3403 589 3437 peccaverunt
602 3393 636 3426 in
649 3392 742 3427 vobis
757 3418 769 3438 ,
794 3393 990 3435 exerceatis;
1011 3404 1079 3428 non

256 3441 363 3488 christ,
375 3446 453 3487 Lupi
463 3447 561 3486 Opera
571 3447 650 3477 Tom.
663 3445 705 3476 X.
1583 3442 1616 3477 G
1626 3453 1648 3487 g
1697 3454 1720 3479 2
1916 3445 1948 3479 Ε
1960 3446 1984 3481 p
1999 3446 2024 3478 1.

1146 2892 1308 2937 probrium
1323 2893 1550 2936 sempiternum
1562 2920 1573 2936 ,
1600 2897 1737 2931 scribere
1747 2909 1813 2931 non
1830 2899 2074 2942 patiunturorn·

1146 2945 1219 2982 nia,
1247 2953 1317 2986 quae
1338 2943 1430 2978 locus
1451 2945 1484 2978 &
1506 2947 1755 2991 causaingerit‚
1778 2949 1830 2982 sed
1853 2947 2033 2982 utarbitror
2060 2973 2072 2989 ,

1145 2993 1253 3026 Deum
1265 2993 1500 3028 timentibus&
1513 2997 1726 3038 sapientibus,
1754 2997 1788 3030 ἀ
1810 2998 1993 3032 amantibus
2011 2996 2071 3031 ho-

1146 3042 1320 3083 nestatem,
1346 3044 1420 3078 satis
1430 3044 1552 3079 dicium
1563 3046 1625 3078 est.
1656 3047 1820 3081 Hactenus
1832 3057 1909 3092 ergo
1931 3047 2068 3081 Amicos

1144 3094 1367 3136 praemonuisse
1380 3095 1537 3136 sufficiam
1563 3106 1623 3129 nec
1636 3095 1772 3138 dubito,
1799 3100 1879 3140 quin
1903 3096 2068 3137 charitat-is

1143 3143 1328 3178 amantibus
1339 3142 1489 3177 reddatur
1498 3143 1618 3178 frustus
1631 3170 1641 3186 ,
1667 3146 1700 3180 ἀ
1722 3148 1756 3180 in
1769 3148 1879 3180 surdos
1891 3170 1902 3186 ‚
1929 3157 1964 3180 ut
1981 3155 2067 3178 vete-

1143 3194 1168 3226 ri
1181 3193 1351 3236 proverbio
1362 3194 1427 3227 dici
1441 3194 1520 3226 solet
1533 3218 1544 3233 ,
1569 3195 1659 3228 Faba
1670 3198 1813 3231 cudatur.
1842 3195 1957 3230 Valere
1974 3194 2068 3229 vestri

1144 3244 1178 3278 ἀ
1190 3243 1290 3279 nostri
1303 3253 1462 3277 memores
1474 3241 1508 3276 in
1520 3242 1679 3280 charitate
1691 3270 1700 3279 .
