2358 3776
255 218 344 259 ‘velle
366 219 491 265 litigare
512 210 604 262 super
622 215 675 252 his
698 241 709 257 ‚
740 227 811 260 que
834 214 876 252 ad
909 215 1110 254 Dominium
1132 220 1222 254 suum

259 274 419 318 pertinere
439 268 544 302 fuiffet
570 268 790 306 notissimum,
814 268 870 302 etsi
897 278 1103 313 quocumque
1125 271 1224 305 titulo

258 321 374 365 injuste
394 319 553 356 alienata.
582 319 625 353 Et
645 318 690 351 ita
715 319 829 352 omnia
857 318 971 360 praedia
994 319 1071 359 illa,
1097 331 1166 366 quae
1177 321 1226 354 fir

256 372 310 408 me
331 368 472 403 feudales
493 368 685 402 dicebantur
710 392 721 408 ,
757 379 815 410 pro
839 368 1007 403 voluntate
1031 370 1085 402 sua
1119 381 1224 404 tenuit

252 422 288 454 ὅ(
308 416 493 458 ordinavit,
520 419 626 451 donec
649 417 841 451 exturbatus
867 416 932 451 haec
957 419 989 453 &
1011 418 1074 453 alia
1097 430 1226 463 propter

254 468 412 512 justitiam
447 468 639 511 proscriptus
662 466 802 510 perdidit
825 492 832 499 .
874 466 980 502 Unde
1004 467 1223 513 hujuscemodi

254 518 353 552 motis
367 517 601 561 quaestionibus
620 518 772 551 oriuntur
804 517 961 551 Pontifici
986 528 1064 552 mox
1091 531 1211 554 conten

253 569 359 602 tiones
375 592 385 608 ,
429 569 462 602 ὃς
485 569 577 608 lites,
624 568 655 601 &
676 567 845 602 adversarii
870 568 988 607 multi,
1015 568 1065 602 sed
1097 581 1226 613 propter

253 618 357 662 Regis
391 628 514 651 metum
542 617 738 651 occultiores
760 642 771 658 ,
800 618 955 651 eximiam
988 618 1100 660 illam,
1127 631 1224 663 quam

252 666 393 701 habebat
412 667 539 706 adhuc,
566 668 667 711 Regis
689 669 828 712 gratiam
849 678 992 701 verentes
1005 692 1015 707 ,
1042 670 1075 703 ὅ(
1095 669 1141 704 ob
1161 668 1225 703 hoc

253 716 424 751 Pontifieis
446 730 513 752 non
538 719 707 751 modicum
743 727 922 751 metuentes
942 718 1100 753 offensam
1125 743 1133 752 .
1160 718 1213 753 Ve

252 778 325 801 rum
345 768 402 810 qui
425 768 455 801 se
475 768 562 801 laesos
585 767 767 810 sentiebant
781 792 792 808 ,
820 778 874 801 aut
888 767 1051 802 laedendos
1075 769 1211 815 vereban

251 827 325 858 tur,
355 817 481 862 Regem
491 828 582 852 extra
595 818 749 862 Regnum
762 827 912 861 agentem
928 818 1049 853 adeunt
1067 844 1078 860 ,
1102 820 1135 854 ὅ(
1148 831 1211 853 con

251 877 424 911 querentes
446 877 636 911 exponunt,
665 868 768 910 aliqui
795 867 826 902 se
850 868 979 911 passm,
1003 868 1058 903 alii
1088 869 1166 903 vero
1195 870 1226 903 se

250 917 392 960 passuros
404 917 553 960 injuriam
568 930 619 960 per
633 917 829 951 Pontificem
845 942 855 958 ‚
885 918 941 951 nili
954 917 1061 963 Regia
1073 919 1225 952 Clemen-

251 967 296 1002 tia
315 966 620 1009 Justitiaeffadhibeat
644 979 780 1001 manum
804 993 811 1000 .
853 967 898 1001 Et
918 969 1103 1003 constanter
1124 969 1225 1013 Regis

248 1017 293 1050 ad
315 1016 512 1052 Pontificem
531 1019 670 1063 gratiam
686 1040 697 1056 ,
724 1018 774 1051 vel
796 1016 830 1051 in
846 1018 958 1060 aliquo
979 1018 1167 1053 labefactare
1180 1029 1225 1052 at-

251 1074 414 1101 tentantes
435 1068 579 1108 addunt,
606 1067 694 1111 quod
715 1067 819 1101 nimia
844 1068 950 1111 Regis
971 1069 1075 1112 gratia
1100 1078 1223 1102 cornua

249 1115 338 1150 daret
360 1115 515 1150 Pontifici
537 1117 578 1150 ad
601 1117 826 1150 excedendum
842 1140 850 1148 .
878 1117 938 1150 Sed
954 1117 1025 1150 Rex
1041 1142 1051 1157 ,
1078 1119 1134 1161 qui
1149 1130 1222 1162 ope·

249 1177 282 1200 re
303 1166 336 1199 ἀ
360 1167 493 1200 veritate
514 1176 589 1199 eum
613 1165 793 1210 diligebat,
819 1165 837 1198 ὲ
860 1166 979 1200 talibus
998 1167 1159 1202 avertebat
1170 1179 1224 1202 au-

246 1215 375 1250 ditum.
404 1216 448 1249 Et
470 1216 546 1259 quia
570 1215 603 1248 in
634 1217 774 1250 articulo
796 1226 864 1250 erat
887 1218 1114 1252 transfretandi
1139 1243 1150 1259 ,
1188 1218 1220 1251 in

248 1266 425 1299 adventum
438 1266 580 1299 suumin
594 1265 754 1310 Angliam
769 1291 779 1306 ,
790 1276 959 1310 querentes
969 1267 1114 1301 distulit.
1141 1267 1223 1315 Qo

248 1316 384 1350 tandem
408 1315 494 1360 apud
516 1314 742 1350 Suthantune
749 1317 930 1359 applicito,
968 1318 1142 1351 confestim
1164 1317 1221 1351 Ar·

247 1365 326 1402 chi·
339 1365 456 1400 Praesul
485 1377 561 1400 cum
584 1367 718 1411 egregio
738 1366 798 1399 illo
834 1378 935 1410 puero
967 1366 1115 1400 Henrico
1136 1367 1223 1401 Filio

246 1416 353 1461 Regis
376 1416 510 1450 obviam
531 1415 641 1450 venit.
671 1416 714 1450 Et
737 1427 812 1450 ecce
835 1416 900 1450 illis
922 1416 1024 1462 Regis
1045 1415 1223 1460 hospitium

248 1465 541 1511 ingredientibus,
569 1465 663 1509 Rege
687 1466 720 1499 δε
763 1466 918 1500 universis
943 1466 1190 1500 occurrentibus
1215 1489 1227 1506 ‚

246 1527 303 1558 per
326 1525 430 1549 totam
450 1516 573 1548 Aulam
592 1516 632 1551 fit
653 1515 812 1558 gaudium
834 1516 869 1550 &
892 1516 1054 1550 exultatio
1069 1541 1076 1549 .
1116 1517 1165 1549 lta
1189 1526 1224 1550 ut

247 1564 411 1598 videretur
431 1563 504 1596 Rex
527 1565 558 1596 se
577 1574 684 1596 totum
706 1573 838 1605 propter
860 1564 1060 1598 Pontificem
1076 1566 1110 1597 in
1123 1577 1225 1599 omne

248 1614 409 1659 gaudium
425 1613 585 1646 dilataret'
608 1610 743 1655 Utpote
765 1635 776 1651 ,
815 1610 871 1654 qui
893 1622 982 1645 nunc
1004 1611 1110 1655 primo
1133 1614 1225 1647 suum

246 1663 417 1708 quondam
441 1661 537 1696 Aulae
559 1658 732 1693 Thomam
764 1661 885 1692 videret
917 1661 1135 1694 Pontificem.
1182 1663 1225 1696 Et

247 1712 392 1750 maxime
415 1711 460 1745 ob
480 1709 545 1744 hoc
567 1706 729 1753 gaudebat
743 1733 753 1748 ‚
782 1709 859 1751 quia
883 1707 923 1741 de
942 1710 1117 1743 Sanctitate
1141 1710 1226 1743 Pon-

250 1764 351 1802 tificis
372 1773 421 1796 tot
442 1761 475 1794 ὅ(
498 1770 589 1794 tanta
604 1782 615 1799 ,
640 1760 762 1793 secreto
784 1758 851 1801 jam
884 1758 1071 1801 perstricto,
1098 1770 1226 1802 accepe-

248 1824 313 1849 rat.
341 1811 427 1846 Cum
453 1809 531 1844 vero
554 1820 607 1852 per
627 1809 754 1853 aliquot
776 1806 844 1842 dies
857 1808 897 1841 fic
916 1808 1226 1853 congratularentur

248 1864 291 1899 ad
312 1864 454 1896 invicem
468 1886 478 1902 ,
505 1859 638 1894 tandem
654 1858 811 1893 Pontifex
824 1869 899 1891 cum
923 1858 1059 1892 alumno
1082 1859 1140 1893 suo
1155 1871 1227 1902 prae-

252 1914 322 1948 fato
343 1912 361 1946 ὲ
380 1912 475 1955 Rege
490 1910 668 1945 inysumma
683 1908 787 1953 gratia
809 1907 980 1942 absceffit:
997 1908 1122 1943 Praefati
1145 1908 1224 1943 vero

250 1961 391 2008 Qeruli
411 1958 555 1993 videntes
575 1960 608 1994 δε
630 1959 800 1993 audientes
822 1959 863 1993 fic
887 1957 1094 1994 abscondunt
1108 1958 1158 2001 se,
1192 1959 1225 1995 &

247 2012 393 2056 querelas
412 2009 630 2045 diffimulant.

418 2107 830 2150 (CAPUT
932 2108 1053 2143 X1v.

353 2215 400 2244 De
413 2208 593 2252 profec‘lione
614 2210 679 2250 eJ‘us
699 2209 743 2241 ad
764 2208 927 2242 commum
950 2206 1124 2251 Turonense.

299 2324 301 2326 ¹
334 2310 372 2344 T
392 2322 468 2345 ecce
486 2309 557 2353 post
581 2308 750 2343 modicum
783 2307 886 2342 felicis
906 2309 1070 2342 memoriae
1083 2306 1222 2341 Alexan-

361 2361 417 2395 der
442 2361 530 2402 Papa
553 2371 608 2403 per
634 2358 817 2392 universam
840 2356 1092 2392 Catholicorum
1115 2357 1223 2391 Eccle-

255 2405 356 2454 siam,
379 2420 448 2445 erat
468 2410 588 2453 quippe
609 2409 644 2443 in
665 2408 817 2443 Romana
844 2408 986 2442 Ecclefia
1009 2418 1088 2442 tunc
1120 2406 1223 2442 Schis—

255 2474 332 2503 ma,
358 2460 550 2495 Concilium
576 2469 754 2493 convocat.
783 2457 891 2492 Unde
911 2459 943 2492 &
970 2456 1240 2503 ArchissPraesul

255 2512 292 2547 in
313 2510 470 2545 omnibus
491 2520 630 2554 magnus
642 2533 653 2550 ,
679 2508 999 2554 magnificentissime
1025 2508 1065 2543 ad
1079 2507 1224 2541 transfre

257 2561 393 2596 tandum
406 2562 437 2595 se
449 2558 642 2604 praeparabat
652 2585 660 2591 .
686 2558 729 2592 Et
741 2558 836 2603 Rege
846 2558 938 2592 adito
951 2559 1122 2592 alumnum
1135 2558 1228 2591 suum

260 2610 351 2644 Patri
373 2610 533 2649 restituit,
558 2610 592 2642 δε
608 2609 651 2642 fic
673 2620 750 2643 cum
775 2608 899 2643 summa
920 2609 1024 2653 gratia
1046 2607 1230 2641 licentiatus

260 2672 280 2694 a
300 2660 414 2703 Rege,
435 2658 572 2691 tandem
593 2682 604 2697 ,
640 2668 714 2690 aura
737 2659 837 2692 flante
859 2659 1024 2715 prospera,
1069 2659 1193 2691 Mare'
1186 2670 1228 2690 in-

262 2710 414 2755 gressus,
441 2708 475 2740 in
496 2705 649 2741 Flandria
674 2707 708 2740 in
731 2706 857 2745 Portu,
883 2709 938 2749 qui
961 2708 1081 2742 dicitur
1106 2708 1231 2742 Grave·-

263 2761 354 2802 linga
378 2781 389 2798 ,
427 2757 574 2801 prospere
595 2754 757 2800 applicuit
793 2780 800 2787 .
841 2756 907 2789 Cui
932 2769 1009 2790 mox
1032 2757 1180 2792 Proceres
1200 2758 1232 2791 &

263 2808 405 2843 Nobiles
424 2816 510 2840 terrae
529 2807 618 2840 illius
641 2814 848 2840 occurrerunt
871 2830 882 2846 ,
907 2817 1039 2841 omnem
1072 2807 1231 2842 honorem

264 2857 458 2893 exhibentes
469 2854 617 2890 certatim
631 2879 643 2896 ,
670 2856 703 2889 &
727 2858 779 2889 sua
801 2856 914 2898 &quae
937 2867 1085 2900 poterant
1097 2858 1229 2891 offeren-

265 2918 329 2943 tes,
356 2905 487 2942 Deinde
504 2906 579 2940 vero
613 2917 668 2950 per
703 2905 961 2940 Nortmanniam
983 2907 1016 2941 δε
1048 2908 1231 2942 Cenoman-

267 2959 361 2992 niam
382 2957 557 2996 transiens,
588 2956 623 2990 in
643 2957 737 2989 omni
761 2955 863 2998 Regis
893 2957 1079 3000 Anglorum
1102 2958 1230 2992 ditione

267 3005 451 3041 honorifice
471 3004 601 3050 quidem
625 3005 779 3050 tanquam
800 3004 871 3038 Rex
897 3006 962 3049 ipse
991 3007 1230 3050 excipiebatur3

272 3057 423 3092 Turonis
443 3054 521 3090 vero
544 3056 606 3098 jam
629 3056 893 3099 appropinquans
919 3080 930 3096 ,
964 3057 1060 3089 tertio
1083 3058 1116 3090 ni
1138 3058 1234 3091 fallor

272 3106 328 3141 die
348 3114 423 3140 ante
441 3105 672 3140 celebrandum
685 3105 878 3139 Concilium
891 3129 902 3144 ,
928 3105 1104 3140 Civitatem
1118 3107 1231 3151 ingres·

274 3158 384 3197 sutus,
409 3156 524 3190 audito
544 3155 611 3198 ejus
630 3155 796 3196 adventu,
823 3167 903 3189 mox
927 3155 1071 3189 universa
1109 3155 1235 3190 Civitas

275 3215 521 3245 commovetur,
549 3206 582 3239 δε
599 3205 731 3239 obviam
752 3215 874 3239 exeunt
898 3206 1053 3238 universi:
1084 3205 1164 3238 Non
1190 3207 1235 3239 so-

273 3254 346 3293 lum
367 3255 467 3290 Cives
486 3256 520 3288 &
541 3254 723 3298 indigenae,
751 3255 803 3289 sed
828 3256 862 3289 ὃ(
885 3254 1031 3288 Personae
1045 3255 1235 3289 Ecclesiasti-

275 3313 345 3342 cae,
369 3314 437 3344 quae
455 3305 496 3339 ad
517 3304 784 3347 Conciliumjam
804 3304 868 3338 sere
878 3316 992 3339 omnes
1004 3316 1236 3347 convenerant,

277 3352 470 3387 diversarum
493 3355 662 3389 nationum
687 3353 810 3388 Archi·
824 3353 974 3388 Praesules
994 3356 1027 3389 ὃς
1046 3355 1237 3397 Pontifices,

278 3403 313 3437 ἀ
333 3400 422 3444 quod
444 3405 577 3437 minime
595 3403 790 3443 tacendum,
819 3416 927 3446 praeter
952 3405 1107 3439 Romanae
1127 3404 1236 3439 Eccle-

280 3452 327 3500 ᾖε
349 3461 472 3486 morem
497 3452 634 3488 Domini
660 3454 978 3491 ParesacRestores
998 3454 1144 3491 Ecclesia:
1155 3454 1229 3491 Car·

1080 127 1437 178 VITA

1284 217 1406 253 dinales
1429 217 1584 259 universi,
1613 215 1713 263 longe
1732 212 1914 262 priusquam
1934 202 2148 255 Civitatem·
2137 229 2246 266 ingre·

1286 262 1435 309 deretur,
1460 277 1679 303 occurrerunt.
1708 267 1922 310 Praeterquam
1933 268 2001 304 duo
2011 270 2141 305 tantum
2154 294 2165 311 ,
2190 263 2260 315 qui

1287 318 1436 354 Domino
1462 317 1555 364 Papae
1582 342 1594 358 ,
1625 329 1667 352 ne
1687 317 1721 350 in
1744 326 1810 351 tam
1829 317 1946 352 celebri
1966 319 2146 378 frequentia
2181 321 2250 355 fine

1290 368 1439 403 lateribus
1450 371 1551 410 effer,
1574 366 1799 402 confidebant.
1825 367 1939 402 Tanta
1951 366 2027 402 vero
2037 368 2100 402 fuit
2111 371 2249 414 sequen-

1291 418 1371 451 tium
1394 429 1518 458 turma,
1547 428 1584 453 ut
1611 417 1737 451 Archi·
1749 416 1884 451 Praesule
1904 415 1946 451 ad
1965 418 2156 454 Dominum
2183 419 2251 454 Pa-

1292 479 1362 511 pam
1380 468 1585 515 ingrediente
1605 465 1770 502 Palatium
1784 467 1899 512 Papae,
1924 466 2011 510 Papa
2024 468 2117 512 *quasi
2143 480 2185 503 ex
2197 479 2253 503 ne-

1291 518 1448 559 cessitate,
1476 529 1516 552 ne
1528 518 1817 561 comprimeretur,
1843 516 1876 550 in
1889 528 1955 561 quo
1966 526 2032 551 erat
2052 518 2154 560 exiret
2173 516 2245 553 tha-

1292 568 1433 608 lamum,
1459 568 1726 612 &ingrederetur
1737 566 1919 603 Palatium.
1947 566 1990 600 Et
2004 567 2170 603 Dominus
2181 567 2251 612 qui-

1292 618 1363 651 dem
1385 617 1473 661 Papa
1500 616 1627 651 Archi·
1642 616 1809 652 Praesulem
1822 614 2138 662 benigniffimetunc
2143 619 2252 653 susce·

1293 668 1359 710 pit.
1385 668 1428 703 Et
1445 678 1486 701 eo
1505 666 1635 711 quidem
1659 666 1836 714 benignius
1848 691 1859 708 ,
1884 665 1973 711 quod
1994 678 2037 700 ex
2053 667 2178 701 multo
2173 677 2254 712 tem·

1293 729 1366 761 pore
1387 715 1522 761 cupiens
1544 729 1610 752 erat
1622 729 1698 751 eum
1719 717 1829 751 videre
1841 740 1852 757 ,
1878 717 1936 760 qui
1952 726 2018 750 tam
2031 717 2133 752 multa
2145 708 2256 752 audie-

1291 778 1337 801 rat
1359 766 1399 801 de
1422 779 1482 801 eo.
1512 768 1555 801 Et
1575 778 1611 801 ut
1635 759 1807 803 videbatur
1817 768 1909 810 super
1929 766 2044 800 itinere
2060 766 2091 800 ei
2111 767 2258 811 compas-

1291 818 1359 857 sus,
1388 815 1456 851 cito
1467 817 1586 852 dimisit
1600 829 1693 852 eum.
1723 817 1767 851 Et
1780 815 1910 853 Archi·
1919 815 2087 851 Praesulfic
2100 817 2255 852 recedens

1291 869 1323 900 in
1345 867 1465 902 Arcem
1492 867 1612 912 Regis,
1640 879 1710 911 quae
1723 867 1825 911 prope
1846 865 2009 901 Palatium
2025 876 2115 908 erat,
2152 866 2258 911 hospi-

1289 918 1337 950 tio
1349 918 1379 951 se
1396 918 1534 960 recepit.
1564 919 1675 959 ltaque
1698 926 1753 960 per
1764 916 1890 960 aliquot
1902 916 1971 951 dies
1991 915 2155 951 celebrato
2167 916 2259 952 Con-

1289 967 1388 1007 cilio,
1415 967 1456 1001 ad
1482 966 1582 1001 Archi
1595 986 1602 992 -
1617 967 1764 1001 Praesulis
1782 967 1885 1001 nostri
1902 967 2098 1010 petitionem
2116 965 2258 1002 nonnul·

1290 1017 1327 1051 lis
1341 1017 1488 1052 Ecclefiae
1508 1018 1567 1050 suae
1585 1017 1770 1060 privilegiis
1790 1017 1976 1056 renovatis,
2014 1017 2062 1050 vir
2084 1012 2254 1060 Apostoli-

1288 1079 1344 1101 cus
1367 1069 1402 1100 in
1423 1067 1537 1101 osculo
1563 1067 1648 1112 pacis
1680 1066 1799 1101 dimisit
1817 1076 1892 1100 eum
1925 1078 2001 1100 cum
2034 1065 2260 1107 benedistione

1289 1118 1340 1150 sua
1365 1117 1397 1151 δε
1421 1118 1526 1161 gratia
1539 1142 1546 1149 .
1578 1117 1619 1149 Et
1633 1117 1765 1159 quidem
1777 1127 1904 1160 aequore
1917 1116 1952 1150 δε
1976 1126 2047 1150 aere
2058 1114 2257 1160 faventibus,

1290 1169 1322 1200 in
1346 1166 1506 1211 Angliam
1530 1166 1599 1200 cito
1625 1178 1700 1200 cum
1721 1165 1844 1210 gaudio
1862 1161 2004 1200 reversus
2019 1165 2087 1207 est,
2114 1163 2258 1200 secundo

1289 1217 1353 1259 jam
1376 1228 1466 1249 anno
1487 1216 1754 1251 Consecrationis
1780 1218 1852 1250 suae.
1885 1215 1927 1249 Et
1948 1215 2095 1259 aRege,
2121 1226 2180 1260 pro
2192 1222 2264 1250 mo-

1291 1267 1367 1300 re&
1389 1266 1523 1308 debito,
1551 1267 1707 1311 tanquam
1727 1265 1853 1300 Pater
1842 1278 1859 1301 a
1881 1265 1989 1301 Filio
1979 1277 2015 1300 m
2027 1264 2120 1300 omni
2119 1259 2261 1323 gaudio

1291 1317 1480 1362 suscipitur.

1489 1415 1521 1450 G
1571 1415 1603 1450 A
1655 1417 1683 1451 P
1736 1415 1792 1452 Π
1828 1413 1867 1449 Τ
1956 1417 2000 1451 ’Χ
2013 1413 2058 1451 V.

1416 1518 1462 1550 De
1478 1515 1698 1560 consecratione
1718 1514 1933 1561 Epffcoporum
1955 1510 2137 1561 Vlgbmen‘sss
2156 1562 2159 1564 Ι
2186 1500 2189 1502 -

1626 1569 1659 1602 Θ·
1678 1565 1927 1611 Herefordienfis.

1410 1663 1446 1697 ls
1473 1662 1586 1697 diebus
1606 1661 1674 1695 duae
1698 1662 1858 1697 vacabant
1882 1662 1978 1698 Sedes
1998 1656 2238 1708 Episeoflales'
2229 1677 2266 1700 m

1424 1711 1620 1749 Provincia,
1650 1711 1863 1753 vigornensis
1888 1713 2040 1746 videlicet
2061 1709 2270 1750 &Herefors

1290 1758 1426 1798 diensis,
1454 1759 1568 1802 prioris
1590 1735 1681 1792 S’edis
1703 1755 1899 1793 pontifice
1889 1771 1953 1802 jam
1977 1770 2134 1810 mortuo,
2159 1756 2216 1803 sed
2225 1762 2268 1798 al-

1290 1816 1360 1842 tero
1375 1808 1415 1842 ab
1429 1807 1670 1842 Herefordienfi
1685 1807 1726 1842 ad
1751 1808 2021 1845 Londoniensem
2042 1807 2154 1851 sedem
2166 1809 2268 1857 trans-

1291 1858 1376 1892 lato.
1405 1858 1600 1893 Translatus
1612 1858 1781 1893 Gilbertus
1798 1857 1943 1894 ‘F‘olioth
1964 1870 2102 1895 vocatus
2124 1867 2192 1896 erat
2207 1858 2267 1904 rior

1292 1908 1379 1942 mine
1403 1910 1560 1953 proprio,
1595 1919 1822 1953 cognomento
1846 1908 2020 1946 Folioth.
2059 1911 2134 1946 Has
2166 1912 2268 1957 igitur

1289 1958 1368 1992 duas
1390 1959 1478 1992 sedes
1501 1968 1653 1993 vacantes
1674 1959 1749 1993 cum
1775 1959 1853 1994 Rex
1876 1960 2077 2004 aliquamdiu
2100 1960 2267 2004 tenuisset,

1288 2008 1306 2041 a
1330 2019 1417 2042 novo
1446 2008 1720 2052 Metropolitano'
1741 2011 1801 2044 suo
1826 2010 1934 2054 saepius
1970 2011 2017 2044 est
2043 2019 2228 2047 conventus
2257 2037 2271 2054 ,

1293 2069 1381 2091 nune
1404 2066 1558 2102 rogatus,
1589 2070 1675 2091 nunc
1701 2060 1870 2100 monitus,
1899 2061 2063 2096 interdum
2083 2061 2117 2096 δε
2138 2062 2286 2103 aetiten<

1291 2108 1340 2141 sed
1354 2108 1457 2141 amice
1470 2118 1661 2150 correptus,
1690 2110 1779 2152 quod
1792 2110 1825 2143 in
1851 2109 1979 2146 sedibus
1990 2111 2181 2147 vacantibus
2191 2111 2269 2147 Cle-

1290 2169 1324 2191 ro
1346 2157 1386 2191 dc
1402 2157 1630 2192 substituendis
1656 2158 1843 2194 Pastoribus
1856 2171 1922 2197 non
1935 2161 2157 2198 consentiret.
2182 2161 2265 2197 Mos

1290 2210 1378 2241 enim
1402 2206 1587 2251 prophanus
1609 2209 1641 2240 in
1668 2208 1847 2250 plurimis
1839 2221 1905 2252 jam
1941 2211 2068 2255 Regnis
2089 2210 2228 2247 inolevit
2255 2235 2269 2254 ,

1290 2256 1378 2299 quod
1392 2258 1605 2301 Episcopatus
1631 2268 1781 2292 vacantes
1803 2259 1835 2292 δε
1863 2258 2065 2294 Monasteria
2086 2255 2268 2309 Βεεεεμο

1291 2318 1370 2342 voto
1394 2319 1447 2351 per
1468 2318 1573 2341 annos
1593 2317 1726 2347 tenent,
1753 2308 1787 2342 δε
1818 2309 1906 2349 quast
1932 2309 2067 2342 Christo
2087 2310 2268 2356 proscripto

1291 2358 1495 2414 applicantur
1516 2358 1612 2391 Fisco
1636 2356 1697 2390 dos
1719 2356 1838 2391 Vidua:
1860 2357 1896 2390 &
1917 2357 2076 2392 Crucifixi
2099 2358 2268 2395 Patrimo-

1292 2409 1407 2448 nium,
1434 2407 1697 2441 calamitosorum
1721 2406 1884 2451 refrigeria
1909 2407 1943 2441 ὅτ.
1967 2418 2147 2452 egenorum
2168 2409 2266 2443 subfi-

1291 2458 1363 2492 dia.
1391 2458 1473 2491 Haec
1486 2456 1609 2491 Archi·
1623 2456 1738 2490 Praesul
1763 2456 1909 2491 recolens
1937 2481 1948 2496 ,
1974 2458 2007 2491 δε
2027 2457 2198 2493 attendens
2219 2458 2270 2505 firi

1291 2509 1353 2542 esse
1370 2508 1470 2542 officii
1493 2507 1570 2541 talia
1596 2517 1661 2539 nou
1697 2504 1876 2545 sustinete,
1912 2506 2039 2551 Regem
2055 2532 2067 2548 ,
2094 2518 2192 2552 quem
2213 2507 2267 2543 su-

1293 2569 1345 2601 per
1367 2558 1536 2591 hominem
1559 2556 1741 2600 diligebat,
1775 2567 1864 2590 nunc
1886 2557 2043 2591 monebat
2062 2581 2074 2598 ‚
2105 2568 2143 2593 ut
2175 2554 2271 2593 sedes

1292 2609 1349 2641 diu
1372 2617 1523 2642 vacantes
1544 2605 1686 2640 ordinari
1711 2606 1930 2650 permitteret,
1957 2608 1989 2640 in
2013 2607 2264 2650 temporalibus,

1292 2658 1326 2691 ὅ(
1346 2655 1564 2699 spiritualibus
1586 2667 1654 2700 quae
1666 2655 1742 2691 inde
1763 2657 1953 2691 constabant
1967 2657 2051 2690 mala
2065 2668 2133 2692 non
2147 2669 2266 2692 tacens.

1295 2708 1338 2742 Et
1358 2708 1435 2741 Rex
1458 2707 1590 2741 tandem
1611 2707 1651 2741 ad
1676 2706 1813 2742 multam
1832 2706 1935 2741 'Archi
1949 2706 2116 2742 -Praesulis
2150 2703 2270 2743 iust'a'n'·

1293 2758 1373 2792 tiam
1396 2757 1576 2791 Pontifices
1599 2757 1668 2790 fieri
1691 2756 1827 2790 annuit.
1856 2757 1898 2790 Et
1922 2757 1965 2791 ita
1986 2756 2026 2790 ad
2062 2757 2142 2791 duas
2180 2758 2268 2792 sedes

1293 2808 1539 2851 praenominatas
1549 2806 1725 2840 Pontifices
1745 2808 1820 2840 sunt
1833 2806 1945 2846 electi,
1972 2806 2045 2840 Viri
2065 2807 2152 2841 certe
2171 2807 2266 2842 omni

1294 2857 1463 2891 sanctitate
1483 2856 1654 2900 perspicui.
1686 2854 1740 2889 Ad
1752 2855 1992 2901 Vigornensem
2004 2856 2034 2890 el
2044 2859 2129 2890 estus
2139 2857 2184 2900 est
2196 2858 2266 2900 qui-

1291 2907 1367 2941 dam
1387 2915 1479 2941 aetate
1504 2906 1635 2950 quidem
1654 2905 1799 2948 juvenis,
1828 2907 1879 2940 sed
1906 2917 2034 2940 morum
2057 2907 2214 2952 gravitate
2227 2907 2270 2941 se-

1293 2968 1354 2990 nex
1364 2981 1376 2997 ,
1405 2957 1539 2990 nomine
1551 2956 1697 2999 Rogerus
1709 2980 1719 2994 ‚
1746 2959 1862 3001 magni
1876 2956 1934 2990 viri
1946 2955 2084 2991 Roberti
2095 2957 2263 3001 quondam

1293 3006 1494 3042 Glavorenfis
1518 3005 1661 3039 Comitis
1685 3004 1790 3039 Filius
1807 3029 1817 3046 ,
1843 3006 1935 3048 cujus
1956 3005 2064 3041 adhuc
2086 3008 2186 3042 virtus
2196 3005 2268 3042 infi-

1293 3058 1389 3103 gnior
1413 3054 1580 3101 sanguinis
1601 3055 1845 3101 generositatem
1868 3055 2059 3101 superabat.

1489 3153 2074 3192 CAPUT-xvi.

1471 3255 1695 3288 Commendatio
1717 3253 1858 3298 Episcopi
1877 3253 2057 3300 Vigomenfir
2069 3279 2077 3288 .

1359 3354 1374 3388 Ι
1400 3352 1482 3390 mihi
1503 3366 1592 3388 nunc
1616 3352 1751 3395 liceret,
1791 3355 1825 3388 &
1848 3363 1957 3399 coeptae
1985 3354 2140 3390 Historiae
2158 3354 2211 3389 lex
2232 3355 2274 3388 sic

1386 3404 1583 3449 permitteret
1619 3428 1629 3444 ,
1656 3405 1759 3438 virum
1778 3404 1898 3447 justum
1934 3415 1992 3447 pro
2029 3405 2183 3440 virtutum
2208 3405 2274 3438 sua-

1301 3466 1374 3491 rum
1397 3454 1517 3490 meritis
1536 3455 1648 3490 efferre
1672 3454 1846 3500 condignis
1876 3455 2046 3499 praeconiis
2071 3481 2082 3496 ‚
2116 3454 2202 3491 certe
2229 3465 2279 3488 to-

2163 3512 2234 3540 tarn·
