2358 3776
47 2208 49 2210 v
108 2168 174 2202 mel
186 2166 272 2209 quasi
294 2159 489 2199 subridendo
501 2167 629 2193 notaret
642 2155 858 2194 Pontificem,
889 2153 1078 2198 aliquantis-

291 137 366 199 ‚-s.
438 127 822 179 THoMAE
891 109 1834 175 CANTUAR1ENs1s.
1986 144 2042 185 9·

85 222 167 262 xito:
195 218 256 264 Sed
277 218 409 255 veniens
426 217 499 261 quis
525 211 705 252 honorifice
724 210 858 255 quidem
879 210 914 244 in
947 208 1054 252 aliqua
1116 208 1278 244 Pontifex
1300 220 1377 244 cum
1402 209 1550 245 Eruditis
1573 211 1637 245 suis
1657 210 1676 244 a
1710 217 1820 250 mensi:
1849 216 1983 262 surgens
2013 214 2090 251 tha..

84 271 266 309 mensarum
285 268 511 310 discumbebat
534 266 686 307 seorsim,
709 260 827 296 crebris
838 271 918 296 tunc
937 259 981 294 ab
994 260 1055 293 Ar·
1119 261 1243 294 lamum
1265 260 1530 304 ingrediebatur,
1557 260 1636 302 ubi,
1663 263 1764 297 autin
1777 265 2008 308 Scriptum-um
2019 266 2088 300 col-

84 319 311 358 chi-Praesule
339 318 535 353 mensalibus
558 311 849 353 vifitatu'sXeniis.
879 311 922 344 Et
935 309 980 344 ob
992 309 1055 343 hoc
1119 310 1261 350 latione,
1287 321 1345 344 aut
1375 311 1409 344 in
1433 311 1635 356 agendorum
1654 322 1721 346 erat
1741 313 1883 348 consiliis
1900 342 1907 350 .
1953 316 1997 350 Et
2017 317 2090 360 qui-

87 372 122 407 id
144 369 286 407 maxime
305 369 423 410 fiebat,
449 367 533 407 nege
556 363 686 402 mensa,
714 362 750 396 in
783 372 848 406 qua
869 359 937 404 ipse
969 359 1055 394 Pon·
1118 361 1194 395 dem
1218 360 1372 402 quotidie
1395 361 1438 396 fic
1455 386 1467 401 ,
1508 362 1566 396 nifi
1588 361 1673 397 forte
1706 372 1765 408 pro
1786 372 1933 409 tempore
1953 366 2091 401 modico

87 422 169 458 tifex
193 432 268 456 cum
292 419 355 455 suis
375 408 616 459 discumbebat,
641 411 777 455 aliquod
800 409 885 446 forte
908 408 1054 450 verbum,
1121 411 1238 446 somno
1263 410 1470 457 indulgeret.

88 474 169 507 ficut
189 471 294 513 solet,
321 479 400 505 tunc
413 464 612 511 elaberetur,
636 462 669 497 δε
690 461 861 506 praesertim
883 470 993 495 coram
1003 470 1058 494 ex·
1422 461 1438 504 J
1463 461 1498 495 Ο
1525 459 1558 495 A
1585 461 1622 495 N
1647 462 1684 496 N
1711 462 1739 496 E
1764 463 1805 497 s,

89 533 227 563 traneo,
251 519 340 566 quod
359 515 473 569 aliquis
486 512 604 548 melius
625 513 791 548 tacuisset.
819 511 858 545 ln
881 510 950 554 ejus
968 521 1058 544 men·
1170 509 1344 545 OTIUM
1369 511 1459 545 enim
1475 513 1674 555 summopere
1685 513 1854 558 fugiebat,
1879 525 1921 548 ne
1946 512 2094 548 viderent

91 574 124 606 sa
147 583 216 606 non
231 569 442 611 audiebantur
456 563 638 610 tubicines,
664 574 733 597 non
745 560 937 597 Cornicines
950 584 961 600 ,
988 571 1056 593 non
1120 571 1197 595 eum
1217 559 1348 601 hostes,
1372 561 1406 596 <St
1433 559 1618 596 deriderent
1639 561 1794 598 sabbatha
1808 563 1895 606 ejus.
1919 564 2023 610 Quod
2039 574 2095 597 au-

1122 621 1189 644 tem
1212 611 1372 644 nosturno
1398 612 1516 645 somno
1536 612 1603 646 fine
1623 613 1740 656 grandi
1778 614 1950 657 dispendio
1981 624 2095 656 corpo-

1122 661 1164 694 ris
1182 660 1343 695 deducere
1367 671 1492 703 porerat
1518 660 1740 705 lachrymis&
1763 663 1968 700 orationibus
1982 662 2097 697 indul-

1122 710 1241 756 gebat,
1267 710 1301 744 &
1323 709 1604 746 Meditationibus
1621 714 1737 747 sanctis
1751 736 1762 752 ,
1794 715 2023 750 castimoniam
2047 714 2097 745 se·-

1122 761 1258 796 &ausin
1280 771 1416 804 corpore
1450 785 1462 802 ,
1500 762 1629 797 servans
1639 764 1831 806 pudicitiam
1856 764 2099 800 &modestiam

1124 811 1159 844 in
1182 811 1355 850 sermone,
1381 811 1415 844 in
1436 823 1533 855 opere
1551 812 1733 856 justitiam:
1763 814 1818 849 Ut
1841 826 1923 859 quos
1939 824 2007 848 erat
2029 824 2102 847 eru-

1124 860 1249 895 diturus
1270 860 1373 894 vetbo
1393 886 1404 901 ,
1443 862 1626 897 Sanffitatis
1657 865 1719 897 suae
1751 865 1918 907 potentius
1951 872 2100 898 moveret

1124 910 1298 954 exemplo.
1325 910 1506 946 Haereticos
1525 912 1822 959 Schismaticosque
1846 914 2099 959 infatigabiliter

1126 959 1335 1006 expugnabat
1358 984 1369 1001 ,
1405 961 1439 995 δε
1465 973 1633 1004 nunquam
1657 965 1770 999 induci
1793 965 1925 1009 potuit,
1963 975 2000 998 ut
2023 973 2101 998 cum

1126 1011 1421 1046 excommunicatis
1444 1014 1724 1048 communicaret.
1752 1015 1912 1064 Qisquis
1934 1016 2016 1049 sanae
2040 1013 2101 1047 do-

1127 1063 1233 1096 strinae
1258 1059 1484 1097 adversabatur
1504 1088 1515 1103 ,
1547 1075 1624 1098 eum
1656 1064 1711 1098 fibi
1737 1064 1864 1099 hostem
1887 1067 2033 1100 futurum
2067 1063 2105 1095 in

1129 1111 1261 1145 Christo
1286 1122 1355 1145 non
1378 1110 1550 1147 dubitabat
1572 1138 1579 1145 .
1619 1114 1752 1157 Justitiae
1773 1127 1905 1160 quoque
1939 1116 2013 1149 zelo
2037 1114 2106 1147 fer-

1131 1172 1229 1202 vens,
1253 1160 1343 1204 quod
1359 1161 1452 1194 suum
1470 1174 1538 1196 erat
1550 1163 1670 1207 cuique
1683 1166 1806 1199 servare
1819 1165 2009 1203 videbatur,
2038 1172 2107 1206 pet-

1131 1213 1281 1246 sonarum
1302 1212 1428 1254 prorsus
1451 1212 1484 1244 ὅ(
1508 1222 1684 1247 munerum
1707 1216 1899 1257 acceptione
1909 1213 2056 1248 deducta.

1331 1261 1369 1294 H
1397 1259 1426 1293 E
1450 1261 1482 1294 R
1510 1262 1525 1295 1
1551 1261 1578 1294 B
1606 1263 1635 1296 Ε
1662 1263 1693 1297 R
1721 1264 1758 1296 T
1786 1264 1826 1298 U
1853 1266 1896 1298 S.

1181 1310 1232 1343 IN
1259 1309 1442 1344 Ordinibus
1466 1310 1562 1352 vero,
1588 1323 1626 1346 ut
1649 1324 1760 1347 verum
1783 1314 1942 1348 fateamur
1965 1336 1975 1353 ,
2013 1314 2107 1355 super

1133 1371 1244 1403 caetera
1262 1361 1296 1394 ἀ
1308 1371 1369 1403 prae
1380 1362 1502 1395 caeteris
1524 1361 1558 1396 in
1579 1362 1645 1397 hoc
1675 1363 1818 1398 Pastoris
1840 1365 1953 1398 officio
1975 1363 2111 1407 pavidus

1133 1411 1314 1446 admodum
1335 1411 1420 1449 fuit,
1444 1411 1479 1444 &
1502 1411 1682 1447 sollicitus.
1712 1414 1850 1459 Legerat
1875 1416 1997 1459 quippe
2027 1412 2110 1447 illud

1134 1461 1286 1505 Magistri
1305 1460 1345 1494 ad
1366 1461 1596 1504 Discipulum:
1624 1467 1736 1497 Manus
1758 1468 1816 1499 cite»
1838 1471 1951 1498 nemini
1972 1460 2111 1506 imposue-

1135 1517 1180 1544 ris
1194 1535 1206 1552 ,
1232 1523 1269 1545 ne
1292 1516 1482 1545 communices
1497 1520 1628 1554 peccatis
1650 1516 1777 1548 alienis.
1808 1516 1850 1550 Et
1872 1528 1912 1549 ex
1928 1514 1996 1552 his,
2023 1512 2113 1555 quasi

1137 1560 1273 1596 terribili
1294 1561 1439 1604 quodam
1462 1563 1600 1595 tonitrui
1623 1564 1704 1596 sono
1720 1588 1730 1602 ‚
1769 1574 1842 1598 toto
1864 1565 1963 1598 corde
1992 1573 2113 1597 concu-

1138 1611 1278 1644 tiebatur
1294 1610 1328 1644 δε
1348 1618 1503 1652 corpore.
1533 1607 1639 1645 Unde
1664 1612 1697 1645 &
1724 1612 1758 1644 in
1782 1613 2116 1648 Ordinandorumdi-

1141 1659 1295 1693 scuffione
1305 1668 1373 1691 erat
1385 1658 1562 1699 indagator
1581 1661 1778 1692 acerrimus.
1808 1661 1956 1694 Primum
1970 1686 1980 1701 ,
2007 1671 2043 1695 ut
2057 1662 2118 1695 Ec-

1138 1706 1307 1739 clefiastica
1329 1704 1427 1738 habet
1451 1704 1640 1747 institutio,
1667 1708 1689 1740 si
1705 1709 1769 1743 vita
1783 1708 1920 1755 dignus.
1949 1711 2116 1751 Secundo,

1139 1755 1160 1787 si
1184 1753 1319 1788 scientia
1342 1764 1491 1787 ornatus:
1524 1755 1590 1790 Pro
1614 1756 1716 1801 gradu
1739 1770 1849 1794 tamen
1864 1785 1874 1800 ,
1901 1772 1999 1804 quem
2025 1773 2118 1805 quae-

1139 1803 1228 1838 rebat
1241 1829 1248 1836 .
1275 1802 1421 1844 Tertio,
1445 1805 1466 1837 si
1482 1804 1770 1849 vitae&scientiae‚
1800 1811 1849 1843 vel
1864 1812 2004 1856 gradui,
2018 1823 2116 1856 quem

1140 1854 1321 1899 quaerebat,
1349 1853 1500 1889 Ecclefiae
1518 1856 1719 1892 Beneficium
1735 1861 1810 1893 esset
1822 1873 2034 1905 competens:
2064 1863 2119 1896 Ne

1141 1904 1312 1949 postquam
1330 1906 1500 1948 promoti,
1527 1907 1671 1950 palantes
1695 1910 1728 1942 ὅ(
1750 1909 1844 1954 vagi,
1871 1913 1924 1944 seu
1950 1913 2120 1947 conduffl-

1141 1957 1178 1989 tii
1191 1980 1202 1995 ,
1229 1956 1342 1990 Sacros
1353 1955 1494 1989 Ordines
1507 1981 1518 1997 ‚
1544 1969 1612 1992 non
1628 1959 1799 2003 Religioni
1817 1984 1828 2000 ,
1839 1961 1891 1994 sed
1906 1961 2016 2005 potius
2030 1974 2119 2005 quae-

1143 2006 1203 2039 stui
1227 2002 1385 2039 haberent
1406 2006 1439 2038 &
1463 2006 1622 2040 ostentui.
1654 2008 1778 2043 Verum
1798 2010 1832 2043 in
1855 2009 1906 2043 his
1928 2011 2013 2045 adeo
2037 2022 2117 2046 erat·

1143 2055 1317 2099 indagator
1338 2055 1492 2096 acerbus,
1520 2067 1557 2091 ut
1581 2057 1637 2090 vix
1657 2059 1778 2103 absque
1801 2061 1832 2093 se
1859 2060 1929 2102 ipso
1964 2059 2050 2096 hanc
2070 2061 2121 2094 in-

1142 2104 1352 2149 dagationem
1379 2105 1541 2140 crederet.
1569 2107 1608 2140 In
1631 2117 1761 2142 tantum
1776 2110 1964 2149 verebatur,
1993 2124 2033 2145 ne
2046 2124 2119 2156 pec-

1143 2155 1223 2189 catis
1246 2154 1362 2187 alienis
1381 2156 1666 2197 communicaret,
1693 2159 1744 2193 vel
1767 2171 1808 2193 ne
1831 2172 1890 2203 pro
1914 2162 2029 2205 templi
2051 2163 2120 2196 Mi-

1144 2205 1259 2260 nistris·
1272 2204 1307 2236 in
1332 2205 1458 2248 templo
1471 2206 1536 2239 Dei
1557 2204 1645 2241 idola
1658 2209 1815 2254 erigeret;
1845 2209 1896 2245 vel
1911 2222 1951 2245 ne
1963 2213 2119 2255 tanquam

1143 2264 1311 2298 trapezita,
1342 2253 1394 2287 sed
1407 2254 1559 2297 dolosus,
1586 2257 1703 2292 summi
1716 2260 1818 2304 Regis
1835 2273 2009 2296 nummum
2031 2261 2123 2296 adul-

1143 2315 1276 2340 teraret.
1303 2303 1485 2339 Certiffirne
1506 2308 1597 2341 enim
1617 2308 1770 2344 afferebat
1783 2334 1794 2350 ,
1821 2311 1981 2354 quoniam
2001 2312 2058 2355 qui
2072 2314 2122 2347 in-

1144 2356 1292 2411 dignum·
1305 2354 1432 2395 sciens,
1460 2356 1511 2390 vel
1531 2357 1653 2401 absque
1685 2359 1789 2394 multa
1813 2361 2009 2404 probatione
2031 2362 2125 2396 ordi-

1146 2417 1225 2445 nat,
1249 2405 1372 2440 etiamsi
1392 2405 1563 2441 ordinatus
1587 2409 1698 2452 postea
1722 2411 1904 2455 corrigatur
1928 2436 1939 2452 ‚
1975 2413 2120 2456 graviter

1145 2457 1255 2512 Deum
1274 2455 1433 2495 offendit.
1463 2457 1565 2504 Qod
1588 2459 1610 2492 fi
1635 2460 1816 2495 Ordinatus
1841 2472 1909 2494 non
1934 2463 2122 2506 corrigitur,

1145 2504 1310 2541 Ordinans
1333 2506 1489 2541 Ordinati
1513 2508 1543 2542 se
1571 2512 1712 2552 peccatis
1744 2511 1887 2545 maculat
1907 2536 1918 2552 ,
1945 2511 1996 2545 his
2014 2511 2115 2545 maxi-

1146 2556 1198 2591 me
1223 2580 1236 2596 ,
1276 2567 1345 2599 quat
1371 2557 1442 2601 post
1462 2558 1694 2595 Ordinationis
1729 2561 1791 2596 suae
1812 2561 1901 2595 diem
1936 2561 2121 2597 ordinatus

1146 2617 1302 2652 perpetrat
1317 2631 1324 2640 .

91 622 178 665 Lyra
200 633 210 664 3
249 623 315 659 fron
335 615 468 661 phiala,
495 625 564 648 non
589 613 732 648 Coraula
753 626 763 645 :
801 611 904 645 Nulla
925 610 1058 653 quidem

90 683 202 717 praeter
219 665 395 707 mundam,
425 663 628 709 splendidam
649 662 683 697 &
706 661 921 696 inundantem
951 660 1057 703 epula-

90 733 164 757 rum
184 718 383 764 opulentiam
405 713 651 761 gulaelascivia,
678 713 766 747 nulla
781 712 909 756 penitus
925 710 1060 744 luxuriae

93 770 285 807 videbantur
305 767 536 801 incitamenta.
694 777 703 785 ·

139 818 266 853 verum
288 828 363 852 cum
385 828 447 861 qua
468 815 641 850 sobrietate
659 811 915 856 &temperantia
940 811 1058 845 mensae

93 867 237 905 assederit
253 891 264 908 ,
290 867 463 903 dicendum
472 866 535 901 est.
564 863 692 898 Revera
722 863 808 897 inter
829 872 879 896 tot
900 862 934 896 ὃ(
953 870 1060 896 tantas

92 919 248 958 deiicias,
274 928 344 961 quae
364 917 394 951 ei
407 914 674 960 apponebantur,
700 913 736 947 in
750 912 843 946 nullo
855 912 1059 955 penitusSar-

95 967 317 1013 danapalum,
343 967 395 1002 sed
416 967 522 1001 solum
546 965 745 1011 Episcopum
769 960 910 1006 sapiebat
932 975 943 995 .·
981 961 1061 994 Nul-

93 1021 178 1060 lius,
203 1027 240 1052 ut
253 1018 360 1052 notari
384 1017 509 1061 posset,
534 1015 667 1056 avidus,
693 1024 755 1047 nec
766 1014 858 1056 super
879 1011 980 1046 ullam
992 1021 1059 1044 om-

94 1070 178 1105 nino
201 1069 307 1103 escam
333 1070 363 1102 se
385 1065 554 1102 effundens
579 1090 587 1098 .
624 1066 666 1099 Et
703 1062 874 1107 expressius
891 1062 1062 1098 audiamus

94 1117 296 1155 abstinentiae
319 1117 408 1152 illius
428 1115 590 1156 modum,
616 1115 649 1149 ὃς
679 1112 797 1158 quibus
821 1113 867 1149 ita
888 1113 1062 1147 consueve-

97 1180 161 1204 rat.
188 1168 273 1203 Tria
298 1179 438 1211 namque
460 1166 611 1201 sobrietas
622 1163 750 1208 exigit.-
779 1156 893 1209 Qid,
918 1159 1063 1206 quando,

97 1220 131 1255 ὰ
145 1227 305 1264 quantum
318 1219 481 1251 sumamus
495 1240 506 1256 ‚
532 1226 575 1250 ne
586 1214 667 1258 quid
679 1211 881 1257 prohibitum
893 1236 906 1253 ,
933 1223 974 1245 ne
986 1210 1063 1254 quid

97 1269 180 1304 citra
197 1266 312 1305 horam
335 1291 346 1308 ,
382 1278 424 1300 ne
445 1265 524 1309 quid
542 1264 625 1299 ultra
648 1263 830 1298 mensuram
854 1288 861 1295 .
904 1261 1011 1297 Unde
1031 1261 1064 1293 &

97 1316 208 1354 Adam
234 1341 247 1358 ,
282 1318 339 1362 qui
361 1317 482 1360 primus
502 1314 648 1350 comedit
683 1314 820 1347 vetitum
845 1337 858 1353 ,
892 1311 1064 1346 confestim

98 1366 304 1415 proscribitur
318 1392 325 1399 .
353 1365 526 1410 Jonathas,
551 1365 609 1409 qui
630 1363 710 1398 citra
732 1361 847 1396 horam
867 1385 878 1402 ,
903 1361 1066 1395 maledici-

100 1430 168 1455 tur.
196 1418 290 1452 Israel
311 1416 411 1458 vero,
435 1416 492 1458 qui
517 1414 602 1450 ultra
631 1414 814 1448 mensuram
837 1435 848 1451 ,
872 1422 953 1446 mox
975 1410 1067 1455 puni·

102 1480 172 1504 tur.
198 1466 327 1502 Verum
347 1467 499 1502 Thomas
530 1464 565 1499 in
589 1463 707 1498 virtute
740 1462 923 1497 sobrietatis
945 1460 1068 1495 cunstis

102 1518 270 1565 praestans,
297 1542 309 1559 ,
335 1517 376 1554 de
398 1516 479 1551 hora
500 1516 535 1551 δε
557 1515 702 1549 mensura
723 1510 1042 1557 quotidiepropolita
1055 1534 1066 1550 ,

100 1569 278 1614 quibusuti
289 1568 514 1606 consueverit,
538 1564 722 1600 audiamus:
751 1563 805 1597 Ne
819 1564 853 1596 in
867 1562 951 1603 hoc,
980 1561 1070 1605 quod

102 1618 197 1655 facile
220 1620 317 1653 nimis
335 1618 423 1662 justis
444 1614 662 1651 &indiscrete
686 1612 859 1656 Religiosis
886 1612 986 1644 videri
999 1612 1069 1652 pos-

101 1670 173 1710 set,
200 1669 348 1703 videatur
371 1669 405 1699 in
426 1667 538 1704 aliquo
553 1686 563 1701 ,
589 1663 642 1697 vel
666 1664 700 1694 in
724 1661 882 1699 modico,
908 1669 1034 1693 tantam
1061 1682 1072 1698 ‚

105 1728 205 1763 quarn
222 1718 263 1754 de
284 1728 326 1749 eo
344 1714 552 1758 praedicamus
562 1733 574 1748 ‚
602 1709 781 1742 sobrietatis
803 1708 1001 1740 decolorasse
1013 1707 1072 1738 vir-

103 1778 208 1803 tutem
227 1789 235 1798 .
261 1762 371 1797 Multa
388 1760 521 1806 quidem
552 1756 792 1795 offerebantur,
827 1753 1073 1797 apponebantur

102 1814 210 1859 multa
225 1811 384 1854 &varim
410 1810 463 1844 sed
484 1808 569 1842 inter
578 1805 718 1850 plurima
740 1802 781 1838 ad
793 1804 882 1838 esum
909 1804 1073 1847 proprium

104 1877 205 1911 pauca
225 1861 385 1911 'retinebat
404 1885 411 1892 .
445 1859 488 1892 Et
508 1868 547 1892 ea
566 1881 577 1897 ,
603 1855 721 1899 quibus
744 1854 808 1898 ipse
827 1854 1000 1893 utebatur,
1039 1853 1074 1887 ἀ

104 1913 291 1957 delicatiora
315 1911 446 1956 quidem
459 1909 492 1944 &
510 1906 695 1951 pretiosiora
705 1914 796 1939 erant
809 1929 820 1946 ,
846 1915 915 1948 quae
935 1903 991 1938 etsi
1006 1915 1073 1937 non

105 1965 169 2002 siu't
193 1962 383 2011 Prohibita,
416 1960 435 1994 a
457 1956 637 1993 sobrietatis
656 1966 766 1990 tamen
791 1954 1010 1998 perfectione,
1039 1953 1073 1987 δε

104 2011 131 2052 a'
146 2013 280 2062 perfeeto
298 2013 428 2051 sobrio,
452 2009 504 2043 his
526 2006 718 2051 praesertim,
756 2016 839 2049 quos
863 2004 1007 2039 diximus
1031 2003 1077 2036 ni·

107 2067 174 2102 mis
190 2065 290 2112 justos
303 2088 314 2105 ,
341 2060 441 2096 videri
462 2059 590 2107 possent
611 2056 718 2090 aliena
742 2080 749 2087 .
779 2053 885 2089 Unde
904 2055 981 2088 cum
992 2063 1076 2087 unus

107 2117 265 2162 justorum
286 2114 401 2149 talium
422 2111 513 2154 super
533 2107 599 2142 hoc
620 2107 706 2140 inter
737 2101 1009 2138 discumbendum
1034 2103 1077 2136 se-

109 2228 164 2263 per
186 2216 269 2252 Zelo
288 2224 399 2248 motus
421 2209 582 2245 Pontifex
605 2231 616 2247 ,
643 2207 686 2239 fic
702 2207 732 2239 ei
756 2201 944 2247 respondit.-
973 2205 1076 2240 Certe,
1096 2197 1100 2244 l

115 2271 251 2306 Frater,
276 2264 331 2306 nist
341 2263 459 2304 fallor,
483 2269 548 2292 cum
569 2256 719 2292 aviditate
731 2255 836 2294 majori
857 2263 891 2286 tu
914 2264 966 2287 tua
981 2253 1076 2297 sumis

106 2317 242 2359 fabam,
267 2316 359 2358 quam
381 2322 431 2354 ego
461 2306 621 2351 appositam
643 2304 716 2337 mibi
735 2302 887 2345 Pbafidem
909 2329 916 2337 .
944 2303 986 2337 Er
1011 2314 1077 2336 erat

114 2377 194 2401 tunc
213 2363 279 2398 avis
299 2362 367 2395 haec
387 2369 464 2395 ante
485 2355 657 2391 Praesulem
678 2354 714 2387 in
727 2353 909 2398 paropside.
938 2353 981 2387 Et
1002 2353 1076 2386 Fra·

114 2427 163 2451 ter
181 2413 236 2449 ille
249 2438 260 2454 ,
285 2409 487 2455 aliquamdiu
508 2407 596 2441 inter
615 2415 677 2439 nos
696 2403 900 2439 conversatus
923 2403 1078 2437 deliciosa

113 2477 184 2500 non
199 2473 359 2508 quaerens,
386 2455 499 2503 utpote
518 2455 575 2501 qui
587 2453 628 2489 ad
649 2452 716 2488 haec
727 2453 999 2488 consuetudinem
1010 2465 1077 2487 non

113 2515 270 2551 habuerat
291 2511 404 2546 edulio
433 2506 646 2554 groffiorum.
685 2503 729 2537 Et
746 2503 871 2538 bonurn
891 2503 1024 2547 quidem
1045 2503 1080 2536 ὅ(

114 2564 254 2611 prudens
270 2561 443 2597 Pontificis
466 2557 531 2592 hoc
553 2555 587 2589 δε
610 2565 668 2599 pto
690 2554 808 2588 Fratris
832 2553 1082 2590 consuetudine,

114 2617 148 2650 δε
172 2626 229 2659 pro
249 2613 382 2648 veritate
414 2606 600 2653 responsum
626 2630 632 2637 .
670 2604 744 2638 Nec
780 2604 871 2638 enim
894 2604 1010 2642 refert,
1045 2611 1081 2636 ut

115 2666 249 2700 tradunt
273 2663 455 2697 animarum
474 2655 592 2691 medici
616 2655 726 2688 Patres
749 2651 960 2694 orthodoxi,
986 2653 1080 2697 quid,

118 2712 316 2758 quantumve
341 2712 414 2756 quis
434 2710 536 2743 sumat
548 2731 559 2747 ‚
585 2704 607 2738 si
627 2703 732 2738 solum
747 2703 922 2738 necessitati
944 2704 978 2738 δε
999 2703 1081 2736 vale-

117 2765 226 2800 tudini
250 2765 332 2803 suae,
360 2772 428 2794 non
452 2755 614 2802 voluptati
636 2754 825 2798 indulgeat.
852 2754 1001 2789 Unde&
1022 2753 1081 2798 pri-

118 2825 189 2850 mus
211 2813 360 2848 omnium
383 2811 502 2844 Parens
530 2818 597 2841 non
634 2815 762 2849 propter
787 2805 876 2838 esum
899 2803 998 2849 Cervi
1033 2802 1083 2836 vel

120 2865 255 2910 Caprei,
280 2863 334 2897 sed
358 2871 484 2906 propter
504 2857 634 2904 gustum
658 2855 749 2899 pomi
777 2853 868 2889 vetiti
888 2853 930 2888 de
951 2853 1084 2886 Paradi-

123 2917 158 2949 so
181 2907 295 2959 eje'tStus
317 2912 420 2947 exiit.
446 2909 489 2943 Et
506 2909 592 2942 Esau
614 2917 683 2940 non
703 2915 832 2950 propter
852 2903 1084 2948 gallinaceum,

122 2965 176 2999 sed
193 2964 264 3000 vilis
286 2964 380 2998 lentis
396 2959 545 2996 *edulium
558 2956 776 3000 primogenita
799 2953 938 2998 perdidit
951 2978 959 2986 .
989 2952 1085 2987 Nihil

125 3012 224 3054 vero,
248 3024 286 3048 ut
308 3013 473 3050 diximus,
499 3007 592 3043 refert
606 3031 617 3047 ,
642 3007 722 3050 quid
734 3004 935 3048 quantumve
956 3004 1027 3048 quis
1039 3003 1084 3037 su-

124 3075 192 3100 mat
214 3089 224 3104 ‚
251 3063 426 3098 valetudini
452 3062 622 3094 dumtaxat
643 3067 698 3091 aut
719 3056 896 3090 necessitati
919 3053 983 3089 hoc
1005 3078 1016 3095 ,
1051 3054 1085 3088 δε

127 3126 194 3149 non
217 3111 484 3156 concupiscentiae
514 3108 635 3144 militet
655 3131 663 3140 .
694 3107 851 3140 Pontifex
874 3105 994 3150 igitur,
1030 3103 1086 3148 qui

126 3164 280 3209 grossiora
304 3173 371 3195 non
394 3170 538 3204 poterat,
563 3155 677 3201 utpote
698 3154 837 3191 minime
867 3156 1027 3189 enutritus
1051 3154 1085 3187 in

128 3215 178 3248 his
192 3237 202 3253 ,
226 3212 378 3246 deliciosa
401 3210 530 3253 quidem
551 3208 603 3243 sed
627 3207 718 3251 parce
739 3204 917 3241 admodum
940 3205 1086 3240 sumebat

128 3265 163 3297 ὅ(
186 3262 290 3297 sobrie
304 3287 314 3303 ‚
340 3264 384 3296 ita
405 3259 494 3304 quod
513 3284 525 3302 ,
552 3259 633 3294 ficut
652 3269 692 3291 ex
714 3257 782 3300 ejus
805 3258 923 3290 secreta
953 3255 1087 3290 Confes-

128 3314 217 3347 sione
240 3312 371 3356 quidam
393 3307 547 3354 Religion
594 3308 688 3352 ipsius
721 3307 896 3343 familiares
926 3315 1086 3340 noverunt

130 3362 304 3402 secretius,
331 3372 398 3395 non
420 3359 526 3404 magiS
546 3357 669 3392 cibatus
692 3382 703 3399 ,
728 3358 827 3402 quarn
850 3357 1001 3400 jejunus,
1027 3366 1087 3388 nec

131 3412 201 3456 post
222 3413 298 3446 vina
317 3411 483 3457 plusquam
507 3419 605 3448 ante,
630 3409 730 3442 ullam
753 3408 808 3441 vix
831 3408 960 3441 sentiret
982 3397 1108 3439 carnis⁴

128 3462 336 3499 rebellionem
355 3487 362 3495 .
389 3460 500 3503 ltaque
513 3459 604 3492 finita
628 3459 758 3500 mensa,
786 3457 978 3502 hymnoque
989 3456 1087 3497 disto,

1331 2704 1362 2739 C
1412 2704 1444 2740 A
1496 2707 1525 2741 P
1578 2707 1618 2742 U
1668 2708 1706 2743 T
1810 2709 1933 2745 xr11.

1172 2812 1218 2842 De
1241 2806 1370 2849 praediis
1391 2807 1426 2841 <at
1446 2807 1586 2841 dominiis
1608 2811 1676 2853 suls
1699 2815 1838 2853 repetitis
1870 2812 1912 2854 o·
1935 2815 2098 2846 revocatis.

1206 2905 1368 2964 leUR
1395 2905 1446 2942 his
1467 2933 1478 2948 ,
1515 2908 1633 2953 quibus
1656 2920 1721 2944 tam
1743 2910 1886 2956 gloriose
1907 2912 2009 2947 vitam
2035 2912 2124 2945 suam

1222 2957 1363 2991 instituit
1385 2961 1432 2993 vir
1453 2958 1593 3000 Beatus,
1620 2960 1798 3005 expeditis,
1824 2960 1865 2996 ad
1897 2962 1960 2997 alia
1987 2962 2126 2997 transea-

1152 3019 1225 3064 mus
1258 3031 1265 3038 .
1290 3007 1360 3051 Jam
1382 3009 1469 3043 enim
1494 3012 1549 3053 qui
1574 3011 1639 3044 huc
1662 3013 1761 3056 usque
1784 3012 1821 3046 in
1854 3022 1949 3056 portu
1975 3010 2125 3046 Ecclefiae

1153 3067 1381 3101 navigaverat,
1409 3058 1503 3093 Mare
1517 3060 1618 3095 saeculi
1635 3062 1762 3106 ingredi
1788 3062 1966 3105 incipiebat
1981 3087 1992 3102 ,
2017 3062 2052 3096 &
2074 3060 2126 3093 sae-

1151 3108 1270 3142 eulatia
1293 3109 1442 3144 trastare.
1469 3110 1570 3156 Qiod
1586 3111 1714 3155 persaepe
1726 3113 1848 3146 necesse
1863 3112 2022 3147 Pontifici
2038 3136 2047 3151 ,
2071 3106 2124 3142 sed

1154 3158 1289 3202 sapienti
1317 3157 1473 3193 Pontifici
1500 3161 1597 3194 dulce
1619 3163 1808 3206 nunquam.
1839 3163 1909 3205 Jam
1933 3159 2126 3206 quibusdam

1155 3209 1262 3253 Regni
1279 3209 1518 3253 Magnatibus,
1545 3211 1621 3244 viris
1649 3212 1818 3257 magnis&
1843 3211 2059 3249 Potentibus,
2084 3207 2126 3242 de

1154 3258 1276 3303 praediis
1295 3270 1348 3302 per
1372 3259 1597 3295 Praecefforum
1611 3262 1837 3306 impotentiam
1851 3286 1861 3300 ,
1890 3263 1943 3294 seu
1965 3258 2125 3293 incuriam

1158 3310 1302 3343 Ecclesiae
1326 3309 1387 3342 suae
1410 3309 1526 3343 ablatis
1548 3313 1758 3355 quaestionem
1793 3320 1926 3343 movet.-
1966 3308 2126 3355 Qaedam

1156 3358 1355 3402 repetendo,
1382 3361 1540 3393 nonnulla
1564 3360 1661 3402 vero,
1688 3361 1742 3394 ubi
1767 3360 1934 3394 manifesta
1957 3358 2127 3393 videbatur

1158 3409 1296 3452 injuria,
1321 3408 1440 3453 absque
1467 3410 1639 3453 quaestione
1672 3409 1855 3444 revocando
1883 3434 1890 3442 .
1938 3410 2135 3444 Conventus

1159 3460 1234 3494 vero
1253 3469 1351 3501 quare
1375 3458 1440 3494 hoc
1460 3461 1577 3496 faceret
1605 3486 1615 3503 ‚
1652 3459 1814 3503 respondit
1849 3459 1942 3494 nullo
1975 3458 2077 3493 modo
2103 3458 2134 3491 se

1996 3508 2082 3543 velle
