2358 3776
323 148 364 192 S.
436 140 815 191 THOMAE
886 132 1830 190 CANTUARIENSIS.

122 243 194 270 tum
205 231 370 278 quoddam
386 255 396 271 ‚
422 230 511 275 quod
538 227 682 271 quaedam
705 225 821 260 culinae
836 220 1004 257 necessaria
1018 232 1069 255 ve-

126 284 223 319 hebat
234 308 244 323 ,
260 283 294 316 in
308 284 359 316 via
370 283 453 316 forte
464 280 519 314 fibi
533 279 665 314 obvium
677 301 687 316 ‚
704 274 908 316 excurtavitl.
937 272 1067 314 Jumen-

125 344 199 370 tum
219 331 284 367 hoc
307 331 494 367 mutilatum
516 328 558 364 fic
576 338 652 364 ante
673 324 995 367 Archi-Episcopum
1010 322 1066 355 du-

129 385 219 418 etum
230 382 275 417 est
286 407 293 416 .

340 482 371 516 C
422 480 450 515 A
501 476 529 510 P
581 476 620 511 U
670 475 708 508 T
804 471 849 511 X.

257 585 301 617 De
321 581 407 627 gestes
431 579 494 619 ejus
520 583 554 609 in
581 578 631 610 die
655 576 784 609 Natalis
812 577 950 606 Domlm.

236 683 302 716 IES
313 677 388 712 vero
398 677 526 712 Natalis
539 676 699 716 Domini,
728 674 781 717 qui
803 672 843 706 ab
861 674 1002 706 adventu
1012 671 1070 704 suo

257 733 289 763 in
301 729 455 772 Angliam
479 728 650 772 vigesimus
670 726 821 768 septimus
842 733 926 756 erat.
958 720 1071 756 Archi-

137 781 253 820 Ptaesul
265 777 438 813 ascendens
450 778 611 821 pulpitum
624 777 803 810 sermonem
816 773 891 806 fecit
904 773 943 806 ad
967 771 1070 814 Popu-

1937 159 1996 205 41

1129 232 1225 265 quam
1250 220 1292 255 de
1314 218 1408 255 hoste
1428 219 1699 265 conquereretur.
1723 226 1764 260 Et
1776 227 1896 272 saepe&
1909 230 2018 274 saepius
2029 241 2070 265 ex

1131 272 1176 305 ira
1190 270 1413 306 inflammatus
1423 296 1433 311 ‚
1460 272 1495 306 in
1507 273 1667 307 funestam
1685 284 1799 308 vocem
1810 290 1989 324 erumpens,
1999 292 2068 314 om-

1131 332 1186 355 nes
1198 332 1279 364 quos
1293 323 1490 362 nutriverat,
1519 324 1572 367 qui
1586 323 1814 357 familiaritatis
1825 329 1925 370 gratia
1940 354 1951 371 ,
1973 331 2005 364 ἀ
2017 330 2072 364 be·

1131 370 1321 405 neficiorum
1344 373 1522 406 collatione
1530 372 1585 407 sibi
1611 372 1750 407 obnoxii
1762 374 1888 409 fuerant
1902 402 1913 418 ‚
1940 381 2072 414 maledi-

1130 420 1279 463 xit,quc¹›d
1292 422 1395 464 ipsum
1408 421 1448 456 de
1459 423 1630 457 Sacerdote
1639 435 1706 457 uno
1720 435 1788 458 non
1801 423 2072 474 vindicarent‚qui

1132 472 1234 514 ipsum
1249 473 1282 505 δε
1303 471 1455 516 Regnum
1478 475 1570 506 suum
1583 474 1623 507 fic
1651 473 1801 508 turbabat
1814 497 1824 513 ‚
1847 475 1881 510 δε
1894 475 1956 510 suis
1968 478 2073 522 digni-

1130 519 1249 554 tatibus
1259 522 1518 561 exauthorare&
1528 520 1731 558 exhaeredare
1738 524 1897 567 quaerebat
1909 550 1918 558 .

1343 623 1388 650 W
1413 620 1430 654 1
1454 622 1484 656 L
1511 622 1547 655 H
1575 623 1603 656 E
1630 624 1659 658 L
1684 622 1724 657 M
1752 623 1792 659 U
1819 625 1841 660 S
1860 651 1867 658 .

1183 670 1250 704 ET
1272 671 1407 714 adjecit:
1436 677 1517 706 Unus
1541 673 1624 706 homo
1643 698 1652 713 ‚
1679 681 1730 715 qut
1749 676 1946 709 manducavit
1966 685 2078 718 panem

1132 732 1226 754 meum
1240 745 1251 760 ‚
1264 722 1386 755 levavit
1398 732 1500 755 contra
1513 736 1559 757 me
1568 724 1737 756 calcaneum
1749 723 1838 767 suum
1848 750 1855 758 .
1885 730 1964 758 Unus
1978 724 2060 758 bomo
2069 750 2080 765 ‚

1133 771 1273 813 beneficus
1302 779 1375 804 meis
1397 771 1567 814 insultans,
1595 773 1763 813 dehonestat
1785 784 1879 808 totum
1898 787 1993 820 genus
2016 779 2080 808 Re-

138 832 227 871 lum,
253 828 426 873 praedicens
445 827 513 870 post
537 827 599 860 alia
622 828 654 859 in
667 826 755 859 calce
774 824 928 857 sermonis
946 845 957 860 ‚
984 820 1070 865 quod
1129 827 1230 865 grum,
1261 821 1424 861 totumfine
1437 825 1555 856 vindice
1566 824 1710 856 conculcat
1733 827 1880 867 Regnum.
1908 830 1989 859 Unus
2000 824 2083 857 homo

138 880 268 923 instaret
279 889 406 922 ternpus
417 875 637 912 dissolutionis
649 877 731 915 suae,
756 874 836 907 &in
859 872 948 907 brevi
968 872 999 904 se
1017 871 1071 904 mi-

139 940 305 976 graturum
313 928 355 964 ab
363 928 425 962 eis.
456 925 497 961 Et
508 926 640 971 quidem
652 925 727 959 cum
748 923 816 957 haec
829 923 869 956 de
880 923 1007 956 excessu
1019 922 1075 955 suo

139 979 323 1024 praediceret
334 1003 344 1020 ,
371 976 544 1021 lachrymae
557 974 659 1020 magis
670 973 882 1017 erumpebant
893 971 992 1015 quam
1011 982 1074 1004 ver-

139 1029 194 1064 ba.
222 1029 343 1063 Pariter
363 1030 398 1063 ὅ(
418 1028 603 1062 auditorum
626 1024 722 1060 corda
735 1024 825 1066 supra
839 1023 975 1056 modum
987 1033 1075 1060 com-

140 1089 234 1114 mota
243 1078 319 1113 sunt‘
329 1078 363 1113 &
374 1079 515 1112 contrita
526 1086 538 1117 ',
567 1078 611 1110 ita
634 1087 669 1110 ut
681 1084 824 1109 cerneres
836 1074 869 1106 &
882 1072 1009 1106 audires
1023 1082 1076 1114 per

140 1139 247 1164 totam
260 1129 432 1163 Ecclesiam
444 1128 579 1170 ejulatus
587 1128 621 1160 ἀ
634 1124 867 1167 lachrymarum
877 1123 985 1156 exitus
994 1132 1075 1154 ema-

145 1191 222 1212 nare
238 1203 248 1219 ,
272 1180 304 1212 &
317 1181 398 1212 inter
410 1179 442 1212 se
451 1176 722 1211 submurmurare:
752 1179 814 1206 Cur
826 1183 890 1205 ram
899 1174 955 1204 cira
968 1183 1022 1203 ηπ
1032 1171 1076 1203 de-

141 1229 217 1273 seris
229 1252 238 1268 ,
267 1231 357 1261 Pater
367 1252 378 1267 ‚
402 1237 454 1259 aut
465 1234 509 1260 cui
519 1226 663 1268 desolatos
675 1224 836 1266 relinquis?
865 1221 1019 1254 Tandem
1031 1232 1077 1253 ve-

145 1280 184 1313 ῐό
193 1277 261 1320 post
274 1278 412 1310 multum
426 1278 602 1310 sermonem
619 1276 653 1310 δε
671 1275 713 1307 de
736 1271 951 1307 aedificatione
963 1295 972 1311 ‚
996 1271 1027 1304 &
1041 1269 1079 1303 de

143 1328 272 1362 excessu
296 1328 354 1361 suo
372 1325 582 1369 praehabitum
593 1349 603 1365 ‚
633 1335 697 1358 non
716 1323 781 1366 jam
800 1322 957 1366 plangens
974 1345 986 1362 ,
1013 1331 1080 1353 non

72 1374 78 1390 ‘
147 1375 354 1420 lachrymans
364 1401 374 1416 ,
401 1376 453 1409 sed
480 1386 516 1409 ut
535 1375 638 1409 audiri
661 1383 785 1418 poterat
805 1372 838 1406 &
863 1371 984 1410 videri,
1012 1372 1079 1414 post

146 1428 267 1472 priores
276 1427 418 1470 gemitus
432 1436 496 1459 tam
509 1427 592 1459 ferus
602 1450 613 1466 ‚
638 1434 705 1457 tam
718 1421 987 1466 indignabundus
997 1444 1006 1460 ‚
1015 1432 1081 1454 tam

145 1477 280 1516 ardens,
291 1485 356 1510 tam
367 1475 487 1509 audens
499 1474 695 1509 nominatim
705 1474 738 1508 ὅτ
749 1471 916 1515 expressim
939 1472 972 1504 in
986 1470 1086 1504 cervi-

148 1528 243 1562 cosos
253 1539 339 1561 terrae
351 1527 383 1560 ὅ(
394 1526 521 1569 spurcos
534 1523 701 1558 invehitur
713 1548 723 1564 ,
740 1524 772 1557 δε
789 1521 955 1566 plerosque
965 1517 1005 1554 de
1018 1520 1087 1554 Au—

146 1577 221 1611 licis
231 1577 317 1621 Regi
331 1575 416 1609 Patri
429 1576 531 1620 magis
542 1574 751 1609 familiaribus
762 1599 772 1614 ‚
794 1574 826 1606 &
837 1572 1006 1615 praesertim
1019 1572 1088 1604 Do-

146 1637 238 1660 mum
247 1625 338 1661 illam
349 1627 590 1669 exasperantem
602 1649 614 1664 ,
640 1625 680 1657 de
699 1635 764 1664 qua
789 1623 878 1663 supra
890 1620 1058 1663 tetigimus
1079 1643 1089 1658 ‚

150 1677 187 1710 in
201 1676 312 1718 spiritu
326 1675 436 1716 judicii
449 1675 482 1706 ὅ(
494 1673 603 1715 spiritu
614 1672 736 1706 ardoris
758 1669 963 1703 anathemate
972 1667 1088 1711 percus·

152 1726 209 1758 sit.
238 1724 280 1757 Et
302 1722 496 1756 nominatim
518 1719 729 1762 Radulphum
751 1720 793 1752 de
817 1719 923 1756 Broc,
948 1719 982 1750 ἀ
997 1717 1090 1748 illurn

151 1773 365 1815 supradictum
379 1770 560 1802 Robertum
572 1792 582 1807 ,
610 1771 666 1810 qni
680 1768 711 1799 in
735 1773 963 1806 contemptum
978 1762 1093 1796 Archi·

148 1820 294 1856 Praesulis
315 1819 501 1861 Iumentum
522 1816 725 1850 mutilaverat
745 1839 756 1856 ‚
783 1823 937 1858 perpetuo
960 1811 1081 1847 anathe

150 1869 231 1905 mati
243 1867 373 1903 tradidit
381 1892 389 1900 .

370 1918 414 1948 W
441 1917 456 1952 1
481 1915 511 1951 L
537 1915 572 1949 H
600 1916 628 1951 E
655 1915 684 1949 L
711 1915 751 1948 M
778 1913 818 1950 U
842 1913 882 1948 S.

203 1966 359 2011 CUJUS
383 1966 457 2001 vero
475 1966 624 2001 efficaciae
646 1965 784 2000 fueritin
797 1963 1003 1999 eosententia
1020 1987 1030 2003 ,
1058 1961 1091 1995 iu

158 2018 392 2063 presentiarum
424 2014 626 2051 absolvemus
661 2040 670 2048 .
718 2015 806 2048 Cum
839 2015 927 2048 enim
950 2013 1096 2056 prefatus

151 2066 322 2104 Roberms
355 2068 388 2101 in
426 2067 528 2102 domo
561 2068 614 2100 sua
648 2089 659 2106 ‚
703 2076 801 2108 quarn
839 2063 880 2097 de
911 2062 1098 2098 nemoribus

156 2116 427 2161 Archi-Episcopi
450 2128 508 2160 pro
533 2117 702 2150 voluntate
726 2116 777 2147 sua
801 2114 910 2156 paffim
924 2112 1096 2145 succifisin

155 2168 332 2203 Cantuaria
348 2166 590 2204 construxerat,
617 2164 807 2209 quibusdam
828 2161 1098 2196 communicanti-

148 2218 215 2254 bus
225 2219 256 2252 ei
276 2217 466 2252 convivium
488 2215 607 2250 fecisset
620 2239 631 2255 ‚
658 2225 753 2248 canes
764 2224 875 2256 panem
888 2237 899 2253 ,
924 2222 1020 2256 quem
1034 2222 1099 2244 ma·

142 2279 218 2303 mus
237 2267 304 2308 ejus
327 2268 600 2305 contrectaverat,
628 2263 830 2304 recusabant,
861 2261 917 2306 qui
940 2261 981 2295 de
999 2261 1098 2294 mani-

150 2317 221 2354 bus
244 2317 380 2349 aliorum
403 2313 563 2359 quidlibet
585 2314 757 2357 projectum
785 2311 876 2346 avide
898 2310 1066 2344 sumebant
1092 2337 1098 2343 .

151 2364 371 2401 Mittentibus
391 2365 515 2398 cunstis
535 2364 724 2405 &reliquias
737 2361 804 2404 ejus
823 2362 1011 2406 fragmentis
1022 2362 1100 2394 alio-

149 2426 229 2450 atum
241 2413 529 2449 commiscentibus
538 2412 579 2446 ab
595 2412 738 2456 utrisque
748 2413 911 2456 tamquam
925 2413 1010 2446 tastu
1024 2421 1101 2445 con-

147 2463 327 2504 taminatis
341 2462 394 2498 visi
406 2463 478 2497 sunt
491 2462 597 2497 Canes
609 2462 782 2496 abstinete.

406 2563 443 2596 H
460 2563 486 2596 E
499 2562 529 2595 R
542 2563 556 2596 1
572 2562 599 2594 B
612 2563 638 2595 E
652 2562 682 2595 R
702 2563 736 2596 T
754 2563 793 2597 U
806 2562 827 2595 S
841 2587 848 2594 .

203 2611 451 2651 PERACTIS
463 2613 571 2655 itaque
582 2623 650 2655 quae
665 2612 704 2646 ad
718 2622 842 2647 tantam
862 2611 1099 2646 solemnitatem

153 2662 367 2712 pertinebant
377 2686 388 2702 ,
404 2674 456 2705 per
468 2672 571 2695 totam
585 2662 740 2705 reliquam
752 2663 838 2695 diem
851 2659 1102 2700 Archi-Praesul‚

153 2717 238 2750 ficut
251 2713 286 2747 in
302 2713 408 2746 mensa
422 2713 486 2745 Dei
501 2714 528 2745 se
539 2711 695 2745 devotum
710 2737 720 2752 ,
746 2711 789 2744 ita
803 2714 870 2754 post
884 2713 917 2744 in
932 2712 1041 2745 mensa
1054 2712 1102 2744 sae·

157 2765 247 2803 culi.
275 2763 433 2796 moresuo
452 2786 462 2803 ,
491 2764 519 2794 se
539 2762 719 2804 jucundum
742 2761 913 2800 exhibuit,
940 2761 983 2793 ita
1005 2761 1102 2795 etiam

157 2812 251 2857 quod
263 2825 303 2848 ea
313 2811 366 2846 die
379 2837 390 2852 ‚
416 2824 483 2854 qua*
496 2814 579 2845 sexta
592 2812 667 2845 feria
680 2822 745 2844 erat
757 2836 767 2852 ‚
793 2812 825 2845 ὃ(
841 2809 969 2844 Natalis
987 2810 1102 2844 Domi-

162 2865 196 2899 ni
219 2863 287 2898 dies
299 2887 310 2903 ,
335 2861 486 2896 carnibus
497 2887 507 2902 ,
535 2862 610 2895 ficut
632 2862 711 2899 alii,
739 2862 915 2895 vesceretur
927 2874 937 2893 .-
964 2870 1016 2893 eas
1045 2860 1102 2895 tali

157 2913 217 2950 die
230 2914 351 2948 sumere
363 2937 374 2953 ‚
399 2913 495 2956 quam
506 2911 664 2946 abstinere
676 2911 852 2956 religiosius
862 2910 1008 2954 judicans
1024 2935 1032 2943 .

359 3009 733 3045 CAPUT
835 3011 904 3045 XI.

214 3113 261 3146 De
278 3110 385 3153 furore
409 3114 520 3154 Regis,
545 3112 578 3144 (5
605 3111 786 3152 Carnificum
809 3115 1052 3156 praeparata'one.

273 3208 418 3247 ERUM
442 3219 477 3243 ut
491 3209 530 3244 ad
553 3209 608 3250 id,
636 3209 723 3254 quod
742 3212 832 3253 supra
855 3209 1109 3247 intermifimus,

294 3269 490 3295 revertamur
509 3282 517 3291 .
545 3260 687 3300 Rex‚ut
702 3260 906 3303 praediximus
930 3285 941 3299 ,
968 3260 986 3293 a
1008 3257 1109 3293 tribus

166 3309 412 3357 praememoratis
429 3310 622 3353 Episcopis,
647 3321 721 3344 eum
744 3309 996 3354 instigantibus,
1024 3309 1055 3341 in
1065 3308 1112 3341 fu-

165 3372 274 3398 torem
295 3359 447 3396 omnibus
470 3358 670 3402 post-futuris
692 3361 813 3394 saeculis
825 3360 1047 3394 detestandum
1059 3368 1106 3391 ac-

163 3412 278 3448 census
290 3409 334 3442 est
349 3432 358 3448 ‚
383 3406 464 3444 adeo
483 3420 519 3443 ut
530 3407 695 3442 flammam
715 3410 781 3452 jam
795 3411 963 3444 continere
978 3421 1044 3442 non
1060 3419 1105 3440 va-

164 3459 237 3501 Icus
247 3457 415 3494 manifeste
426 3469 533 3492 coram
542 3458 695 3493 omnibus
704 3459 744 3493 de
756 3458 1010 3500 Arcthraesule
1022 3469 1106 3494 tam-

265 3507 374 3551 christ.
388 3511 468 3553 Lupi
476 3512 574 3553 opera
585 3511 663 3545 Tom.
677 3511 723 3541 Χ..

1135 877 1183 914 qut
1195 877 1355 904 manticato
1368 874 1503 912 jumento
1527 875 1559 907 δ’
1574 875 1694 914 claudo,
1717 876 1817 916 prima
1836 880 1974 917 prorupit
1992 880 2024 908 in
2036 885 2084 908 cu·

1135 927 1212 954 riam
1226 944 1236 959 ‚
1262 920 1380 964 depulso
1392 925 1504 965 Regum
1509 923 1665 962 stemmate
1690 948 1701 964 ‚
1727 926 1901 958 videntibus
1927 924 2010 959 vobls
2019 924 2084 968 for-

1137 981 1218 1005 tunae
1228 972 1392 1005 comnibus
1405 997 1416 1013 ,
1453 973 1645 1016 triumphans
1658 976 1777 1008 exultat
1790 981 1822 1008 m
1831 973 1904 1018 fhllo
1915 999 1923 1008 .

1349 1073 1386 1106 H
1412 1073 1438 1106 E
1463 1073 1494 1107 R
1524 1074 1539 1107 1
1560 1074 1585 1107 13
1612 1074 1639 1108 E
1664 1074 1694 1108 R
1719 1075 1756 1108 T
1779 1075 1816 1110 U
1834 1077 1855 1110 S
1867 1100 1875 1108 .

1187 1121 1319 1168 QJAE
1333 1123 1435 1164 sepius
1446 1123 1479 1156 in
1494 1125 1599 1158 furore
1610 1127 1667 1158 suo
1679 1125 1888 1168 replicantem
1904 1125 1944 1160 de
1957 1125 2089 1160 Aulicis

1142 1172 1426 1206 Concubiculariis
1438 1174 1499 1207 suis
1507 1185 1648 1216 quatuor
1657 1175 1777 1210 milites
1788 1176 1955 1210 audientes
1967 1176 2008 1209 de
2020 1186 2091 1209 ver-

1143 1221 1190 1255 bis
1201 1222 1322 1255 auditis
1331 1222 1468 1255 dicentis
1482 1235 1595 1257 votum
1619 1224 1813 1266 concipiunt
1827 1249 1836 1263 ‚
1862 1224 2030 1258 certissime
2044 1235 2092 1255 ar-

1143 1271 1297 1305 bitrantes
1307 1273 1520 1315 gratissirnum
1534 1274 1563 1306 se
1579 1274 1612 1306 in
1627 1273 1691 1306 hoc
1703 1273 1787 1318 Regi
1802 1275 1992 1317 praestituros
2003 1273 2092 1308 obse·-

1143 1321 1257 1364 quium
1271 1345 1282 1361 ‚
1301 1321 1323 1353 s1
1339 1321 1623 1356 Archi-Praesulem
1636 1324 1873 1358 interficerent.
1904 1325 1946 1358 Et
1959 1326 2001 1359 ita
2013 1336 2094 1359 con-

1144 1371 1299 1415 spirarunt
1310 1370 1344 1405 in
1361 1370 1622 1407 Archi-Praesulis
1634 1384 1748 1408 necem
1761 1398 1768 1406 .

1395 1474 1440 1503 W
1462 1473 1477 1506 1
1497 1474 1523 1508 L
1536 1475 1571 1507 H
1598 1474 1623 1507 E
1646 1475 1674 1509 L
1699 1475 1739 1508 M
1763 1475 1795 1509 U
1821 1475 1842 1508 S
1854 1502 1861 1508 .

1197 1521 1419 1569 QUORUM
1434 1523 1565 1557 nomina
1578 1522 1645 1558 haec
1662 1527 1732 1557 sunt
1745 1549 1752 1557 .
1779 1525 1923 1564 Primus,
1941 1525 2099 1569 Reginal-

1153 1570 1213 1604 dus
1224 1595 1233 1609 ,
1246 1572 1367 1605 nullius
1379 1596 1389 1611 ,
1398 1573 1478 1606 sicut
1488 1571 1704 1606 asseverabant
1716 1597 1726 1612 ,
1753 1575 1875 1607 sceleris
1886 1586 2031 1608 metuens
2044 1600 2052 1614 ,
2064 1576 2096 1608 &

1155 1619 1195 1652 ab
1209 1620 1299 1653 Urso
1318 1630 1405 1664 patre
1414 1621 1593 1654 belluinam
1615 1622 1776 1655 feritatem
1800 1623 1945 1656 trahens.
1974 1626 2099 1658 Secun-

1155 1667 1213 1701 dus
1227 1693 1236 1707 ,
1248 1668 1353 1714 Hugo
1364 1670 1405 1702 de
1417 1670 1619 1702 More-Villa
1637 1693 1646 1707 ‚
1657 1670 1772 1703 mortis
1784 1671 1905 1706 scilicet
1918 1697 1928 1712 ,
1955 1674 2005 1707 vel
2017 1685 2099 1708 mor·

1154 1717 1235 1748 tium
1250 1718 1339 1748 Villa
1351 1741 1358 1748 .
1386 1717 1609 1761 roumque
1631 1717 1733 1752 modo
1745 1719 1871 1753 dicatur
1884 1745 1895 1761 ,
1921 1724 2036 1757 mortis
2058 1725 2101 1757 vi·

1154 1775 1206 1797 rus
1221 1765 1392 1807 exprimit.
1420 1764 1529 1808 Hujus
1539 1776 1641 1808 uxor,
1659 1778 1695 1801 ut
1707 1768 1826 1808 fertur,
1848 1770 1923 1806 cum
1948 1772 2105 1816 Juvenem

1157 1814 1331 1857 quemdam
1347 1812 1534 1850 Lithulfum
1549 1819 1685 1851 nomine
1695 1818 1840 1854 ardenter
1852 1832 1973 1856 amaret
1986 1848 1996 1862 ,
2023 1823 2057 1856 &
2072 1823 2108 1856 il-

1157 1863 1187 1897 le
1201 1863 1344 1907 stuprum
1356 1866 1511 1900 recusaret
1521 1868 1693 1910 ,exquisita
1707 1868 1856 1903 muliebri
1870 1873 2007 1907 versutia
2019 1897 2029 1912 ‚
2049 1885 2109 1917 pe-

1156 1914 1233 1955 tiit,
1253 1924 1288 1948 ut
1302 1914 1353 1949 vel
1375 1916 1492 1950 edusto
1513 1917 1627 1960 gladio
1648 1928 1757 1952 coram
1770 1919 1799 1951 se
1812 1918 1955 1955 ludentis
1967 1924 2108 1965 speciem

1160 1975 1260 2008 agens
1272 1989 1281 2004 ,
1304 1964 1486 2000 admitteret
1507 1978 1625 2010 equum
1638 1968 1731 2002 suurn
1743 1991 1750 1999 -
1772 1969 1873 2017 Quod
1883 1970 1959 2005 cum
1972 1972 2088 2006 faceret
2098 1996 2110 2011 ,

1162 2015 1288 2057 propria
1304 2027 1385 2049 voce
1398 2017 1592 2050 exclamavit
1606 2017 1648 2050 ad
1659 2029 1852 2060 praeeuntem
1864 2020 1968 2054 virum
1993 2036 2003 2055 .·
2031 2024 2110 2056 Huic

1159 2064 1196 2105 of
1199 2065 1353 2097 Moreville
1359 2076 1412 2103 yar
1426 2090 1436 2105 ‚
1453 2078 1508 2104 yar
1517 2091 1528 2107 ‚
1545 2065 1598 2105 yar
1611 2066 1737 2109 Litbuff
1754 2067 1839 2109 bafer
1857 2068 1905 2102 hu
1911 2070 1992 2110 βοὶ-ο
1999 2074 2108 2111 ,dnaje

1621 2141 1644 2149 ..
1671 2117 2111 2166 Qodlatinesonat:I—1ugo

1161 2165 1199 2197 de
1226 2164 1384 2197 Morevr'lla
1405 2190 1416 2206 ,
1453 2177 1527 2199 cave
1541 2191 1551 2206 ,
1577 2178 1651 2200 cave
1665 2192 1674 2205 ‚
1699 2179 1772 2201 cave
1784 2194 1794 2208 ,
1828 2169 1983 2212 Lithusfus
2005 2174 2113 2206 eduxit

1142 2243 1145 2270 1
1158 2214 1295 2258 gladium
1305 2212 1398 2256 ficum.
1414 2215 1777 2262 Qamobremjuuenis
1789 2219 2115 2267 innoxius,tanquam

1143 2286 1145 2291 .
1161 2263 1217 2307 qui
1236 2263 1275 2296 ad
1307 2264 1512 2299 fundendum
1535 2266 1727 2311 sanguinem
1753 2269 1892 2304 Domini
1916 2273 1964 2306 sui
1977 2285 2113 2309 manum

1161 2311 1354 2348 extendisset
1366 2338 1375 2353 ‚
1402 2317 1501 2359 morti
1512 2316 1656 2352 addistus
1668 2341 1678 2357 ,
1704 2319 1739 2355 δε
1761 2332 1842 2364 aqua
1870 2322 2006 2358 ferventi
2019 2324 2116 2359 deco-

1162 2365 1230 2397 stus
1243 2388 1254 2403 ‚
1266 2364 1464 2407 Martyrium
1478 2367 1658 2411 complevit
1673 2393 1680 2401 .
1705 2370 1774 2418 Qi
1787 2370 1828 2405 de
1839 2373 2008 2417 genimine
2030 2375 2115 2418 vipe-

1162 2424 1269 2448 rarum
1282 2415 1471 2457 supererant.
1483 2417 1646 2460 Nunquid
1659 2419 1700 2452 de
1716 2420 1843 2453 tribulis
1859 2433 1952 2455 uvam
1965 2447 1974 2462 ,
2005 2435 2058 2458 aut
2072 2424 2114 2458 de

1163 2464 1253 2507 spina
1264 2463 1362 2498 ficum
1374 2465 1565 2511 colligimus
1577 2468 1594 2499 ?
1620 2468 1652 2501 Si
1673 2468 1768 2503 arbor
1780 2471 1863 2503 mala
1876 2472 1993 2506 fructus
2009 2472 2117 2508 bonos

1163 2514 1267 2548 facere
1279 2526 1346 2549 non
1357 2516 1460 2559 potest
1473 2541 1484 2557 ‚
1495 2517 1574 2552 teste
1584 2519 1721 2554 veritate
1732 2544 1742 2559 ‚
1755 2521 1955 2564 consequens
1965 2522 2008 2556 est
2022 2534 2057 2557 ut
2072 2536 2114 2558 ex

1163 2564 1271 2599 radice
1291 2566 1376 2599 mala
1397 2566 1545 2601 &virosa
1558 2579 1691 2612 germen
1706 2569 1887 2605 innocuum
1900 2584 1966 2606 non
1980 2574 2088 2619 surgat
2108 2599 2116 2606 .

1163 2613 1300 2648 Tertius
1312 2639 1323 2656 ‚
1343 2615 1542 2651 Wilhelmus
1557 2617 1597 2650 de
1620 2616 1719 2652 Trnci
1731 2641 1741 2657 ‚
1764 2620 1820 2662 qui
1832 2624 1980 2663 quamvis
1995 2624 2029 2658 in
2041 2635 2117 2659 con·

1164 2665 1267 2709 greffu
1283 2664 1413 2699 militari
1426 2667 1503 2709 [πρὸ
1517 2667 1644 2700 fortiter
1654 2667 1775 2707 fecerit,
1784 2679 1891 2704 tamen
1902 2671 1971 2715 ejus
1982 2684 2116 2708 conver-

1166 2715 1298 2749 sationis
1310 2714 1371 2748 fuit
1384 2740 1393 2754 ‚
1417 2725 1452 2748 ut
1467 2716 1676 2761 exigentibus
1687 2720 1826 2762 peccatis
1848 2721 1888 2754 ad
1900 2723 2111 2766 parricidium

1166 2765 1215 2799 vel
1238 2764 1326 2798 aliud
1350 2763 1510 2809 flagitium
1535 2766 1667 2801 devolvi
1690 2769 1842 2803 meruerit
1856 2796 1862 2803 .
1892 2772 2040 2819 Quartus
2061 2774 2123 2808 Ri-

1165 2812 1301 2849 chardus
1314 2814 1354 2847 de
1366 2814 1457 2855 Brito
1472 2839 1482 2855 ,
1508 2817 1562 2859 qui
1576 2815 1620 2850 ob
1635 2818 1822 2859 pravitatem
1838 2822 1910 2855 vitae
1921 2834 1964 2855 ex
1980 2823 2118 2858 Britone

1169 2864 1414 2899 brutuseffestus
1426 2865 1470 2899 est
1484 2879 1492 2898 ι
1527 2866 1672 2911 dumque
1685 2869 1846 2911 praeliatur
1859 2870 1891 2904 in
1905 2873 2047 2908 Ecclesia
2062 2885 2119 2917 pto

1169 2913 1303 2949 nomine
1313 2914 1462 2959 Tyronis
1473 2939 1484 2957 ‚
1498 2927 1610 2951 notam
1620 2918 1807 2954 traditionis
1819 2921 1955 2957 incurrit
1974 2949 1980 2956 .

1437 3015 1705 3052 CAPur
1754 3020 1856 3055 XII.

1317 3118 1364 3150 De
1389 3117 1525 3151 adventu
1550 3119 1733 3161 carnificum
1758 3126 1792 3154 in
1819 3123 1978 3167 Angliam.

1385 3217 1422 3249 H
1444 3217 1472 3251 E
1494 3217 1526 3250 R
1554 3217 1568 3250 1
1591 3218 1616 3251 Β
1641 3217 1669 3251 E
1691 3218 1722 3252 R
1748 3219 1785 3254 T
1809 3221 1848 3257 U
1873 3222 1915 3255 S.

1215 3264 1287 3301 sT1
1306 3265 1406 3309 igitur
1417 3277 1555 3306 quatuor
1565 3268 1597 3301 in
1613 3268 1686 3302 Viri
1700 3269 1762 3303 Dei
1776 3282 1887 3304 necem
1899 3270 1939 3303 sic
1947 3270 2121 3313 conjurati,

1172 3271 1212 3372 I
1240 3315 1311 3348 sunt
1327 3316 1459 3358 profesti
1472 3317 1507 3349 in
1523 3318 1697 3363 Angliam.
1722 3320 1758 3352 ln
1769 3330 1906 3361 quorum
1921 3320 2122 3363 profediione

1241 3363 1303 3399 hoc
1315 3365 1401 3408 quasi
1417 3368 1627 3406 novum,imo
1640 3369 1865 3402 miraculosum
1879 3369 2123 3414 contigit.Cum

1173 3414 1262 3447 enim
1284 3415 1317 3447 in
1339 3412 1457 3455 hyeme
1473 3417 1554 3450 inter
1582 3418 1706 3451 crebras
1726 3417 1956 3452 aeris&maris
1969 3420 2125 3453 mutatio-

1175 3474 1251 3505 nes,
1274 3463 1307 3497 &
1318 3462 1461 3499 diversos
1485 3476 1637 3509 portuum
1650 3466 1724 3499 situs
1737 3478 1822 3502 mare
1842 3478 1910 3504 non
1918 3468 2008 3503 simul
2022 3470 2055 3502 in
2070 3480 2122 3503 eo-

1684 3514 1718 3549 D
1770 3527 1791 3564 3
1991 3519 2065 3554 dem
