2358 3776
299 114 344 160 5.·
407 85 790 158 “1‘quAE
858 90 1808 155 c->A‘NTu‘A‘R1EN31s

1943 107 2050 163 (19

81 202 116 240 ὄε
147 195 362 236 familiarium
387 197 520 230 suorum
540 190 779 237 suggestionem
799 212 818 230 ,
854 187 968 223 Pallio
997 199 1074 223 cum
1136 192 1213 221 Non
1229 187 1304 221 binc
1323 188 1460 226 recedam
1474 187 1569 220 donec
1590 190 1717 230 videro,
1741 193 1820 232 quad
1837 187 1896 226 βοὶ
1917 185 2113 236 volumasfu.

92 250 228 290 Insula,
254 246 375 282 caeteris
398 245 532 280 indutus
552 240 694 276 vestibus
716 238 835 280 sacris,
861 239 976 284 Cappa
1000 240 1073 274 Cle.

93 294 187 340 ricali
211 286 411 342 superjefiaJ
430 294 578 339 proceffit
596 290 639 325 ad
660 289 766 332 Regis
797 288 935 324 Curiam
960 290 1072 325 iturus.

302 347 340 381 H
365 346 395 380 E
421 346 454 380 R
481 345 498 379 I
523 344 550 379 Β
574 340 604 376 Ε
628 339 662 373 R
689 338 727 371 T
754 339 795 375 U
820 339 862 372 S.

96 403 99 409 ⁴
148 398 218 434 ET
243 398 401 443 quoniam
422 407 463 430 ex
480 388 600 429 auditis
638 387 776 423 timebat
795 386 850 422 fibi
870 399 909 423 ut
933 387 1038 424 homo
1066 415 1076 432 ,

97 450 206 485 secum
226 449 381 495 ipsemet,
406 445 459 484 sed
476 441 563 477 olam
590 437 821 478 Ecclesiastico
856 438 1076 475 Communio.

98 501 150 536 nis
172 498 323 543 ‘portabat
346 487 535 532 viaticum,
564 486 804 525 Eucharistiam
826 488 968 523 scilicet.
999 489 1077 524 Un.

1136 245 1194 281 ριν
1215 237 1265 271 his
1279 234 1485 278 judicaverit.
1510 239 1544 270 Si
1560 246 1618 279 pro
1632 241 1692 270 Deo
1704 239 1737 271 Θ
1758 244 1820 280 ejus
1834 243 1970 289 Justma
1989 245 2112 276 dimica.

1138 293 1219 323 verit
1234 294 1266 321 is
1283 287 1374 331 usque
1390 289 1437 321 ad
1454 289 1638 331 sanguinem
1652 312 1662 328 ,
1683 289 1842 329 pulchrius
1866 294 1921 329 vel
1934 295 2041 329 melias
2063 300 2112 327 vx.

1086 359 1088 361 >
1136 348 1202 373 tam
1219 338 1312 380 finire
1335 350 1395 371 non
1410 343 1541 380 potem.

1338 381 1905 424 'HER13ERTUS.

1186 439 1305 474 CUM
1330 448 1439 472 autem
1458 438 1591 480 quidam
1613 462 1624 478 ,
1649 439 1706 479 qui
1728 437 1855 472 ostiarii
1879 441 2074 479 dicebantur
2099 469 2113 485 ‚

1134 500 1213 524 cum
1234 489 1334 533 virgis
1354 489 1389 523 ὅ(
1419 487 1545 522 baculis
1565 485 1608 522 de
1627 488 1837 529 Ccenaculo,
1875 490 1910 524 in
1932 490 1999 533 quo
2027 494 2116 535 [Rex

98 550 139 585 de
162 550 226 594 jam
247 548 399 587 audacio,-
414 544 518 578 fastus
536 541 571 576 &
591 539 733 574 securior
751 563 764 579 ‚
816 540 974 583 tanquam
995 540 1018 573 fi
1036 540 1077 575 ad
1132 549 1226 580 verat,
1250 550 1328 574 cum
1345 549 1471 582 magno
1483 537 1608 581 impetu
1618 536 1876 580 descendiflent,
1901 541 1935 575 &
1948 540 2040 575 vultu
2051 545 2117 577 mi·-

99 599 236 644 praedam
250 625 260 640 ‚
286 591 354 635 Led
374 594 433 629 iste
454 589 677 637 Evangelicus
698 612 712 632 ,
746 589 827 624 ficut
848 588 971 624 dietum
990 591 1036 625 est
1062 615 1075 633 ,
1138 590 1258 625 naci&
1279 588 1392 634 digitis
1408 588 1550 622 extensis
1567 588 1677 622 versus
1689 588 1793 623 Archi
1809 589 2003 625 -Praesulem
2018 594 2118 635 respe-

101 650 140 684 ad
165 649 296 692 Curiam
320 642 531 688 properabat.

256 693 259 699 ’
408 693 440 727 A
468 693 497 727 L
526 690 557 726 A
585 690 619 724 N
648 688 688 725 U
715 689 755 723 S.

102 739 104 741 V
151 735 489 785 INTRATURUS
511 743 685 777 Cameram
696 738 822 783 Regis,
845 738 988 775 ubieum
1000 741 1076 774 Rex

104 794 359 845 praestolabatur,
385 793 426 828 ad
444 793 564 827 ostium
579 792 683 835 ipsum
704 789 722 823 ὲ
736 789 851 824 Crucis
873 789 985 832 bajulo
994 790 1077 826 Cru-

104 859 171 884 cem
188 845 336 890 accepit,
371 844 406 878 &
430 842 535 886 palam
557 841 684 876 cunetis
699 838 887 874 videntibus
908 841 973 883 ipse
993 845 1076 888 {earn

105 896 276 942 bajulavit,
303 893 510 940 sequentibus
529 891 699 937 Episcopis
717 914 730 930 ,
754 890 787 924 &
808 890 842 924 id
865 889 960 925 aliter
978 892 1076 935 quam

101 947 233 988 decuit,
260 942 567 987 interpretantibus.
594 944 780 982 Occurrens
791 939 958 974 Robertus
970 942 1079 975 'Here-

99 994 257 1038 'fordenlis
272 995 400 1040 inquit.
429 996 520 1028 Pater
536 991 646 1036 fiestine
659 1016 671 1033 ,
695 992 731 1024 (u
761 1001 811 1034 ego
835 993 1076 1033 Vite-capellani

102 1052 226 1082 crucem
247 1045 382 1088 deferam
393 1053 465 1077 ante
483 1041 680 1087 praesente'am
690 1039 817 1081 vestram
830 1066 837 1072 .
863 1041 911 1074 sic
928 1047 1006 1075 enim
1016 1053 1079 1075 con-

103 1100 187 1132 decet
199 1122 207 1131 .
238 1095 374 1131 Archi-
387 1093 640 1137 Episcopusa'it:
661 1091 785 1135 Jussum
806 1090 845 1130 est
864 1102 911 1125 me
925 1090 1022 1134 ipsam
1032 1093 1078 1124 de·

96 1148 202 1193 ferre,
224 1145 281 1193 sub
299 1147 382 1186 cujus
398 1143 579 1186 protec‘ltone
600 1151 686 1176 tutus
709 1152 833 1180 maneo,
857 1143 892 1175 Θ
916 1143 983 1181 ejus
1015 1140 1080 1184 viso

107 1198 218 1232 vexillo
240 1206 298 1229 non
317 1195 354 1236 est
374 1194 449 1228 mibi
470 1194 687 1231 dubitandum,
712 1190 769 1234 sub
791 1202 849 1233 quo
873 1193 1016 1233 Principe
1027 1197 1077 1224 mi-

105 1249 204 1281 litem.
232 1243 475 1282 Londoniensrs
494 1241 536 1277 ad
552 1241 640 1276 haec:
667 1245 698 1274 52·
723 1242 835 1275 videret
853 1243 920 1274 Rex
941 1250 970 1275 te
979 1254 1077 1274 arma-

105 1306 171 1331 tum
186 1301 321 1336 intrare,
340 1295 483 1338 gladium
497 1291 586 1336 suum
609 1292 768 1334 fortiorem
787 1300 889 1324 exeret
910 1297 946 1324 in
977 1295 1079 1334 Caput

103 1355 189 1381 vuum
201 1369 209 1377 .
225 1343 282 1378 Et
303 1353 374 1378 tunc
393 1343 510 1377 videbis
523 1366 534 1382 ‚
550 1344 628 1385 quid
632 1342 799 1385 proderunt
818 1342 900 1374 talia
911 1353 1001 1375 arma
1017 1353 1080 1375 tua.

107 1393 427 1438 Archi—Episcopus
447 1393 581 1438 inquit:
609 1399 683 1428 Haec
704 1393 762 1424 Deo
781 1396 1009 1424 cornmittimus.
1036 1393 1079 1434 Et

102 1443 366 1486 Loudouienfis:
392 1439 507 1478 stultus
526 1442 668 1476 baaenos
689 1440 798 1483 fuisti,
823 1442 910 1476 &ab
920 1439 1081 1481 hacstultiss

107 1500 175 1536 tia,
201 1492 235 1529 ror
247 1492 336 1530 video
356 1496 393 1528 de
408 1496 501 1527 cetero
523 1504 582 1526 non
600 1493 717 1526 recedes
730 1516 737 1523 .
766 1492 810 1525 Et
831 1493 1012 1534 processum
1025 1492 1080 1527 est.

99 1543 260 1590 ,Audiens
281 1556 390 1580 autem
403 1544 477 1578 Rex
499 1543 604 1577 Archi
615 1561 624 1568 -
637 1542 833 1585 Episcopum
857 1553 1018 1577 armatum
1033 1554 1082 1577 ve·

108 1592 210 1637 nire,
227 1593 336 1631 oblito
356 1595 405 1630 vel
424 1594 573 1636 depofito
596 1592 709 1637 gladio
730 1592 790 1626 illo
805 1593 846 1625 de
868 1603 935 1635 quo
956 1593 1083 1626 dixerat

109 1643 372 1684 Londonienfis,
398 1644 495 1677 citius
517 1643 641 1678 receffit
663 1642 697 1674 in
732 1640 889 1674 conclave
908 1641 1046 1675 ulterius
1073 1667 1080 1675 .

105 1686 251 1728 ‘Sedente
277 1692 333 1727 hic
355 1692 480 1726 seorsim
504 1689 609 1723 Archi
623 1708 634 1714 -
648 1689 814 1731 Episcopo
835 1690 907 1723 solo
931 1701 1007 1723 cum
1020 1691 1085 1723 suis

112 1742 281 1788 Episcopis
299 1741 343 1777 ex
361 1739 496 1774 adverso
507 1760 520 1777 ‚
547 1737 711 1771 deloco&
732 1737 845 1770 animo
864 1735 1033 1771 adunatis.

286 1833 662 1873 CAPUT
762 1832 925 1869 XXXI.

412 1938 554 1981 ,Qualiter
565 1936 723 1978 judicatus
736 1932 778 1976 fit
789 1959 798 1967 .

228 2037 407 2076 OCATIS
433 2036 533 2082 igitur
556 2035 720 2071 Praeconis
754 2045 835 2069 voce
867 2034 1087 2070 Pontificibus

243 2092 276 2125 &
297 2088 487 2124 proceribus
506 2087 679 2127 univerfis,
705 2095 838 2130 gravem
874 2086 906 2119 ὅ(
929 2085 1085 2129 grandem

116 2142 193 2177 Rex
213 2140 348 2185 deponit
368 2138 611 2185 querimoniam
624 2161 636 2177 ‚
661 2136 752 2178 quod
776 2133 879 2168 Archi
894 2134 1034 2168 -Praesul
1054 2136 1086 2168 in

116 2193 336 2237 ignominiam
355 2189 425 2233 ejus
443 2190 477 2223 δε
498 2187 609 2232 Regni
643 2186 685 2219 sic
710 2185 878 2219 intraverit
913 2185 1051 2219 Curiam
1078 2209 1088 2224 ,

117 2254 187 2277 nou
209 2252 363 2285 tanquam
387 2239 507 2283 Regis,
535 2237 589 2270 sed
611 2235 795 2269 Proditoris
819 2258 831 2275 ,
866 2236 897 2269 se
924 2234 965 2268 de
985 2234 1089 2278 prodi-

117 2293 211 2326 tione
229 2292 271 2324 (ic
294 2288 473 2323 notabilem
494 2286 648 2321 reddens.
674 2284 864 2319 Inauditum
886 2285 903 2318 ὲ
926 2285 1041 2319 saeculo
1055 2286 1087 2318 in

121 2342 222 2375 Curia
246 2339 382 2381 alicujus
404 2337 506 2381 Regis
526 2334 722 2369 Christianae
740 2333 950 2369 Profeffionis
973 2335 1036 2369 hoc
1050 2335 1090 2368 fa-

118 2393 219 2427 stum.
247 2387 368 2423 Cuncti
399 2387 480 2431 ergo
502 2385 590 2430 Regi
617 2384 842 2419 testimonium
885 2385 1090 2428 perhibentes

119 2439 292 2479 dicebant,
320 2438 414 2471 illum
437 2446 558 2471 vanum
579 2436 742 2478 semper&
766 2434 936 2477 superbum
955 2436 1088 2470 exstitis-

120 2493 174 2526 se:
203 2489 244 2525 Et
267 2486 484 2534 ignominiam
498 2485 582 2521 hanc
596 2497 665 2519 non
687 2486 722 2520 in
735 2487 839 2519 solum
862 2485 1011 2531 Regem,
1039 2486 1090 2519 sed

122 2542 156 2574 in
179 2541 333 2586 Regnum
355 2549 463 2572 totum
476 2562 485 2576 ,
513 2537 597 2580 ipsos
612 2546 726 2570 omnes
746 2536 943 2569 redundare.
974 2536 1016 2569 Et
1029 2535 1091 2569 hoc

122 2590 241 2624 merito
262 2589 349 2634 Regi
370 2587 542 2624 accidisse,
568 2586 625 2629 qui
639 2587 745 2620 *talem
770 2587 883 2619 fecerit
903 2585 959 2619 fibi
984 2587 1095 2620 secun-

122 2639 199 2674 dum
223 2639 257 2674 in
271 2640 411 2685 Regno,
437 2639 490 2671 cui
503 2635 670 2678 subjecerit
689 2645 827 2675 omnes,
853 2637 885 2670 δε
905 2646 1010 2679 parem
1024 2636 1091 2670 nul-

123 2691 182 2724 lis.
209 2691 337 2724 Omnes
367 2690 467 2733 igitur
488 2687 599 2730 paffim
625 2687 659 2720 δε
694 2686 862 2719 manifeste
891 2686 1092 2729 proditorem

125 2739 398 2780 conclamabant,
424 2738 479 2783 qui
503 2736 655 2771 Domino
678 2737 736 2769 suo
749 2735 856 2780 Regi,
882 2735 900 2768 a
920 2737 1093 2779 quotot&

123 2800 214 2824 tanta
236 2789 322 2824 bona
339 2798 502 2832 acceperat
515 2810 524 2825 ‚
551 2798 619 2820 non
638 2786 701 2827 jam
725 2783 886 2819 honorem
909 2796 1069 2819 terrenum
1085 2810 1095 2825 ,

126 2843 206 2875 ficut
226 2841 404 2883 juraverat,
432 2837 599 2875 servasset,
629 2836 680 2869 sed
693 2835 801 2878 potius
825 2835 857 2868 in
879 2836 963 2869 fatto
988 2835 1094 2870 hoc&

130 2890 213 2935 Regi
234 2889 265 2925 δι
295 2890 415 2934 Regno
435 2897 622 2931 perpetuam
644 2885 840 2928 proditionis
861 2885 1094 2919 maculamini-

130 2941 277 2983 preffiffet
291 2964 302 2980 ,
324 2941 358 2974 δε
378 2937 540 2981 propterea
567 2938 600 2970 in
617 2946 714 2976 eum,
741 2936 898 2979 tanquam
917 2937 1020 2980 Regis
1032 2948 1097 2980 per-

129 2991 235 3033 jurum
254 2991 288 3024 &
310 2990 509 3033 proditorem
524 3012 535 3028 ,
570 2984 910 3021 animadvertendum.
938 2986 981 3020 Et
1005 2988 1096 3030 super

130 3036 197 3074 hoc
218 3039 338 3073 clamor
357 3037 590 3074 invalescebat.

446 3089 478 3121 A
506 3088 535 3121 L
562 3087 594 3121 A
621 3087 655 3121 N
683 3085 724 3120 U
750 3087 773 3121 S
783 3110 790 3118 .

183 3137 330 3174 UNDE
357 3138 567 3172 &audientes
588 3136 654 3170 haec
680 3147 733 3180 per
753 3147 855 3170 totam
869 3135 1012 3177 Aulam,
1038 3145 1097 3170 tre·

134 3200 223 3223 more
240 3189 274 3222 ὃς
295 3187 426 3222 horrore
445 3187 736 3222 concutiebantur.
767 3187 888 3221 Exiens
899 3197 1009 3220 autern
1032 3186 1098 3219 Ro-

136 3250 229 3285 gerus
251 3236 458 3271 Eboracenfis
483 3238 603 3271 Archi·
617 3237 794 3280 Episcopus
805 3237 850 3270 ait
874 3237 1012 3271 Clericis
1024 3237 1098 3277 suis,

137 3301 221 3332 quos
242 3286 286 3320 ibi
308 3287 435 3321 invenit
456 3287 568 3327 (erant
586 3288 675 3321 enim
695 3287 741 3321 ibi
767 3287 924 3330 Magister
938 3286 1099 3322 Robertus

138 3338 281 3373 Grandis
301 3337 525 3380 cognomine,
550 3337 584 3370 ὅ(
610 3335 766 3371 Osbertus
792 3335 988 3377 Arundelli)
1009 3340 1100 3369 Rece-

138 3392 245 3423 damus
268 3386 351 3420 hinc.
380 3390 451 3419 Non
470 3387 549 3418 decet
571 3397 621 3418 nos
643 3388 745 3420 videre
762 3398 828 3428 quae
858 3386 903 3420 bic
927 3387 1039 3420 babent
1048 3386 1098 3428 fie-

133 3446 163 3476 ri
182 3441 237 3474 etto
257 3439 296 3472 de
317 3434 542 3478 cantuarlenfi.
571 3436 725 3480 Magister
756 3437 920 3473 Robertus
954 3438 1059 3479 inquit
1088 3452 1098 3472 .·

1136 640 1275 679 scissent,
1300 648 1468 683 quotquot
1490 639 1525 671 in
1560 637 1663 672 domo
1683 650 1774 673 erant
1795 640 1912 675 Crucis
1925 642 1956 674 se
1975 642 2119 685 signacu-

1137 690 1171 723 lo
1182 688 1409 732 signantibus,
1434 687 1542 722 Archi
1555 687 1688 722 -Praesul
1700 689 1863 724 inclinato
1882 692 1992 734 capite
2009 691 2119 726 seden-

1135 740 1163 774 ti
1182 738 1225 773 ad
1241 739 1339 782 pedes
1351 739 1525 782 Discipulo
1536 737 1661 782 inquit:
1686 742 1786 773 Timeo
1802 742 1876 781 jam
1885 741 1943 773 tibi
1957 766 1964 773 .
1992 745 2115 774 Verum·

1135 799 1240 824 tamen
1260 796 1294 822 tu
1312 799 1372 822 non
1391 795 1499 822 timeas
1524 813 1534 820 .
1563 788 1667 822 Adbuc
1682 795 1763 823 enim
1790 801 1903 824 coronae
1925 802 1999 825 meae
2020 797 2121 833 parri·

1135 847 1207 882 ceps
1225 843 1306 873 eris.
1333 839 1401 874 Cui
1422 850 1501 872 mox
1525 839 1718 882 Discipulus
1736 839 1845 882 inquit
1870 854 1877 873 z
1915 845 1982 874 Nec
2002 841 2057 874 tibi
2079 847 2117 874 tt-

1137 891 1304 930 mendum,
1329 900 1383 922 nec
1393 889 1471 922 mihi
1483 914 1491 922 .
1517 890 1650 930 Erexisti
1666 895 1743 923 enim
1756 890 1850 924 nobile
1869 892 1947 925 illud
1966 893 2120 925 &trium-

1135 940 1227 983 phale
1248 939 1419 980 vexillum,
1445 945 1523 972 omni
1535 940 1675 980 Potestatt
1693 939 1830 984 sandlum
1851 943 1887 976 &-
1906 942 2037 975 terribile
2050 965 2061 981 ,
2086 947 2119 974 in

1135 1002 1196 1034 quo
1213 991 1299 1023 muln
1319 989 1395 1022 bella
1417 991 1510 1022 multa
1523 996 1660 1023 vicerunt
1676 1015 1683 1023 .
1709 994 1859 1025 Memento
1872 997 1966 1036 igitur
1978 1001 2008 1027 te
2026 1003 2121 1035 quon-

1137 1043 1217 1075 dam.
1230 1039 1364 1084 exstmffe
1384 1043 1475 1084 Regis
1495 1041 1691 1084 Anglorum..
1709 1066 1716 1074 .
1728 1067 1755 1074 ..
1772 1068 1782 1074 ,

1449 1090 1482 1123 A
1512 1090 1543 1123 L
1572 1092 1602 1124 Λ
1634 1092 1670 1125 Ν
1701 1091 1741 1126 U
1770 1093 1810 1126 S.
2105 1103 2107 1106 ⁴

1188 1139 1311 1174 DUM
1337 1152 1419 1184 ergo
1449 1139 1611 1184 Magister
1636 1141 1671 1175 ὃς
1697 1135 1885 1185 D‘iscipulus
1909 1142 1952 1175 sic
1988 1142 2022 1175 in
2045 1152 2123 1175 aure

1138 1190 1430 1233 colloquerentur,
1458 1192 1591 1223 veniens
1606 1188 1820 1224 Barthomeus
1831 1192 2025 1225 Exonienfis
2048 1191 2127 1233 Epi·

1141 1242 1275 1284 scopus,
1303 1240 1475 1282 procidens
1498 1239 1538 1273 ad
1563 1239 1658 1280 pedes
1681 1239 1817 1274 Archi-
1847 1241 2029 1284 Episcopi,
2057 1242 2123 1275 ait:

1144 1294 1262 1330 Pater,
1285 1287 1422 1331 miserere
1441 1295 1507 1322 rut.
1534 1288 1671 1332 Miserere
1701 1291 1738 1324 Θ·
1759 1290 1847 1331 nostrl
1861 1315 1868 1322 .
1910 1295 2022 1324 Omnes
2046 1296 2127 1324 enim

1141 1340 1228 1373 bodie
1248 1346 1384 1382 perimus
1400 1340 1467 1372 odio
1486 1343 1607 1380 Capms
1617 1345 1664 1373 tul
1678 1364 1685 1371 .
1715 1343 1810 1373 Exiit
1833 1342 1962 1383 namque
1982 1341 2128 1374 Edzfflum

1142 1394 1162 1423 ἆ
1184 1393 1285 1434 Rege,
1311 1399 1345 1423 ut
1366 1390 1560 1432 qutampliris
1584 1401 1651 1422 cum
1672 1389 1781 1422 Archi·
1794 1389 1937 1433 Episcopo
1941 1390 2037 1430 staret
2052 1417 2061 1430 ‚
2072 1400 2130 1432 pu-

1143 1442 1233 1475 blicus
1253 1440 1341 1480 hostis
1354 1441 1547 1481 ‚iudicaretur
1566 1463 1577 1479 ,
1601 1445 1636 1473 in
1658 1446 1753 1481 capite
1767 1442 1940 1484 puniendus
1953 1467 1961 1474 .
1988 1442 2126 1477 Didium

1194 1490 1324 1531 etiam,
1347 1489 1440 1535 quod
1461 1491 1627 1533 Joselinus
1651 1490 1915 1532 Saresberienfis,
1939 1491 1975 1524 δε
1991 1491 2129 1527 wilhel-

1147 1553 1218 1576 mus
1241 1540 1450 1575 Norvicenfis
1483 1541 1662 1583 Episcopi,
1689 1542 1745 1582 qui
1770 1540 1878 1574 adhuc
1902 1541 2087 1575 restiterant
2116 1566 2127 1581 ‚

1146 1591 1347 1626 traherentur
1371 1590 1482 1622 statim
1501 1589 1543 1622 ad
1555 1590 1767 1631 supplicium,
1801 1591 1834 1622 in
1862 1590 2017 1624 membris
2031 1591 2131 1624 muti-

1147 1640 1254 1674 landi.
1286 1639 1357 1686 Qi
1378 1638 1411 1671 δε
1430 1638 1486 1678 ipsi
1511 1648 1571 1678 pro
1593 1639 1696 1670 salute
1718 1640 1771 1670 sua
1786 1639 2054 1674 Cantuariensem
2080 1646 2131 1674 ro'·

1145 1689 1286 1733 gabant.
1310 1685 1562 1728 lntuensigitur
1575 1683 1677 1718 Archi
1692 1705 1699 1710 =
1715 1686 1894 1730 Episcopus
1908 1690 1941 1722 in
1962 1691 2130 1724 Exonien·

1147 1738 1213 1770 sem
1226 1758 1237 1775 ,
1263 1735 1329 1768 ait:
1358 1738 1445 1777 Fuge
1471 1733 1561 1774 binc,
1587 1739 1662 1777 quia
1674 1747 1731 1768 non
1739 1734 1827 1779 sapis
1840 1750 1876 1771 ea
1894 1751 1963 1782 quae
1977 1743 2034 1774 Det
2045 1739 2129 1784 sunt.

1298 1834 1331 1869 C
1382 1834 1415 1868 A
1465 1833 1494 1867 P
1546 1833 1587 1869 U
1637 1834 1676 1868 T
1775 1836 1964 1873 XXXII.

1200 1930 1345 1981 ,Qualiter
1363 1942 1467 1969 contra
1488 1934 1578 1968 Archi
1587 1954 1599 1961 ·
1610 1933 1792 1978 Episcopum
1815 1939 2002 1981 appellatum
2018 1942 2056 1981 est
2071 1967 2080 1973 .

1346 2035 1383 2068 H
1414 2036 1442 2067 E
1471 2035 1503 2068 R
1530 2035 1545 2068 1
1573 2037 1600 2069 Β
1630 2036 1657 2070 E
1685 2036 1717 2070 R
1746 2037 1783 2071 T
1810 2037 1850 2072 U
1877 2040 1917 2073 S.
2127 2061 2129 2063 -

1233 2084 1490 2120 ONTlFlCES
1515 2085 1557 2118 de
1574 2086 1708 2119 licentia
1731 2086 1834 2132 Regis
1855 2089 1988 2132 separati
2010 2091 2028 2125 ὲ
2051 2091 2131 2125 Pro-

1248 2135 1376 2168 ceribus
1398 2146 1453 2177 per
1475 2136 1505 2168 se
1524 2135 1654 2169 seorsim
1681 2138 2011 2174 inieruntconsilium
2025 2168 2032 2175 .
2063 2142 2129 2176 Res

1151 2187 1242 2220 enim
1264 2186 1299 2218 in
1323 2186 1412 2217 atsto
1431 2195 1517 2219 erat.
1545 2186 1717 2230 Siquidem
1736 2196 1792 2221 aut
1807 2189 1908 2235 Regis
1932 2190 2133 2236 indignatio-

1154 2246 1228 2270 nem
1252 2234 1452 2269 incurrerent
1474 2260 1485 2275 ,
1522 2246 1578 2269 aut
1599 2237 1663 2270 una
1682 2249 1758 2271 cum
1790 2238 1982 2274 proceribus
2015 2241 2133 2277 Archi-

1156 2285 1324 2319 Praesulem
1349 2286 1443 2318 suum
1457 2285 1547 2327 super
1568 2287 1674 2321 caussa
1696 2287 1844 2322 criminis
1858 2291 2136 2326 condemnarent.

1153 2334 1257 2384 Qod
1279 2334 1412 2378 quidem
1435 2345 1565 2377 propter
1587 2336 1687 2371 nimis
1710 2340 1914 2374 manifestam
1949 2343 2129 2376 sanctarum

1153 2386 1367 2421 Sanstionum
1392 2385 1686 2428 praevaricationem
1721 2400 1789 2422 non
1812 2391 1995 2424 audebant.
2026 2392 2132 2427 Unde

1156 2438 1188 2470 in
1210 2437 1299 2470 aristo
1324 2435 1418 2479 positi
1431 2435 1800 2474 volvunt&revolvunt
1814 2464 1823 2476 ,
1851 2441 1932 2483 quid
1953 2443 2130 2486 agendum:

1153 2486 1309 2534 Qualiter
1329 2484 1396 2519 haec
1415 2486 1583 2521 evadenda
1605 2489 1689 2522 foret
1712 2489 1895 2523 necessitas.
1927 2492 1969 2524 Et
1991 2491 2129 2527 demum

1154 2537 1195 2571 de
1218 2536 1388 2571 communi
1409 2537 1562 2571 omnium
1583 2538 1719 2571 confilio
1742 2538 1806 2572 hoc
1826 2541 2057 2575 continuatum
2069 2541 2130 2583 est,

1156 2587 1245 2628 quod
1270 2585 1577 2621 Archi—Praesulem
1593 2587 1632 2620 ad
1655 2587 1844 2623 Romanam
1869 2590 1985 2624 Sedem
2008 2592 2049 2625 de
2061 2603 2135 2636 per-

1154 2637 1377 2681 juriicrimine
1399 2638 1594 2679 appellarent
1622 2662 1633 2678 ‚
1659 2639 1694 2672 ὦ·
1717 2637 1804 2682 Regi
1829 2640 1859 2673 se
1891 2640 2077 2685 obligarent
2099 2644 2134 2676 in

1156 2687 1242 2722 verbi
1268 2687 1411 2719 veritatis
1424 2686 1657 2727 pmmiffiooe,
1686 2689 1717 2721 se
1736 2700 1839 2722 omne
1851 2701 1936 2734 opus
1956 2692 2133 2736 &operam

1155 2738 1195 2772 ad
1226 2736 1348 2770 Archi·
1363 2735 1510 2769 Praesulis
1528 2736 1766 2780 depositionem
1782 2751 1837 2781 pro
1865 2739 1987 2775 viribus
2012 2741 2137 2776 adhibi*-

1156 2799 1246 2821 turos
1269 2786 1328 2820 sub
1351 2785 1411 2819 hac
1430 2786 1647 2826 conditione,
1675 2799 1710 2821 ur
1734 2790 1811 2823 Rex
1831 2801 1887 2824 eos
1910 2790 1951 2825 de
1985 2791 2137 2835 benepla-

1156 2839 1225 2872 cito
1248 2839 1305 2871 suo
1325 2835 1366 2870 ab
1388 2833 1478 2876 hoc,
1494 2838 1593 2878 'quod
1607 2849 1687 2871 tunc
1707 2840 1899 2874 imminebat
1914 2841 2038 2875 Archi·
2055 2843 2133 2877 Prae·

1158 2889 1215 2921 suli
1231 2912 1241 2928 ,
1267 2886 1445 2920 absolveret
1468 2886 1612 2929 judicio.
1643 2888 1728 2933 Regi
1751 2890 1853 2934 igitur
1866 2893 1895 2924 se
1917 2892 1961 2926 ita
1985 2892 2137 2937 obligan-

1157 2950 1224 2977 tes,
1251 2938 1403 2971 exierunt
1423 2938 1440 2970 a
1461 2938 1606 2971 concilio
1628 2937 1731 2983 Regis
1753 2951 1870 2975 omnes
1889 2941 1983 2976 fimul
1998 2943 2133 2986 Episco-

1161 2989 1190 3030 pi
1212 2988 1251 3021 ad
1278 2987 1404 3022 Archi·
1420 2987 1638 3033 Episcopum.
1667 2991 1818 3036 Qorum
1849 3003 1934 3026 unus
1958 2991 2135 3036 eloquens,

1161 3038 1308 3071 Hilarius
1334 3036 1541 3071 Cicestrenfis
1566 3038 1759 3080 Episcopus,
1788 3052 1999 3084 prorumpens
2024 3044 2057 3076 in
2080 3054 2136 3076 vo-

1158 3100 1229 3122 cem
1254 3089 1318 3121 ait:
1348 3089 1512 3132 ‚Quondam
1541 3089 1632 3127 noster
1646 3088 1733 3129 fuisti
1757 3090 2040 3134 Archi-Episcopus
2063 3117 2073 3132 ,
2100 3094 2135 3126 (9⁶

1159 3138 1332 3171 tenebamur
1356 3139 1410 3170 tibi
1434 3138 1564 3171 obedire.
1594 3140 1653 3171 sed
1663 3145 1732 3180 quia
1746 3143 1869 3174 Domino
1891 3145 1963 3186 Regi
1968 3141 2075 3182 jurasti
2091 3142 2132 3183 fi-

1160 3190 1336 3227 delirantem,
1365 3188 1416 3220 boc
1438 3185 1478 3227 est
1505 3195 1626 3227 vitam,
1652 3190 1802 3229 membra,
1828 3200 1980 3224 terrenam
2004 3192 2137 3235 dignita·

1158 3249 1218 3272 tem
1233 3237 1290 3280 fibi
1312 3247 1366 3279 per
1389 3248 1418 3270 te
1435 3236 1557 3278 salvam
1573 3238 1643 3279 fore
1662 3263 1671 3276 ,
1710 3241 1744 3273 Θ·
1764 3239 1998 3282 Consuetudines
2011 3264 2022 3279 ‚
2059 3252 2136 3283 quas

1159 3287 1219 3332 ipse
1241 3294 1343 3330 repetit
1368 3286 1591 3329 conservandas
1608 3314 1617 3328 ,
1644 3290 1678 3322 (9·
1698 3297 1729 3321 tu
1754 3297 1857 3322 niteris
1884 3302 1934 3322 eas
1956 3290 2102 3331 destruere
2128 3316 2140 3331 ,

1155 3341 1306 3380 praecipue
1328 3347 1430 3370 tamen
1453 3349 1520 3381 quae
1538 3337 1671 3380 spec‘lent
1695 3342 1738 3370 ad
1757 3348 1905 3372 terrenam
1924 3342 1988 3380 ejus
2011 3341 2140 3384 dtgnita-

1160 3398 1217 3421 tem
1240 3391 1273 3422 (vr
1296 3387 1453 3427 bonorem,
1483 3390 1592 3421 idcirco
1618 3399 1646 3420 te
1685 3400 1764 3421 reum
1790 3389 1917 3430 perjurii
1934 3390 2077 3431 dicimus,
2109 3391 2144 3423 (τ

1163 3441 1287 3480 perjuro
1320 3437 1409 3471 Archi
1421 3454 1431 3463 ·
1443 3436 1592 3480 Episcopo
1618 3439 1655 3470 de
1669 3447 1771 3472 caetero
1793 3449 1850 3472 non
1866 3439 2006 3475 habemus
2019 3441 2145 3473 obedire.

2024 3493 2092 3522 Nos
