<?xml version="1.0" encoding="UTF-8"?>
<!DOCTYPE html PUBLIC "-//W3C//DTD XHTML 1.0 Transitional//EN"
    "http://www.w3.org/TR/xhtml1/DTD/xhtml1-transitional.dtd">
<html xmlns="http://www.w3.org/1999/xhtml" xml:lang="en" lang="en">
 <head>
  <title>
</title>
<meta http-equiv="Content-Type" content="text/html;charset=utf-8" />
  <meta name='ocr-system' content='tesseract 3.04.00' />
  <meta name='ocr-capabilities' content='ocr_page ocr_carea ocr_par ocr_line ocrx_word'/>
</head>
<body>
  <div class='ocr_page' id='page_1' title='image "./operaomniastudio10lupuuoft/operaomniastudio10lupuuoft_0109.png"; bbox 0 0 2358 3776; ppageno 0'>
   <div class='ocr_carea' id='block_1_1' title="bbox 0 2832 31 3759">
    <p class='ocr_par' dir='ltr' id='par_1_1' title="bbox 0 2832 31 3759">
     <span class='ocr_line' id='line_1_1' title="bbox 0 2832 31 3759; baseline 0 0"><span class='ocrx_word' id='word_1_1' title='bbox 0 2832 31 3759; x_wconf 95' lang='lat' dir='ltr'> </span> 
     </span>
    </p>
   </div>
   <div class='ocr_carea' id='block_1_2' title="bbox 278 120 318 164">
    <p class='ocr_par' dir='ltr' id='par_1_2' title="bbox 278 120 318 164">
     <span class='ocr_line' id='line_1_2' title="bbox 278 120 318 164; baseline -0.05 0"><span class='ocrx_word' id='word_1_2' title='bbox 278 120 318 164; x_wconf 82' lang='lat' dir='ltr'>S.</span> 
     </span>
    </p>
   </div>
   <div class='ocr_carea' id='block_1_3' title="bbox 72 192 1028 1040">
    <p class='ocr_par' dir='ltr' id='par_1_3' title="bbox 72 192 1028 1040">
     <span class='ocr_line' id='line_1_3' title="bbox 80 192 1021 247; baseline -0.016 -6"><span class='ocrx_word' id='word_1_3' title='bbox 80 208 167 243; x_wconf 83' lang='lat' dir='ltr'>ciens</span> <span class='ocrx_word' id='word_1_4' title='bbox 185 199 273 247; x_wconf 72' lang='lat' dir='ltr'>quod</span> <span class='ocrx_word' id='word_1_5' title='bbox 298 199 395 244; x_wconf 77' lang='lat' dir='ltr'>prope</span> <span class='ocrx_word' id='word_1_6' title='bbox 415 199 526 235; x_wconf 75' lang='lat' dir='ltr'>veniat</span> <span class='ocrx_word' id='word_1_7' title='bbox 547 198 615 232; x_wconf 89' lang='lat' dir='ltr'>dies</span> <span class='ocrx_word' id='word_1_8' title='bbox 625 196 715 240; x_wconf 83' lang='lat' dir='ltr'>ejus,</span> <span class='ocrx_word' id='word_1_9' title='bbox 741 196 774 229; x_wconf 77' lang='grc' dir='ltr'>ἀ</span> <span class='ocrx_word' id='word_1_10' title='bbox 796 194 858 237; x_wconf 85' lang='lat' dir='ltr'>jam</span> <span class='ocrx_word' id='word_1_11' title='bbox 874 192 1021 235; x_wconf 78' lang='lat' dir='ltr'>injanuis</span> 
     </span>
     <span class='ocr_line' id='line_1_4' title="bbox 81 241 1021 292; baseline -0.015 -4"><span class='ocrx_word' id='word_1_12' title='bbox 81 259 138 292; x_wconf 79' lang='lat' dir='ltr'>fit·</span> <span class='ocrx_word' id='word_1_13' title='bbox 152 253 206 287; x_wconf 76' lang='lat' dir='ltr'>vEt</span> <span class='ocrx_word' id='word_1_14' title='bbox 228 252 380 287; x_wconf 82' lang='lat' dir='ltr'>dicetur:</span> <span class='ocrx_word' id='word_1_15' title='bbox 408 253 484 284; x_wconf 82' lang='lat' dir='ltr'>Eece</span> <span class='ocrx_word' id='word_1_16' title='bbox 504 249 637 282; x_wconf 62' lang='lat' dir='ltr'>homines</span> <span class='ocrx_word' id='word_1_17' title='bbox 663 269 674 285; x_wconf 91' lang='lat'>‚</span> <span class='ocrx_word' id='word_1_18' title='bbox 710 250 762 287; x_wconf 80' lang='lat' dir='ltr'>qui</span> <span class='ocrx_word' id='word_1_19' title='bbox 786 256 841 277; x_wconf 84' lang='lat' dir='ltr'>non</span> <span class='ocrx_word' id='word_1_20' title='bbox 859 241 1021 285; x_wconf 83' lang='lat' dir='ltr'>posuerunt</span> 
     </span>
     <span class='ocr_line' id='line_1_5' title="bbox 84 294 1022 343; baseline -0.014 -6"><span class='ocrx_word' id='word_1_21' title='bbox 84 303 350 342; x_wconf 59' lang='lat' dir='ltr'>numadjutarem</span> <span class='ocrx_word' id='word_1_22' title='bbox 359 299 443 343; x_wconf 85' lang='lat' dir='ltr'>suum</span> <span class='ocrx_word' id='word_1_23' title='bbox 457 325 467 341; x_wconf 89' lang='lat'><em>‚</em></span> <span class='ocrx_word' id='word_1_24' title='bbox 490 298 548 342; x_wconf 73' lang='lat' dir='ltr'>sod</span> <span class='ocrx_word' id='word_1_25' title='bbox 561 298 758 341; x_wconf 74' lang='lat' dir='ltr'>speraverunt</span> <span class='ocrx_word' id='word_1_26' title='bbox 778 299 810 326; x_wconf 73' lang='lat' dir='ltr'>in</span> <span class='ocrx_word' id='word_1_27' title='bbox 833 294 1022 326; x_wconf 77' lang='lat' dir='ltr'>multitudine</span> 
     </span>
     <span class='ocr_line' id='line_1_6' title="bbox 83 343 1019 394; baseline -0.016 -6"><span class='ocrx_word' id='word_1_28' title='bbox 83 343 262 389; x_wconf 54' lang='lat' dir='ltr'>&amp;duarum</span> <span class='ocrx_word' id='word_1_29' title='bbox 279 350 404 394; x_wconf 83' lang='lat' dir='ltr'>suarum</span> <span class='ocrx_word' id='word_1_30' title='bbox 427 375 438 391; x_wconf 87' lang='lat'>,</span> <span class='ocrx_word' id='word_1_31' title='bbox 480 352 514 384; x_wconf 64' lang='grc' dir='ltr'>(ς’</span> <span class='ocrx_word' id='word_1_32' title='bbox 530 346 755 390; x_wconf 62' lang='lat' dir='ltr'>prevaluerunt</span> <span class='ocrx_word' id='word_1_33' title='bbox 775 348 807 376; x_wconf 71' lang='lat' dir='ltr'>in</span> <span class='ocrx_word' id='word_1_34' title='bbox 829 343 1019 376; x_wconf 67' lang='lat' dir='ltr'><em>vanitatibus</em></span> 
     </span>
     <span class='ocr_line' id='line_1_7' title="bbox 72 392 1019 448; baseline -0.016 -10"><span class='ocrx_word' id='word_1_35' title='bbox 72 403 142 448; x_wconf 66' lang='lat' dir='ltr'>suit</span> <span class='ocrx_word' id='word_1_36' title='bbox 172 429 179 436; x_wconf 88' lang='lat'>.</span> <span class='ocrx_word' id='word_1_37' title='bbox 201 403 262 438; x_wconf 80' lang='lat' dir='ltr'>Sed</span> <span class='ocrx_word' id='word_1_38' title='bbox 283 401 395 435; x_wconf 73' lang='lat' dir='ltr'>frustra</span> <span class='ocrx_word' id='word_1_39' title='bbox 416 400 481 433; x_wconf 81' lang='lat' dir='ltr'>haec</span> <span class='ocrx_word' id='word_1_40' title='bbox 505 397 646 432; x_wconf 83' lang='lat' dir='ltr'>faciunt.</span> <span class='ocrx_word' id='word_1_41' title='bbox 677 394 757 428; x_wconf 91' lang='lat' dir='ltr'>Non</span> <span class='ocrx_word' id='word_1_42' title='bbox 782 394 941 435; x_wconf 88' lang='lat' dir='ltr'>relinquet</span> <span class='ocrx_word' id='word_1_43' title='bbox 954 392 1019 424; x_wconf 91' lang='lat' dir='ltr'>Do·</span> 
     </span>
     <span class='ocr_line' id='line_1_8' title="bbox 85 442 1020 490; baseline -0.017 0"><span class='ocrx_word' id='word_1_44' title='bbox 85 456 195 490; x_wconf 85' lang='lat' dir='ltr'>minus</span> <span class='ocrx_word' id='word_1_45' title='bbox 234 452 407 488; x_wconf 80' lang='lat' dir='ltr'>Ecclesiam</span> <span class='ocrx_word' id='word_1_46' title='bbox 439 451 526 483; x_wconf 84' lang='lat' dir='ltr'>snam</span> <span class='ocrx_word' id='word_1_47' title='bbox 554 469 565 486; x_wconf 92' lang='lat'>,</span> <span class='ocrx_word' id='word_1_48' title='bbox 592 445 725 479; x_wconf 88' lang='lat' dir='ltr'>Clerum</span> <span class='ocrx_word' id='word_1_49' title='bbox 762 443 853 477; x_wconf 90' lang='lat' dir='ltr'>suum</span> <span class='ocrx_word' id='word_1_50' title='bbox 880 444 946 476; x_wconf 83' lang='lat' dir='ltr'>fine</span> <span class='ocrx_word' id='word_1_51' title='bbox 971 442 1020 475; x_wconf 91' lang='lat' dir='ltr'>de-</span> 
     </span>
     <span class='ocr_line' id='line_1_9' title="bbox 86 493 1021 544; baseline -0.017 -3"><span class='ocrx_word' id='word_1_52' title='bbox 86 508 235 544; x_wconf 85' lang='lat' dir='ltr'>fensore,</span> <span class='ocrx_word' id='word_1_53' title='bbox 264 504 338 535; x_wconf 83' lang='lat' dir='ltr'>fine.</span> <span class='ocrx_word' id='word_1_54' title='bbox 347 500 469 534; x_wconf 73' lang='lat' dir='ltr'>ultione</span> <span class='ocrx_word' id='word_1_55' title='bbox 484 495 663 541; x_wconf 75' lang='lat' dir='ltr'>gravissima</span> <span class='ocrx_word' id='word_1_56' title='bbox 676 518 682 525; x_wconf 93' lang='lat'>.</span> <span class='ocrx_word' id='word_1_57' title='bbox 713 493 862 527; x_wconf 84' lang='lat' dir='ltr'>Fundata</span> <span class='ocrx_word' id='word_1_58' title='bbox 874 493 918 527; x_wconf 85' lang='lat' dir='ltr'>est</span> <span class='ocrx_word' id='word_1_59' title='bbox 931 493 1021 527; x_wconf 89' lang='lat' dir='ltr'>enim</span> 
     </span>
     <span class='ocr_line' id='line_1_10' title="bbox 88 541 1025 600; baseline -0.017 -9"><span class='ocrx_word' id='word_1_60' title='bbox 88 558 178 600; x_wconf 90' lang='lat' dir='ltr'>supra</span> <span class='ocrx_word' id='word_1_61' title='bbox 192 555 316 587; x_wconf 85' lang='lat' dir='ltr'>firmam</span> <span class='ocrx_word' id='word_1_62' title='bbox 328 550 452 584; x_wconf 87' lang='lat' dir='ltr'>Petram</span> <span class='ocrx_word' id='word_1_63' title='bbox 465 571 472 578; x_wconf 90' lang='lat'><strong>.</strong></span> <span class='ocrx_word' id='word_1_64' title='bbox 492 545 587 579; x_wconf 85' lang='lat' dir='ltr'>Petra</span> <span class='ocrx_word' id='word_1_65' title='bbox 601 554 707 578; x_wconf 87' lang='lat' dir='ltr'>autem</span> <span class='ocrx_word' id='word_1_66' title='bbox 719 543 763 576; x_wconf 86' lang='lat' dir='ltr'>est</span> <span class='ocrx_word' id='word_1_67' title='bbox 782 544 847 586; x_wconf 88' lang='lat' dir='ltr'>ipse</span> <span class='ocrx_word' id='word_1_68' title='bbox 861 541 1025 582; x_wconf 75' lang='lat' dir='ltr'>Christus,</span> 
     </span>
     <span class='ocr_line' id='line_1_11' title="bbox 86 592 1021 651; baseline -0.017 -10"><span class='ocrx_word' id='word_1_69' title='bbox 86 608 143 651; x_wconf 85' lang='lat' dir='ltr'>qui</span> <span class='ocrx_word' id='word_1_70' title='bbox 157 617 227 639; x_wconf 89' lang='lat' dir='ltr'>eam</span> <span class='ocrx_word' id='word_1_71' title='bbox 240 600 364 647; x_wconf 82' lang='lat' dir='ltr'>proprio</span> <span class='ocrx_word' id='word_1_72' title='bbox 374 596 540 641; x_wconf 81' lang='lat' dir='ltr'>Sanguine</span> <span class='ocrx_word' id='word_1_73' title='bbox 554 597 611 629; x_wconf 85' lang='lat' dir='ltr'>suo</span> <span class='ocrx_word' id='word_1_74' title='bbox 624 593 772 628; x_wconf 88' lang='lat' dir='ltr'>fundavit</span> <span class='ocrx_word' id='word_1_75' title='bbox 787 618 793 627; x_wconf 86' lang='lat'><strong>.</strong></span> <span class='ocrx_word' id='word_1_76' title='bbox 811 592 909 627; x_wconf 76' lang='lat' dir='ltr'>Certe</span> <span class='ocrx_word' id='word_1_77' title='bbox 921 594 940 625; x_wconf 80' lang='lat' dir='ltr'>fi</span> <span class='ocrx_word' id='word_1_78' title='bbox 955 604 1021 626; x_wconf 89' lang='lat' dir='ltr'>non</span> 
     </span>
     <span class='ocr_line' id='line_1_12' title="bbox 88 642 1023 691; baseline -0.017 0"><span class='ocrx_word' id='word_1_79' title='bbox 88 657 146 691; x_wconf 81' lang='lat' dir='ltr'>ista</span> <span class='ocrx_word' id='word_1_80' title='bbox 158 647 416 689; x_wconf 73' lang='lat' dir='ltr'>emendaverint,</span> <span class='ocrx_word' id='word_1_81' title='bbox 445 657 511 679; x_wconf 89' lang='lat' dir='ltr'>non</span> <span class='ocrx_word' id='word_1_82' title='bbox 526 646 630 679; x_wconf 88' lang='lat' dir='ltr'>ferent</span> <span class='ocrx_word' id='word_1_83' title='bbox 639 655 675 678; x_wconf 85' lang='lat' dir='ltr'>ea</span> <span class='ocrx_word' id='word_1_84' title='bbox 689 642 821 686; x_wconf 76' lang='lat' dir='ltr'>impune</span> <span class='ocrx_word' id='word_1_85' title='bbox 835 667 844 683; x_wconf 92' lang='lat'>,</span> <span class='ocrx_word' id='word_1_86' title='bbox 865 643 1023 686; x_wconf 81' lang='lat' dir='ltr'>quoniam</span> 
     </span>
     <span class='ocr_line' id='line_1_13' title="bbox 88 693 1023 741; baseline -0.014 -3"><span class='ocrx_word' id='word_1_87' title='bbox 88 705 360 741; x_wconf 81' lang='lat' dir='ltr'>conculcaverunt</span> <span class='ocrx_word' id='word_1_88' title='bbox 385 699 489 731; x_wconf 69' lang='lat' dir='ltr'>sancta</span> <span class='ocrx_word' id='word_1_89' title='bbox 513 697 694 728; x_wconf 68' lang='lat' dir='ltr'>sannorum</span> <span class='ocrx_word' id='word_1_90' title='bbox 710 719 718 733; x_wconf 92' lang='lat'><em>‚</em></span> <span class='ocrx_word' id='word_1_91' title='bbox 748 695 895 727; x_wconf 91' lang='lat' dir='ltr'>Domum</span> <span class='ocrx_word' id='word_1_92' title='bbox 922 693 986 726; x_wconf 91' lang='lat' dir='ltr'>Dei</span> <span class='ocrx_word' id='word_1_93' title='bbox 1013 717 1023 733; x_wconf 92' lang='lat'>,</span> 
     </span>
     <span class='ocr_line' id='line_1_14' title="bbox 90 742 1025 792; baseline -0.017 -1"><span class='ocrx_word' id='word_1_94' title='bbox 90 754 277 791; x_wconf 75' lang='lat' dir='ltr'>Sacerdotes</span> <span class='ocrx_word' id='word_1_95' title='bbox 285 747 487 792; x_wconf 74' lang='lat' dir='ltr'>eiusinjuriis</span> <span class='ocrx_word' id='word_1_96' title='bbox 500 744 672 779; x_wconf 84' lang='lat' dir='ltr'>afficiendo</span> <span class='ocrx_word' id='word_1_97' title='bbox 684 768 694 783; x_wconf 95' lang='lat'>,</span> <span class='ocrx_word' id='word_1_98' title='bbox 717 743 881 786; x_wconf 84' lang='lat' dir='ltr'>verbisque</span> <span class='ocrx_word' id='word_1_99' title='bbox 894 742 1025 786; x_wconf 86' lang='lat' dir='ltr'>probro-</span> 
     </span>
     <span class='ocr_line' id='line_1_15' title="bbox 89 791 1027 841; baseline -0.015 -3"><span class='ocrx_word' id='word_1_100' title='bbox 89 807 145 841; x_wconf 71' lang='grc' dir='ltr'>ῦς.</span> <span class='ocrx_word' id='word_1_101' title='bbox 173 802 327 839; x_wconf 76' lang='lat' dir='ltr'>Risum,</span> <span class='ocrx_word' id='word_1_102' title='bbox 355 796 548 841; x_wconf 82' lang='lat' dir='ltr'>quibusipse</span> <span class='ocrx_word' id='word_1_103' title='bbox 571 794 739 828; x_wconf 87' lang='lat' dir='ltr'>Dominus</span> <span class='ocrx_word' id='word_1_104' title='bbox 760 794 804 827; x_wconf 88' lang='lat' dir='ltr'>ait</span> <span class='ocrx_word' id='word_1_105' title='bbox 822 806 829 825; x_wconf 73' lang='grc' dir='ltr'>ε</span> <span class='ocrx_word' id='word_1_106' title='bbox 862 796 913 825; x_wconf 80' lang='lat' dir='ltr'>Dii</span> <span class='ocrx_word' id='word_1_107' title='bbox 934 791 998 833; x_wconf 74' lang='lat' dir='ltr'>estis</span> <span class='ocrx_word' id='word_1_108' title='bbox 1017 816 1027 832; x_wconf 95' lang='lat'>,</span> 
     </span>
     <span class='ocr_line' id='line_1_16' title="bbox 91 843 1025 896; baseline -0.015 -10"><span class='ocrx_word' id='word_1_109' title='bbox 91 858 126 890; x_wconf 63' lang='lat' dir='ltr'>e·</span> <span class='ocrx_word' id='word_1_110' title='bbox 132 853 187 896; x_wconf 73' lang='lat' dir='ltr'>filli</span> <span class='ocrx_word' id='word_1_111' title='bbox 198 848 421 889; x_wconf 74' lang='lat' dir='ltr'>Excelsiomnes</span> <span class='ocrx_word' id='word_1_112' title='bbox 432 871 439 878; x_wconf 90' lang='lat'><strong>.</strong></span> <span class='ocrx_word' id='word_1_113' title='bbox 467 847 508 879; x_wconf 86' lang='lat' dir='ltr'>Et</span> <span class='ocrx_word' id='word_1_114' title='bbox 523 843 600 877; x_wconf 85' lang='lat' dir='ltr'>alibi</span> <span class='ocrx_word' id='word_1_115' title='bbox 615 857 622 876; x_wconf 75' lang='grc' dir='ltr'><strong><em>ε</em></strong></span> <span class='ocrx_word' id='word_1_116' title='bbox 650 846 714 888; x_wconf 73' lang='lat' dir='ltr'>‚Qui</span> <span class='ocrx_word' id='word_1_117' title='bbox 730 855 784 876; x_wconf 85' lang='lat' dir='ltr'>vos</span> <span class='ocrx_word' id='word_1_118' title='bbox 799 845 860 876; x_wconf 73' lang='lat' dir='ltr'>odit</span> <span class='ocrx_word' id='word_1_119' title='bbox 872 867 883 883; x_wconf 91' lang='lat'>,</span> <span class='ocrx_word' id='word_1_120' title='bbox 894 854 940 876; x_wconf 87' lang='lat' dir='ltr'>me</span> <span class='ocrx_word' id='word_1_121' title='bbox 952 843 1025 874; x_wconf 77' lang='lat' dir='ltr'>odit.</span> 
     </span>
     <span class='ocr_line' id='line_1_17' title="bbox 91 894 1026 948; baseline -0.011 -14"><span class='ocrx_word' id='word_1_122' title='bbox 91 906 156 948; x_wconf 67' lang='lat' dir='ltr'>‚Qui</span> <span class='ocrx_word' id='word_1_123' title='bbox 170 898 366 942; x_wconf 62' lang='lat' dir='ltr'>voi-speinis,</span> <span class='ocrx_word' id='word_1_124' title='bbox 395 906 441 929; x_wconf 81' lang='lat' dir='ltr'>me</span> <span class='ocrx_word' id='word_1_125' title='bbox 459 894 593 938; x_wconf 71' lang='lat' dir='ltr'>spernit.</span> <span class='ocrx_word' id='word_1_126' title='bbox 620 896 684 937; x_wconf 76' lang='lat' dir='ltr'>,Qui</span> <span class='ocrx_word' id='word_1_127' title='bbox 703 899 802 937; x_wconf 76' lang='lat' dir='ltr'>tangit</span> <span class='ocrx_word' id='word_1_128' title='bbox 826 904 902 931; x_wconf 81' lang='lat' dir='ltr'>vos,</span> <span class='ocrx_word' id='word_1_129' title='bbox 927 898 1026 937; x_wconf 73' lang='lat' dir='ltr'>tangit</span> 
     </span>
     <span class='ocr_line' id='line_1_18' title="bbox 86 941 1028 998; baseline -0.011 -13"><span class='ocrx_word' id='word_1_130' title='bbox 86 951 232 998; x_wconf 70' lang='lat' dir='ltr'>pupillam</span> <span class='ocrx_word' id='word_1_131' title='bbox 241 949 309 982; x_wconf 71' lang='lat' dir='ltr'>oculi</span> <span class='ocrx_word' id='word_1_132' title='bbox 327 953 383 992; x_wconf 68' lang='lat' dir='ltr'>mei</span> <span class='ocrx_word' id='word_1_133' title='bbox 412 971 420 978; x_wconf 84' lang='lat'><em>.</em></span> <span class='ocrx_word' id='word_1_134' title='bbox 447 945 663 980; x_wconf 80' lang='lat' dir='ltr'>Revertantur</span> <span class='ocrx_word' id='word_1_135' title='bbox 685 943 764 989; x_wconf 78' lang='lat' dir='ltr'>ergo</span> <span class='ocrx_word' id='word_1_136' title='bbox 786 943 826 977; x_wconf 82' lang='lat' dir='ltr'>ad</span> <span class='ocrx_word' id='word_1_137' title='bbox 848 953 924 983; x_wconf 86' lang='lat' dir='ltr'>cor,</span> <span class='ocrx_word' id='word_1_138' title='bbox 951 941 1028 985; x_wconf 79' lang='lat' dir='ltr'>abji-</span> 
     </span>
     <span class='ocr_line' id='line_1_19' title="bbox 89 994 1026 1040; baseline -0.015 -2"><span class='ocrx_word' id='word_1_139' title='bbox 89 1004 178 1038; x_wconf 81' lang='lat' dir='ltr'>ciant</span> <span class='ocrx_word' id='word_1_140' title='bbox 190 1000 274 1034; x_wconf 85' lang='lat' dir='ltr'>mala</span> <span class='ocrx_word' id='word_1_141' title='bbox 286 998 343 1038; x_wconf 84' lang='lat' dir='ltr'>ista</span> <span class='ocrx_word' id='word_1_142' title='bbox 353 998 372 1032; x_wconf 68' lang='lat' dir='ltr'>a</span> <span class='ocrx_word' id='word_1_143' title='bbox 383 997 415 1030; x_wconf 83' lang='lat' dir='ltr'>se</span> <span class='ocrx_word' id='word_1_144' title='bbox 427 1020 438 1037; x_wconf 94' lang='lat'>,</span> <span class='ocrx_word' id='word_1_145' title='bbox 455 1005 564 1040; x_wconf 70' lang='lat' dir='ltr'>agant</span> <span class='ocrx_word' id='word_1_146' title='bbox 578 994 801 1038; x_wconf 79' lang='lat' dir='ltr'>poenitentiam</span> <span class='ocrx_word' id='word_1_147' title='bbox 812 1004 888 1027; x_wconf 87' lang='lat' dir='ltr'>curn</span> <span class='ocrx_word' id='word_1_148' title='bbox 902 994 1026 1026; x_wconf 85' lang='lat' dir='ltr'>summa</span> 
     </span>
    </p>
   </div>
   <div class='ocr_carea' id='block_1_4' title="bbox 88 1041 1064 1090">
    <p class='ocr_par' dir='ltr' id='par_1_4' title="bbox 88 1041 1064 1090">
     <span class='ocr_line' id='line_1_20' title="bbox 88 1041 1064 1090; baseline -0.015 -1"><span class='ocrx_word' id='word_1_149' title='bbox 88 1051 297 1088; x_wconf 83' lang='lat' dir='ltr'>humilitate.</span> <span class='ocrx_word' id='word_1_150' title='bbox 323 1045 486 1090; x_wconf 75' lang='lat' dir='ltr'>Alioquin</span> <span class='ocrx_word' id='word_1_151' title='bbox 510 1043 708 1087; x_wconf 83' lang='lat' dir='ltr'>verendum,</span> <span class='ocrx_word' id='word_1_152' title='bbox 734 1042 822 1087; x_wconf 90' lang='lat' dir='ltr'>quod</span> <span class='ocrx_word' id='word_1_153' title='bbox 846 1043 924 1077; x_wconf 78' lang='lat' dir='ltr'>absit</span> <span class='ocrx_word' id='word_1_154' title='bbox 948 1066 959 1083; x_wconf 86' lang='lat'>,</span> <span class='ocrx_word' id='word_1_155' title='bbox 988 1041 1029 1075; x_wconf 67' lang='lat' dir='ltr'>ne</span> <span class='ocrx_word' id='word_1_156' title='bbox 1063 1042 1064 1045; x_wconf 76' lang='grc'>’</span> 
     </span>
    </p>
   </div>
   <div class='ocr_carea' id='block_1_5' title="bbox 90 1093 1037 2078">
    <p class='ocr_par' dir='ltr' id='par_1_5' title="bbox 90 1093 1030 1191">
     <span class='ocr_line' id='line_1_21' title="bbox 91 1093 1030 1138; baseline -0.012 -1"><span class='ocrx_word' id='word_1_157' title='bbox 91 1102 160 1138; x_wconf 74' lang='lat' dir='ltr'>cito</span> <span class='ocrx_word' id='word_1_158' title='bbox 172 1101 279 1134; x_wconf 87' lang='lat' dir='ltr'>veniat</span> <span class='ocrx_word' id='word_1_159' title='bbox 289 1096 457 1132; x_wconf 83' lang='lat' dir='ltr'>Dominus</span> <span class='ocrx_word' id='word_1_160' title='bbox 475 1095 581 1128; x_wconf 83' lang='lat' dir='ltr'>noster</span> <span class='ocrx_word' id='word_1_161' title='bbox 593 1119 603 1133; x_wconf 94' lang='lat'>,</span> <span class='ocrx_word' id='word_1_162' title='bbox 630 1093 794 1127; x_wconf 80' lang='lat' dir='ltr'>adducens</span> <span class='ocrx_word' id='word_1_163' title='bbox 819 1095 909 1136; x_wconf 79' lang='lat' dir='ltr'>super</span> <span class='ocrx_word' id='word_1_164' title='bbox 930 1093 1030 1127; x_wconf 81' lang='lat' dir='ltr'>eos&amp;</span> 
     </span>
     <span class='ocr_line' id='line_1_22' title="bbox 90 1142 1028 1191; baseline -0.014 -4"><span class='ocrx_word' id='word_1_165' title='bbox 90 1162 207 1190; x_wconf 77' lang='lat' dir='ltr'>terram</span> <span class='ocrx_word' id='word_1_166' title='bbox 228 1159 341 1184; x_wconf 85' lang='lat' dir='ltr'>eorum</span> <span class='ocrx_word' id='word_1_167' title='bbox 352 1145 507 1191; x_wconf 77' lang='lat' dir='ltr'>grandem</span> <span class='ocrx_word' id='word_1_168' title='bbox 531 1143 754 1177; x_wconf 78' lang='lat' dir='ltr'>retributionis</span> <span class='ocrx_word' id='word_1_169' title='bbox 773 1142 935 1176; x_wconf 85' lang='lat' dir='ltr'>ultionem</span> <span class='ocrx_word' id='word_1_170' title='bbox 958 1165 968 1181; x_wconf 94' lang='lat'>,</span> <span class='ocrx_word' id='word_1_171' title='bbox 995 1142 1028 1174; x_wconf 73' lang='grc' dir='ltr'>δε</span> 
     </span>
    </p>

    <p class='ocr_par' dir='ltr' id='par_1_6' title="bbox 92 1191 1037 2078">
     <span class='ocr_line' id='line_1_23' title="bbox 151 1191 1027 1234; baseline -0.013 0"><span class='ocrx_word' id='word_1_172' title='bbox 151 1200 305 1234; x_wconf 76' lang='lat' dir='ltr'>viffimam</span> <span class='ocrx_word' id='word_1_173' title='bbox 321 1222 327 1229; x_wconf 93' lang='lat'><em>.</em></span> <span class='ocrx_word' id='word_1_174' title='bbox 356 1197 440 1229; x_wconf 85' lang='lat' dir='ltr'>Ecce</span> <span class='ocrx_word' id='word_1_175' title='bbox 452 1196 556 1228; x_wconf 90' lang='lat' dir='ltr'>veniet</span> <span class='ocrx_word' id='word_1_176' title='bbox 570 1193 737 1226; x_wconf 84' lang='lat' dir='ltr'>Dominus</span> <span class='ocrx_word' id='word_1_177' title='bbox 761 1192 867 1226; x_wconf 84' lang='lat' dir='ltr'>noster</span> <span class='ocrx_word' id='word_1_178' title='bbox 879 1217 889 1232; x_wconf 92' lang='lat'>‚</span> <span class='ocrx_word' id='word_1_179' title='bbox 914 1191 948 1225; x_wconf 73' lang='grc' dir='ltr'>ἀ</span> <span class='ocrx_word' id='word_1_180' title='bbox 962 1203 1027 1223; x_wconf 90' lang='lat' dir='ltr'>non</span> 
     </span>
     <span class='ocr_line' id='line_1_24' title="bbox 93 1239 1028 1288; baseline -0.015 -2"><span class='ocrx_word' id='word_1_181' title='bbox 93 1249 253 1288; x_wconf 73' lang='lat' dir='ltr'>tardabit,</span> <span class='ocrx_word' id='word_1_182' title='bbox 277 1247 311 1281; x_wconf 71' lang='grc' dir='ltr'>ἀ</span> <span class='ocrx_word' id='word_1_183' title='bbox 333 1245 468 1278; x_wconf 79' lang='lat' dir='ltr'>salvabit</span> <span class='ocrx_word' id='word_1_184' title='bbox 495 1254 552 1276; x_wconf 92' lang='lat' dir='ltr'>nos</span> <span class='ocrx_word' id='word_1_185' title='bbox 567 1266 574 1273; x_wconf 91' lang='lat'>.</span> <span class='ocrx_word' id='word_1_186' title='bbox 603 1243 670 1284; x_wconf 88' lang='lat' dir='ltr'>lpse</span> <span class='ocrx_word' id='word_1_187' title='bbox 692 1242 843 1286; x_wconf 88' lang='lat' dir='ltr'>equidem</span> <span class='ocrx_word' id='word_1_188' title='bbox 862 1239 1028 1284; x_wconf 69' lang='lat' dir='ltr'>nunquam</span> 
     </span>
     <span class='ocr_line' id='line_1_25' title="bbox 92 1289 1024 1340; baseline -0.013 -6"><span class='ocrx_word' id='word_1_189' title='bbox 92 1298 287 1340; x_wconf 79' lang='lat' dir='ltr'>derelinquit</span> <span class='ocrx_word' id='word_1_190' title='bbox 308 1297 467 1338; x_wconf 83' lang='lat' dir='ltr'>sperantes</span> <span class='ocrx_word' id='word_1_191' title='bbox 486 1293 519 1326; x_wconf 90' lang='lat' dir='ltr'>in</span> <span class='ocrx_word' id='word_1_192' title='bbox 532 1294 563 1326; x_wconf 89' lang='lat' dir='ltr'>se</span> <span class='ocrx_word' id='word_1_193' title='bbox 581 1315 589 1323; x_wconf 87' lang='lat'><em>.</em></span> <span class='ocrx_word' id='word_1_194' title='bbox 623 1289 786 1335; x_wconf 83' lang='lat' dir='ltr'>Propheta</span> <span class='ocrx_word' id='word_1_195' title='bbox 809 1293 897 1325; x_wconf 88' lang='lat' dir='ltr'>enim</span> <span class='ocrx_word' id='word_1_196' title='bbox 910 1291 991 1324; x_wconf 89' lang='lat' dir='ltr'>dicit</span> <span class='ocrx_word' id='word_1_197' title='bbox 1017 1302 1024 1322; x_wconf 77' lang='lat' dir='ltr'>z</span> 
     </span>
     <span class='ocr_line' id='line_1_26' title="bbox 93 1339 1030 1395; baseline -0.009 -15"><span class='ocrx_word' id='word_1_198' title='bbox 93 1352 186 1395; x_wconf 73' lang='lat' dir='ltr'>spera</span> <span class='ocrx_word' id='word_1_199' title='bbox 199 1354 230 1379; x_wconf 79' lang='lat' dir='ltr'>in</span> <span class='ocrx_word' id='word_1_200' title='bbox 240 1350 385 1384; x_wconf 76' lang='lat' dir='ltr'>Domino,</span> <span class='ocrx_word' id='word_1_201' title='bbox 411 1342 509 1385; x_wconf 69' lang='lat' dir='ltr'>&amp;fac</span> <span class='ocrx_word' id='word_1_202' title='bbox 530 1341 710 1380; x_wconf 74' lang='lat' dir='ltr'>honitatem,</span> <span class='ocrx_word' id='word_1_203' title='bbox 733 1342 766 1374; x_wconf 65' lang='grc' dir='ltr'>ὑ</span> <span class='ocrx_word' id='word_1_204' title='bbox 784 1339 917 1383; x_wconf 72' lang='lat' dir='ltr'>pasceris</span> <span class='ocrx_word' id='word_1_205' title='bbox 941 1348 973 1374; x_wconf 80' lang='lat' dir='ltr'>in</span> <span class='ocrx_word' id='word_1_206' title='bbox 986 1342 1030 1372; x_wconf 73' lang='lat' dir='ltr'>dt-</span> 
     </span>
     <span class='ocr_line' id='line_1_27' title="bbox 92 1390 1029 1439; baseline -0.014 -5"><span class='ocrx_word' id='word_1_207' title='bbox 92 1405 180 1435; x_wconf 78' lang='lat' dir='ltr'>vmis</span> <span class='ocrx_word' id='word_1_208' title='bbox 190 1400 271 1439; x_wconf 81' lang='lat' dir='ltr'>eJ&#39;us.</span> <span class='ocrx_word' id='word_1_209' title='bbox 302 1396 343 1428; x_wconf 86' lang='lat' dir='ltr'>Et</span> <span class='ocrx_word' id='word_1_210' title='bbox 356 1394 459 1427; x_wconf 80' lang='lat' dir='ltr'>alibi.-</span> <span class='ocrx_word' id='word_1_211' title='bbox 484 1390 636 1434; x_wconf 68' lang='lat' dir='ltr'>ExspeBa</span> <span class='ocrx_word' id='word_1_212' title='bbox 663 1395 840 1431; x_wconf 78' lang='lat' dir='ltr'>Dominum,</span> <span class='ocrx_word' id='word_1_213' title='bbox 871 1395 904 1426; x_wconf 59' lang='grc' dir='ltr'>(τ</span> <span class='ocrx_word' id='word_1_214' title='bbox 930 1391 1029 1423; x_wconf 72' lang='lat' dir='ltr'>virili-</span> 
     </span>
     <span class='ocr_line' id='line_1_28' title="bbox 93 1440 1025 1492; baseline -0.011 -12"><span class='ocrx_word' id='word_1_215' title='bbox 93 1451 230 1492; x_wconf 67' lang='lat' dir='ltr'>ter&#39;age,</span> <span class='ocrx_word' id='word_1_216' title='bbox 256 1445 436 1486; x_wconf 76' lang='lat' dir='ltr'>confortetur</span> <span class='ocrx_word' id='word_1_217' title='bbox 457 1454 504 1475; x_wconf 83' lang='lat' dir='ltr'>cor</span> <span class='ocrx_word' id='word_1_218' title='bbox 521 1450 603 1474; x_wconf 87' lang='lat' dir='ltr'>tuum</span> <span class='ocrx_word' id='word_1_219' title='bbox 616 1465 627 1482; x_wconf 91' lang='lat'>‚</span> <span class='ocrx_word' id='word_1_220' title='bbox 653 1443 688 1474; x_wconf 63' lang='grc' dir='ltr'><em>Θ</em></span> <span class='ocrx_word' id='word_1_221' title='bbox 705 1440 813 1485; x_wconf 70' lang='lat' dir='ltr'>sustine</span> <span class='ocrx_word' id='word_1_222' title='bbox 837 1442 993 1473; x_wconf 69' lang='lat' dir='ltr'>Dominum</span> <span class='ocrx_word' id='word_1_223' title='bbox 1018 1463 1025 1470; x_wconf 96' lang='lat'>.</span> 
     </span>
     <span class='ocr_line' id='line_1_29' title="bbox 95 1490 1031 1541; baseline -0.013 -7"><span class='ocrx_word' id='word_1_224' title='bbox 95 1499 238 1541; x_wconf 70' lang='lat' dir='ltr'>citoque</span> <span class='ocrx_word' id='word_1_225' title='bbox 251 1493 431 1530; x_wconf 80' lang='lat' dir='ltr'>liberaberis</span> <span class='ocrx_word' id='word_1_226' title='bbox 443 1493 483 1526; x_wconf 90' lang='lat' dir='ltr'>de</span> <span class='ocrx_word' id='word_1_227' title='bbox 502 1491 622 1537; x_wconf 80' lang='lat' dir='ltr'>laqueis</span> <span class='ocrx_word' id='word_1_228' title='bbox 644 1492 832 1525; x_wconf 78' lang='lat' dir='ltr'>venantium</span> <span class='ocrx_word' id='word_1_229' title='bbox 845 1516 855 1531; x_wconf 88' lang='lat'>,</span> <span class='ocrx_word' id='word_1_230' title='bbox 880 1490 914 1523; x_wconf 91' lang='lat'>&amp;</span> <span class='ocrx_word' id='word_1_231' title='bbox 936 1490 954 1522; x_wconf 75' lang='lat' dir='ltr'>a</span> <span class='ocrx_word' id='word_1_232' title='bbox 967 1500 1031 1523; x_wconf 86' lang='lat' dir='ltr'>ver-</span> 
     </span>
     <span class='ocr_line' id='line_1_30' title="bbox 94 1540 1030 1592; baseline -0.012 -10"><span class='ocrx_word' id='word_1_233' title='bbox 94 1547 290 1592; x_wconf 69' lang='lat' dir='ltr'>bisasperis.</span> <span class='ocrx_word' id='word_1_234' title='bbox 320 1545 360 1577; x_wconf 81' lang='lat' dir='ltr'>Et</span> <span class='ocrx_word' id='word_1_235' title='bbox 376 1553 530 1578; x_wconf 82' lang='lat' dir='ltr'>utcaetera</span> <span class='ocrx_word' id='word_1_236' title='bbox 542 1542 656 1575; x_wconf 88' lang='lat' dir='ltr'>omnia</span> <span class='ocrx_word' id='word_1_237' title='bbox 678 1540 791 1575; x_wconf 88' lang='lat' dir='ltr'>debito</span> <span class='ocrx_word' id='word_1_238' title='bbox 813 1542 877 1573; x_wconf 83' lang='lat' dir='ltr'>fine</span> <span class='ocrx_word' id='word_1_239' title='bbox 898 1540 1030 1573; x_wconf 80' lang='lat' dir='ltr'>conclu-</span> 
     </span>
     <span class='ocr_line' id='line_1_31' title="bbox 93 1589 1031 1640; baseline -0.013 -7"><span class='ocrx_word' id='word_1_240' title='bbox 93 1596 192 1638; x_wconf 74' lang='lat' dir='ltr'>dam,</span> <span class='ocrx_word' id='word_1_241' title='bbox 218 1596 374 1640; x_wconf 87' lang='lat' dir='ltr'>quoniam</span> <span class='ocrx_word' id='word_1_242' title='bbox 397 1591 539 1627; x_wconf 80' lang='lat' dir='ltr'>ostendit</span> <span class='ocrx_word' id='word_1_243' title='bbox 559 1590 653 1624; x_wconf 85' lang='lat' dir='ltr'>nobis</span> <span class='ocrx_word' id='word_1_244' title='bbox 675 1591 844 1623; x_wconf 82' lang='lat' dir='ltr'>Dominus</span> <span class='ocrx_word' id='word_1_245' title='bbox 866 1613 876 1628; x_wconf 90' lang='lat'>,</span> <span class='ocrx_word' id='word_1_246' title='bbox 909 1600 979 1631; x_wconf 84' lang='lat' dir='ltr'>quae</span> <span class='ocrx_word' id='word_1_247' title='bbox 997 1589 1031 1621; x_wconf 77' lang='grc' dir='ltr'>ὅτ</span> 
     </span>
     <span class='ocr_line' id='line_1_32' title="bbox 94 1639 1032 1691; baseline -0.014 -9"><span class='ocrx_word' id='word_1_248' title='bbox 94 1657 216 1691; x_wconf 75' lang='lat' dir='ltr'>quanta</span> <span class='ocrx_word' id='word_1_249' title='bbox 238 1653 386 1687; x_wconf 81' lang='lat' dir='ltr'>oporteat</span> <span class='ocrx_word' id='word_1_250' title='bbox 408 1652 468 1673; x_wconf 89' lang='lat' dir='ltr'>nos</span> <span class='ocrx_word' id='word_1_251' title='bbox 490 1641 555 1682; x_wconf 89' lang='lat' dir='ltr'>pati</span> <span class='ocrx_word' id='word_1_252' title='bbox 569 1650 626 1680; x_wconf 88' lang='lat' dir='ltr'>pro</span> <span class='ocrx_word' id='word_1_253' title='bbox 650 1639 786 1672; x_wconf 87' lang='lat' dir='ltr'>nomine</span> <span class='ocrx_word' id='word_1_254' title='bbox 808 1639 866 1671; x_wconf 89' lang='lat' dir='ltr'>suo</span> <span class='ocrx_word' id='word_1_255' title='bbox 891 1662 903 1679; x_wconf 97' lang='lat'>,</span> <span class='ocrx_word' id='word_1_256' title='bbox 930 1639 1032 1680; x_wconf 88' lang='lat' dir='ltr'>&amp;pro</span> 
     </span>
     <span class='ocr_line' id='line_1_33' title="bbox 96 1685 1033 1732; baseline -0.014 -1"><span class='ocrx_word' id='word_1_257' title='bbox 96 1695 287 1732; x_wconf 82' lang='lat' dir='ltr'>defensione</span> <span class='ocrx_word' id='word_1_258' title='bbox 298 1691 464 1728; x_wconf 82' lang='lat' dir='ltr'>Ecclefiae,</span> <span class='ocrx_word' id='word_1_259' title='bbox 492 1686 616 1722; x_wconf 79' lang='lat' dir='ltr'>necesse</span> <span class='ocrx_word' id='word_1_260' title='bbox 636 1685 812 1726; x_wconf 79' lang='lat' dir='ltr'>habemus,</span> <span class='ocrx_word' id='word_1_261' title='bbox 838 1696 910 1720; x_wconf 88' lang='lat' dir='ltr'>ores</span> <span class='ocrx_word' id='word_1_262' title='bbox 929 1697 962 1719; x_wconf 89' lang='lat' dir='ltr'>tu</span> <span class='ocrx_word' id='word_1_263' title='bbox 975 1687 1033 1725; x_wconf 77' lang='grc' dir='ltr'>,δε</span> 
     </span>
     <span class='ocr_line' id='line_1_34' title="bbox 97 1734 1029 1781; baseline -0.018 1"><span class='ocrx_word' id='word_1_264' title='bbox 97 1744 318 1781; x_wconf 69' lang='lat' dir='ltr'>towsscelefia</span> <span class='ocrx_word' id='word_1_265' title='bbox 330 1737 570 1776; x_wconf 73' lang='lat' dir='ltr'>t&#39;ibicommifla</span> <span class='ocrx_word' id='word_1_266' title='bbox 591 1736 747 1768; x_wconf 75' lang='lat' dir='ltr'>instanter</span> <span class='ocrx_word' id='word_1_267' title='bbox 767 1745 832 1776; x_wconf 83' lang='lat' dir='ltr'>pro-</span> <span class='ocrx_word' id='word_1_268' title='bbox 848 1734 943 1766; x_wconf 88' lang='lat' dir='ltr'>nobis</span> <span class='ocrx_word' id='word_1_269' title='bbox 954 1757 965 1772; x_wconf 94' lang='lat'>‚</span> <span class='ocrx_word' id='word_1_270' title='bbox 993 1742 1029 1765; x_wconf 89' lang='lat' dir='ltr'>ut</span> 
     </span>
     <span class='ocr_line' id='line_1_35' title="bbox 98 1781 1033 1839; baseline -0.014 -13"><span class='ocrx_word' id='word_1_271' title='bbox 98 1788 327 1839; x_wconf 52' lang='lat' dir='ltr'>qnoknostris</span> <span class='ocrx_word' id='word_1_272' title='bbox 346 1786 468 1821; x_wconf 77' lang='lat' dir='ltr'>meritis</span> <span class='ocrx_word' id='word_1_273' title='bbox 490 1793 555 1817; x_wconf 87' lang='lat' dir='ltr'>non</span> <span class='ocrx_word' id='word_1_274' title='bbox 581 1784 747 1823; x_wconf 85' lang='lat' dir='ltr'>valemus,</span> <span class='ocrx_word' id='word_1_275' title='bbox 775 1791 832 1816; x_wconf 89' lang='lat' dir='ltr'>tua</span> <span class='ocrx_word' id='word_1_276' title='bbox 862 1781 1033 1815; x_wconf 69' lang='lat' dir='ltr'>&amp;saneto-</span> 
     </span>
     <span class='ocr_line' id='line_1_36' title="bbox 96 1830 1033 1880; baseline -0.016 -1"><span class='ocrx_word' id='word_1_277' title='bbox 96 1847 172 1880; x_wconf 66' lang='grc' dir='ltr'>ταώ</span> <span class='ocrx_word' id='word_1_278' title='bbox 181 1840 340 1876; x_wconf 75' lang='lat' dir='ltr'>Virorum</span> <span class='ocrx_word' id='word_1_279' title='bbox 351 1832 572 1870; x_wconf 80' lang='lat' dir='ltr'>interceffione</span> <span class='ocrx_word' id='word_1_280' title='bbox 583 1855 593 1872; x_wconf 92' lang='lat'>,</span> <span class='ocrx_word' id='word_1_281' title='bbox 618 1833 674 1875; x_wconf 88' lang='lat' dir='ltr'>qui</span> <span class='ocrx_word' id='word_1_282' title='bbox 689 1832 721 1864; x_wconf 92' lang='lat' dir='ltr'>in</span> <span class='ocrx_word' id='word_1_283' title='bbox 734 1830 863 1865; x_wconf 82' lang='lat' dir='ltr'>ditione</span> <span class='ocrx_word' id='word_1_284' title='bbox 873 1842 928 1865; x_wconf 86' lang='lat' dir='ltr'>tua</span> <span class='ocrx_word' id='word_1_285' title='bbox 941 1832 1012 1865; x_wconf 88' lang='lat' dir='ltr'>sunt</span> <span class='ocrx_word' id='word_1_286' title='bbox 1023 1855 1033 1871; x_wconf 92' lang='lat'>‚</span> 
     </span>
     <span class='ocr_line' id='line_1_37' title="bbox 97 1880 1032 1928; baseline -0.015 0"><span class='ocrx_word' id='word_1_287' title='bbox 97 1888 446 1928; x_wconf 63' lang='lat' dir='ltr'>sustineretvaleamus‚</span> <span class='ocrx_word' id='word_1_288' title='bbox 469 1884 502 1917; x_wconf 75' lang='grc' dir='ltr'>ἀ</span> <span class='ocrx_word' id='word_1_289' title='bbox 523 1881 568 1917; x_wconf 87' lang='lat' dir='ltr'>ob</span> <span class='ocrx_word' id='word_1_290' title='bbox 590 1880 623 1915; x_wconf 88' lang='lat' dir='ltr'>id</span> <span class='ocrx_word' id='word_1_291' title='bbox 648 1881 786 1926; x_wconf 85' lang='lat' dir='ltr'>gratiam</span> <span class='ocrx_word' id='word_1_292' title='bbox 808 1881 1032 1925; x_wconf 89' lang='lat' dir='ltr'>sempiternam</span> 
     </span>
     <span class='ocr_line' id='line_1_38' title="bbox 97 1931 1034 1984; baseline -0.015 -6"><span class='ocrx_word' id='word_1_293' title='bbox 97 1940 250 1984; x_wconf 88' lang='lat' dir='ltr'>consequi</span> <span class='ocrx_word' id='word_1_294' title='bbox 259 1947 438 1973; x_wconf 87' lang='lat' dir='ltr'>mereamur</span> <span class='ocrx_word' id='word_1_295' title='bbox 451 1959 458 1967; x_wconf 96' lang='lat'><strong><em>.</em></strong></span> <span class='ocrx_word' id='word_1_296' title='bbox 486 1933 571 1966; x_wconf 88' lang='lat' dir='ltr'>Vale</span> <span class='ocrx_word' id='word_1_297' title='bbox 584 1933 616 1965; x_wconf 89' lang='lat'><strong>&amp;</strong></span> <span class='ocrx_word' id='word_1_298' title='bbox 635 1932 820 1965; x_wconf 87' lang='lat' dir='ltr'>confortare</span> <span class='ocrx_word' id='word_1_299' title='bbox 833 1955 840 1963; x_wconf 95' lang='lat'><strong>.</strong></span> <span class='ocrx_word' id='word_1_300' title='bbox 869 1931 986 1965; x_wconf 87' lang='lat' dir='ltr'>Valeat</span> <span class='ocrx_word' id='word_1_301' title='bbox 1002 1932 1034 1964; x_wconf 69' lang='grc' dir='ltr'><strong>ἃ</strong></span> 
     </span>
     <span class='ocr_line' id='line_1_39' title="bbox 99 1981 1037 2034; baseline -0.013 -7"><span class='ocrx_word' id='word_1_302' title='bbox 99 1996 170 2028; x_wconf 74' lang='lat' dir='ltr'>tota</span> <span class='ocrx_word' id='word_1_303' title='bbox 180 1989 365 2034; x_wconf 81' lang='lat' dir='ltr'>Anglicana</span> <span class='ocrx_word' id='word_1_304' title='bbox 376 1983 519 2020; x_wconf 76' lang='lat' dir='ltr'>Ecclesia</span> <span class='ocrx_word' id='word_1_305' title='bbox 530 2007 540 2022; x_wconf 88' lang='lat'>,</span> <span class='ocrx_word' id='word_1_306' title='bbox 565 1982 597 2015; x_wconf 92' lang='lat'>&amp;</span> <span class='ocrx_word' id='word_1_307' title='bbox 610 1981 812 2016; x_wconf 82' lang='lat' dir='ltr'>confortetur</span> <span class='ocrx_word' id='word_1_308' title='bbox 822 1981 858 2015; x_wconf 84' lang='lat' dir='ltr'>in</span> <span class='ocrx_word' id='word_1_309' title='bbox 870 1981 1037 2021; x_wconf 88' lang='lat' dir='ltr'>Domino,</span> 
     </span>
     <span class='ocr_line' id='line_1_40' title="bbox 97 2035 540 2078; baseline -0.029 1"><span class='ocrx_word' id='word_1_310' title='bbox 97 2047 138 2078; x_wconf 77' lang='lat' dir='ltr'>ut</span> <span class='ocrx_word' id='word_1_311' title='bbox 146 2041 181 2077; x_wconf 68' lang='grc' dir='ltr'>ἐι</span> <span class='ocrx_word' id='word_1_312' title='bbox 192 2049 253 2075; x_wconf 84' lang='lat' dir='ltr'>nos</span> <span class='ocrx_word' id='word_1_313' title='bbox 264 2036 347 2072; x_wconf 76' lang='lat' dir='ltr'>bene</span> <span class='ocrx_word' id='word_1_314' title='bbox 359 2035 522 2071; x_wconf 89' lang='lat' dir='ltr'>valeamus</span> <span class='ocrx_word' id='word_1_315' title='bbox 534 2057 540 2064; x_wconf 91' lang='lat'>.</span> 
     </span>
    </p>
   </div>
   <div class='ocr_carea' id='block_1_6' title="bbox 298 2130 838 2171">
    <p class='ocr_par' dir='ltr' id='par_1_7' title="bbox 298 2130 838 2171">
     <span class='ocr_line' id='line_1_41' title="bbox 298 2130 838 2171; baseline -0.015 0"><span class='ocrx_word' id='word_1_316' title='bbox 298 2130 699 2171; x_wconf 71' lang='lat' dir='ltr'>EplsToLA</span> <span class='ocrx_word' id='word_1_317' title='bbox 750 2131 838 2166; x_wconf 87' lang='lat' dir='ltr'>XLI.</span> 
     </span>
    </p>
   </div>
   <div class='ocr_carea' id='block_1_7' title="bbox 139 2209 938 2326">
    <p class='ocr_par' dir='ltr' id='par_1_8' title="bbox 139 2209 938 2326">
     <span class='ocr_line' id='line_1_42' title="bbox 139 2209 938 2276; baseline -0.014 -1"><span class='ocrx_word' id='word_1_318' title='bbox 139 2209 167 2271; x_wconf 24' lang='grc' dir='ltr'>η,</span> <span class='ocrx_word' id='word_1_319' title='bbox 194 2235 381 2274; x_wconf 74' lang='lat' dir='ltr'>Alexander</span> <span class='ocrx_word' id='word_1_320' title='bbox 416 2234 504 2276; x_wconf 81' lang='lat' dir='ltr'>Papa</span> <span class='ocrx_word' id='word_1_321' title='bbox 540 2232 692 2265; x_wconf 80' lang='lat' dir='ltr'>Gilberm</span> <span class='ocrx_word' id='word_1_322' title='bbox 716 2229 938 2267; x_wconf 77' lang='lat' dir='ltr'>Londonienli</span> 
     </span>
     <span class='ocr_line' id='line_1_43' title="bbox 449 2283 660 2326; baseline -0.009 -12"><span class='ocrx_word' id='word_1_323' title='bbox 449 2310 451 2314; x_wconf 87' lang='lat'><em>.</em></span> <span class='ocrx_word' id='word_1_324' title='bbox 480 2283 660 2326; x_wconf 85' lang='lat' dir='ltr'>Episcopo.</span> 
     </span>
    </p>
   </div>
   <div class='ocr_carea' id='block_1_8' title="bbox 102 2362 1035 2525">
    <p class='ocr_par' dir='ltr' id='par_1_9' title="bbox 102 2362 1035 2525">
     <span class='ocr_line' id='line_1_44' title="bbox 102 2362 1035 2427; baseline -0.011 -4"><span class='ocrx_word' id='word_1_325' title='bbox 102 2388 270 2422; x_wconf 69' lang='lat' dir='ltr'>Alexander</span> <span class='ocrx_word' id='word_1_326' title='bbox 281 2362 443 2427; x_wconf 65' lang='lat' dir='ltr'>Epifiopus</span> <span class='ocrx_word' id='word_1_327' title='bbox 457 2406 468 2422; x_wconf 87' lang='lat'>‚</span> <span class='ocrx_word' id='word_1_328' title='bbox 483 2384 604 2415; x_wconf 60' lang='lat' dir='ltr'>Servus</span> <span class='ocrx_word' id='word_1_329' title='bbox 625 2382 782 2413; x_wconf 75' lang='lat' dir='ltr'>Servorum</span> <span class='ocrx_word' id='word_1_330' title='bbox 804 2381 881 2420; x_wconf 72' lang='lat' dir='ltr'>Dei,</span> <span class='ocrx_word' id='word_1_331' title='bbox 910 2384 1035 2414; x_wconf 83' lang='lat' dir='ltr'>Venera-</span> 
     </span>
     <span class='ocr_line' id='line_1_45' title="bbox 139 2428 984 2473; baseline -0.007 -3"><span class='ocrx_word' id='word_1_332' title='bbox 139 2433 488 2473; x_wconf 66' lang='lat' dir='ltr'>biliFratriGilbmo,</span> <span class='ocrx_word' id='word_1_333' title='bbox 516 2428 713 2470; x_wconf 79' lang='lat' dir='ltr'>Londonienfi</span> <span class='ocrx_word' id='word_1_334' title='bbox 720 2428 881 2473; x_wconf 71' lang='lat' dir='ltr'>Episcopo,</span> <span class='ocrx_word' id='word_1_335' title='bbox 903 2429 984 2473; x_wconf 84' lang='lat' dir='ltr'>salu-</span> 
     </span>
     <span class='ocr_line' id='line_1_46' title="bbox 135 2480 862 2525; baseline -0.014 -4"><span class='ocrx_word' id='word_1_336' title='bbox 135 2498 137 2501; x_wconf 60' lang='lat'><em>⁴</em></span> <span class='ocrx_word' id='word_1_337' title='bbox 268 2495 331 2520; x_wconf 78' lang='lat' dir='ltr'>tem</span> <span class='ocrx_word' id='word_1_338' title='bbox 341 2485 374 2518; x_wconf 62' lang='grc' dir='ltr'>δ’</span> <span class='ocrx_word' id='word_1_339' title='bbox 396 2481 582 2525; x_wconf 69' lang='lat' dir='ltr'>apostolicam</span> <span class='ocrx_word' id='word_1_340' title='bbox 600 2480 842 2513; x_wconf 64' lang='lat' dir='ltr'>Benedictionem</span> <span class='ocrx_word' id='word_1_341' title='bbox 855 2505 862 2511; x_wconf 89' lang='lat'>.</span> 
     </span>
    </p>
   </div>
   <div class='ocr_carea' id='block_1_9' title="bbox 104 2579 1042 2821">
    <p class='ocr_par' dir='ltr' id='par_1_10' title="bbox 198 2579 1042 2724">
     <span class='ocr_line' id='line_1_47' title="bbox 198 2579 1041 2624; baseline -0.011 -3"><span class='ocrx_word' id='word_1_342' title='bbox 198 2585 310 2622; x_wconf 88' lang='lat' dir='ltr'>UOD</span> <span class='ocrx_word' id='word_1_343' title='bbox 337 2583 420 2618; x_wconf 87' lang='lat' dir='ltr'>circa</span> <span class='ocrx_word' id='word_1_344' title='bbox 433 2592 491 2620; x_wconf 83' lang='lat' dir='ltr'>ea,</span> <span class='ocrx_word' id='word_1_345' title='bbox 516 2591 659 2624; x_wconf 83' lang='lat' dir='ltr'>quaetuae</span> <span class='ocrx_word' id='word_1_346' title='bbox 677 2579 880 2622; x_wconf 81' lang='lat' dir='ltr'>injunximus</span> <span class='ocrx_word' id='word_1_347' title='bbox 900 2580 1041 2614; x_wconf 87' lang='lat' dir='ltr'>fraterni·</span> 
     </span>
     <span class='ocr_line' id='line_1_48' title="bbox 221 2628 1041 2675; baseline -0.007 -5"><span class='ocrx_word' id='word_1_348' title='bbox 221 2635 305 2673; x_wconf 86' lang='lat' dir='ltr'>tati,</span> <span class='ocrx_word' id='word_1_349' title='bbox 327 2634 443 2668; x_wconf 68' lang='lat' dir='ltr'>efficax</span> <span class='ocrx_word' id='word_1_350' title='bbox 466 2631 607 2665; x_wconf 86' lang='lat' dir='ltr'>studium</span> <span class='ocrx_word' id='word_1_351' title='bbox 634 2630 668 2663; x_wconf 76' lang='grc' dir='ltr'>ἀ</span> <span class='ocrx_word' id='word_1_352' title='bbox 687 2628 896 2673; x_wconf 75' lang='lat' dir='ltr'>diligentiam</span> <span class='ocrx_word' id='word_1_353' title='bbox 915 2632 1041 2675; x_wconf 71' lang='lat' dir='ltr'>impen-</span> 
     </span>
     <span class='ocr_line' id='line_1_49' title="bbox 213 2678 1042 2724; baseline -0.007 -4"><span class='ocrx_word' id='word_1_354' title='bbox 213 2685 289 2720; x_wconf 79' lang='lat' dir='ltr'>disti</span> <span class='ocrx_word' id='word_1_355' title='bbox 309 2708 320 2724; x_wconf 90' lang='lat'>,</span> <span class='ocrx_word' id='word_1_356' title='bbox 354 2684 387 2717; x_wconf 80' lang='grc' dir='ltr'>δι</span> <span class='ocrx_word' id='word_1_357' title='bbox 409 2680 627 2716; x_wconf 85' lang='lat' dir='ltr'>ehariffimum</span> <span class='ocrx_word' id='word_1_358' title='bbox 649 2680 682 2712; x_wconf 89' lang='lat' dir='ltr'>in</span> <span class='ocrx_word' id='word_1_359' title='bbox 706 2678 838 2712; x_wconf 80' lang='lat' dir='ltr'>Christo</span> <span class='ocrx_word' id='word_1_360' title='bbox 859 2679 963 2714; x_wconf 85' lang='lat' dir='ltr'>filium</span> <span class='ocrx_word' id='word_1_361' title='bbox 987 2691 1042 2714; x_wconf 83' lang='lat' dir='ltr'>no·</span> 
     </span>
    </p>

    <p class='ocr_par' dir='ltr' id='par_1_11' title="bbox 104 2730 1042 2821">
     <span class='ocr_line' id='line_1_50' title="bbox 104 2730 1042 2776; baseline -0.01 -6"><span class='ocrx_word' id='word_1_362' title='bbox 104 2739 231 2776; x_wconf 83' lang='lat' dir='ltr'>strum,</span> <span class='ocrx_word' id='word_1_363' title='bbox 255 2733 410 2769; x_wconf 85' lang='lat' dir='ltr'>illustrem</span> <span class='ocrx_word' id='word_1_364' title='bbox 433 2731 621 2775; x_wconf 86' lang='lat' dir='ltr'>Anglorum</span> <span class='ocrx_word' id='word_1_365' title='bbox 647 2730 795 2772; x_wconf 85' lang='lat' dir='ltr'>Regem,</span> <span class='ocrx_word' id='word_1_366' title='bbox 831 2730 920 2772; x_wconf 88' lang='lat' dir='ltr'>super</span> <span class='ocrx_word' id='word_1_367' title='bbox 943 2730 1042 2764; x_wconf 81' lang='lat' dir='ltr'>incre·</span> 
     </span>
     <span class='ocr_line' id='line_1_51' title="bbox 104 2778 1040 2821; baseline -0.012 0"><span class='ocrx_word' id='word_1_368' title='bbox 104 2786 262 2821; x_wconf 85' lang='lat' dir='ltr'>mento&amp;</span> <span class='ocrx_word' id='word_1_369' title='bbox 274 2783 473 2819; x_wconf 76' lang='lat' dir='ltr'>exaltatione</span> <span class='ocrx_word' id='word_1_370' title='bbox 489 2780 634 2813; x_wconf 68' lang='lat' dir='ltr'>Ecclesiae</span> <span class='ocrx_word' id='word_1_371' title='bbox 656 2790 694 2812; x_wconf 90' lang='lat' dir='ltr'>ac</span> <span class='ocrx_word' id='word_1_372' title='bbox 714 2778 821 2812; x_wconf 76' lang='lat' dir='ltr'>nostra</span> <span class='ocrx_word' id='word_1_373' title='bbox 834 2779 969 2813; x_wconf 85' lang='lat' dir='ltr'>fideliter</span> <span class='ocrx_word' id='word_1_374' title='bbox 983 2778 1040 2812; x_wconf 91' lang='lat' dir='ltr'>sol-</span> 
     </span>
    </p>
   </div>
   <div class='ocr_carea' id='block_1_10' title="bbox 393 99 1776 176">
    <p class='ocr_par' dir='ltr' id='par_1_12' title="bbox 393 99 1776 176">
     <span class='ocr_line' id='line_1_52' title="bbox 393 99 1776 176; baseline -0.003 -15"><span class='ocrx_word' id='word_1_375' title='bbox 393 109 778 161; x_wconf 83' lang='lat' dir='ltr'>THOMAE</span> <span class='ocrx_word' id='word_1_376' title='bbox 849 99 1776 176; x_wconf 31' lang='lat' dir='ltr'><strong>CANTUARIEN&#39;SIS.</strong></span> 
     </span>
    </p>
   </div>
   <div class='ocr_carea' id='block_1_11' title="bbox 110 2827 1087 2873">
    <p class='ocr_par' dir='ltr' id='par_1_13' title="bbox 110 2827 1087 2873">
     <span class='ocr_line' id='line_1_53' title="bbox 110 2827 1087 2873; baseline -0.011 -2"><span class='ocrx_word' id='word_1_377' title='bbox 110 2837 234 2871; x_wconf 83' lang='lat' dir='ltr'>licitare</span> <span class='ocrx_word' id='word_1_378' title='bbox 245 2847 282 2869; x_wconf 87' lang='lat' dir='ltr'>ac</span> <span class='ocrx_word' id='word_1_379' title='bbox 293 2842 504 2868; x_wconf 69' lang='lat' dir='ltr'>commoneaee</span> <span class='ocrx_word' id='word_1_380' title='bbox 524 2830 661 2869; x_wconf 87' lang='lat' dir='ltr'>curasti,</span> <span class='ocrx_word' id='word_1_381' title='bbox 689 2839 819 2873; x_wconf 86' lang='lat' dir='ltr'>gratum</span> <span class='ocrx_word' id='word_1_382' title='bbox 840 2827 1043 2862; x_wconf 87' lang='lat' dir='ltr'>omnimodis</span> <span class='ocrx_word' id='word_1_383' title='bbox 1062 2855 1064 2857; x_wconf 65' lang='grc'><strong>,</strong></span> <span class='ocrx_word' id='word_1_384' title='bbox 1085 2847 1087 2849; x_wconf 88' lang='lat'>·</span> 
     </span>
    </p>
   </div>
   <div class='ocr_carea' id='block_1_12' title="bbox 107 2877 1052 3519">
    <p class='ocr_par' dir='ltr' id='par_1_14' title="bbox 107 2877 1052 3519">
     <span class='ocr_line' id='line_1_54' title="bbox 108 2877 1043 2928; baseline -0.01 -8"><span class='ocrx_word' id='word_1_385' title='bbox 108 2887 142 2920; x_wconf 72' lang='lat' dir='ltr'>dc</span> <span class='ocrx_word' id='word_1_386' title='bbox 165 2895 333 2928; x_wconf 79' lang='lat' dir='ltr'>acceptum</span> <span class='ocrx_word' id='word_1_387' title='bbox 356 2882 529 2919; x_wconf 83' lang='lat' dir='ltr'>habemus,</span> <span class='ocrx_word' id='word_1_388' title='bbox 555 2881 589 2914; x_wconf 78' lang='grc' dir='ltr'>δι</span> <span class='ocrx_word' id='word_1_389' title='bbox 613 2877 672 2911; x_wconf 88' lang='lat' dir='ltr'>tibi</span> <span class='ocrx_word' id='word_1_390' title='bbox 693 2877 813 2922; x_wconf 73' lang='lat' dir='ltr'>exinde</span> <span class='ocrx_word' id='word_1_391' title='bbox 823 2880 941 2922; x_wconf 85' lang='lat' dir='ltr'>gratias</span> <span class='ocrx_word' id='word_1_392' title='bbox 954 2877 1043 2913; x_wconf 90' lang='lat' dir='ltr'>uber-</span> 
     </span>
     <span class='ocr_line' id='line_1_55' title="bbox 108 2928 1042 2972; baseline -0.009 -2"><span class='ocrx_word' id='word_1_393' title='bbox 108 2938 204 2970; x_wconf 85' lang='lat' dir='ltr'>rimas</span> <span class='ocrx_word' id='word_1_394' title='bbox 221 2934 423 2969; x_wconf 82' lang='lat' dir='ltr'>exsolventes</span> <span class='ocrx_word' id='word_1_395' title='bbox 440 2955 452 2972; x_wconf 89' lang='lat'>,</span> <span class='ocrx_word' id='word_1_396' title='bbox 484 2929 723 2963; x_wconf 73' lang='lat' dir='ltr'>&#39;sollicitudinis</span> <span class='ocrx_word' id='word_1_397' title='bbox 755 2938 816 2962; x_wconf 87' lang='lat' dir='ltr'>tuae</span> <span class='ocrx_word' id='word_1_398' title='bbox 839 2928 1042 2971; x_wconf 88' lang='lat' dir='ltr'>prudentiam</span> 
     </span>
     <span class='ocr_line' id='line_1_56' title="bbox 109 2978 1042 3028; baseline -0.009 -8"><span class='ocrx_word' id='word_1_399' title='bbox 109 2984 292 3028; x_wconf 80' lang='lat' dir='ltr'>magnificis</span> <span class='ocrx_word' id='word_1_400' title='bbox 304 2983 392 3025; x_wconf 83' lang='lat' dir='ltr'>super</span> <span class='ocrx_word' id='word_1_401' title='bbox 403 2980 514 3015; x_wconf 88' lang='lat' dir='ltr'>hocin</span> <span class='ocrx_word' id='word_1_402' title='bbox 528 2980 681 3015; x_wconf 88' lang='lat' dir='ltr'>Domino</span> <span class='ocrx_word' id='word_1_403' title='bbox 704 2978 856 3012; x_wconf 88' lang='lat' dir='ltr'>laudibus</span> <span class='ocrx_word' id='word_1_404' title='bbox 876 2989 1042 3012; x_wconf 86' lang='lat' dir='ltr'>commen·</span> 
     </span>
     <span class='ocr_line' id='line_1_57' title="bbox 107 3028 1044 3077; baseline -0.01 -7"><span class='ocrx_word' id='word_1_405' title='bbox 107 3037 240 3070; x_wconf 83' lang='lat' dir='ltr'>damus.</span> <span class='ocrx_word' id='word_1_406' title='bbox 268 3032 437 3077; x_wconf 83' lang='lat' dir='ltr'>Qoniam</span> <span class='ocrx_word' id='word_1_407' title='bbox 451 3032 527 3065; x_wconf 76' lang='lat' dir='ltr'>vero</span> <span class='ocrx_word' id='word_1_408' title='bbox 539 3030 681 3063; x_wconf 86' lang='lat' dir='ltr'>eundem</span> <span class='ocrx_word' id='word_1_409' title='bbox 706 3028 831 3073; x_wconf 87' lang='lat' dir='ltr'>Regem</span> <span class='ocrx_word' id='word_1_410' title='bbox 845 3050 856 3066; x_wconf 90' lang='lat'>‚</span> <span class='ocrx_word' id='word_1_411' title='bbox 881 3030 1044 3070; x_wconf 75' lang='lat' dir='ltr'>tamquam</span> 
     </span>
     <span class='ocr_line' id='line_1_58' title="bbox 110 3077 1043 3122; baseline -0.01 -3"><span class='ocrx_word' id='word_1_412' title='bbox 110 3086 216 3119; x_wconf 82' lang='lat' dir='ltr'>filium</span> <span class='ocrx_word' id='word_1_413' title='bbox 227 3078 491 3116; x_wconf 31' lang='lat' dir='ltr'>chariffimuml&amp;</span> <span class='ocrx_word' id='word_1_414' title='bbox 501 3079 669 3122; x_wconf 72' lang='lat' dir='ltr'>inclytum</span> <span class='ocrx_word' id='word_1_415' title='bbox 684 3077 869 3121; x_wconf 87' lang='lat' dir='ltr'>Principem</span> <span class='ocrx_word' id='word_1_416' title='bbox 880 3104 890 3119; x_wconf 92' lang='lat'>,</span> <span class='ocrx_word' id='word_1_417' title='bbox 915 3079 1043 3113; x_wconf 69' lang='lat' dir='ltr'>arfflori</span> 
     </span>
     <span class='ocr_line' id='line_1_59' title="bbox 110 3128 1044 3173; baseline -0.01 -4"><span class='ocrx_word' id='word_1_418' title='bbox 110 3134 270 3169; x_wconf 80' lang='lat' dir='ltr'>charitate</span> <span class='ocrx_word' id='word_1_419' title='bbox 282 3128 470 3173; x_wconf 73' lang='lat' dir='ltr'>diligimus,</span> <span class='ocrx_word' id='word_1_420' title='bbox 498 3129 621 3163; x_wconf 79' lang='lat' dir='ltr'>idcirco</span> <span class='ocrx_word' id='word_1_421' title='bbox 634 3140 686 3171; x_wconf 91' lang='lat' dir='ltr'>per</span> <span class='ocrx_word' id='word_1_422' title='bbox 697 3139 731 3161; x_wconf 85' lang='lat' dir='ltr'>te</span> <span class='ocrx_word' id='word_1_423' title='bbox 743 3151 753 3167; x_wconf 92' lang='lat'>,</span> <span class='ocrx_word' id='word_1_424' title='bbox 777 3139 814 3161; x_wconf 92' lang='lat' dir='ltr'>ac</span> <span class='ocrx_word' id='word_1_425' title='bbox 833 3139 887 3171; x_wconf 87' lang='lat' dir='ltr'>per</span> <span class='ocrx_word' id='word_1_426' title='bbox 905 3128 1044 3162; x_wconf 88' lang='lat' dir='ltr'>Venera-</span> 
     </span>
     <span class='ocr_line' id='line_1_60' title="bbox 112 3177 1048 3222; baseline -0.006 -4"><span class='ocrx_word' id='word_1_427' title='bbox 112 3185 194 3219; x_wconf 78' lang='lat' dir='ltr'>biles</span> <span class='ocrx_word' id='word_1_428' title='bbox 205 3182 327 3215; x_wconf 85' lang='lat' dir='ltr'>Fratres</span> <span class='ocrx_word' id='word_1_429' title='bbox 349 3178 473 3211; x_wconf 80' lang='lat' dir='ltr'>nostros</span> <span class='ocrx_word' id='word_1_430' title='bbox 484 3177 786 3222; x_wconf 76' lang='lat' dir='ltr'>Rothomagensem</span> <span class='ocrx_word' id='word_1_431' title='bbox 804 3177 1048 3222; x_wconf 83' lang='lat' dir='ltr'>Archi-Episco-</span> 
     </span>
     <span class='ocr_line' id='line_1_61' title="bbox 112 3227 1048 3278; baseline -0.005 -14"><span class='ocrx_word' id='word_1_432' title='bbox 112 3244 215 3278; x_wconf 75' lang='lat' dir='ltr'>pum,</span> <span class='ocrx_word' id='word_1_433' title='bbox 241 3231 273 3264; x_wconf 75' lang='lat' dir='ltr'>&amp;z</span> <span class='ocrx_word' id='word_1_434' title='bbox 298 3227 566 3262; x_wconf 87' lang='lat' dir='ltr'>Herefordensem</span> <span class='ocrx_word' id='word_1_435' title='bbox 588 3227 782 3272; x_wconf 85' lang='lat' dir='ltr'>Episcopum</span> <span class='ocrx_word' id='word_1_436' title='bbox 802 3251 814 3268; x_wconf 88' lang='lat'>,</span> <span class='ocrx_word' id='word_1_437' title='bbox 841 3239 969 3263; x_wconf 89' lang='lat' dir='ltr'>necnon</span> <span class='ocrx_word' id='word_1_438' title='bbox 997 3239 1048 3270; x_wconf 86' lang='lat' dir='ltr'>per</span> 
     </span>
     <span class='ocr_line' id='line_1_62' title="bbox 110 3275 1047 3320; baseline -0.007 -4"><span class='ocrx_word' id='word_1_439' title='bbox 110 3280 325 3320; x_wconf 71' lang='lat' dir='ltr'>charissimam</span> <span class='ocrx_word' id='word_1_440' title='bbox 345 3279 379 3311; x_wconf 88' lang='lat' dir='ltr'>in</span> <span class='ocrx_word' id='word_1_441' title='bbox 399 3275 533 3311; x_wconf 83' lang='lat' dir='ltr'>Christo</span> <span class='ocrx_word' id='word_1_442' title='bbox 557 3276 657 3311; x_wconf 85' lang='lat' dir='ltr'>filiam</span> <span class='ocrx_word' id='word_1_443' title='bbox 675 3278 817 3312; x_wconf 80' lang='lat' dir='ltr'>nostram</span> <span class='ocrx_word' id='word_1_444' title='bbox 842 3303 852 3318; x_wconf 95' lang='lat'>,</span> <span class='ocrx_word' id='word_1_445' title='bbox 894 3278 1047 3312; x_wconf 82' lang='lat' dir='ltr'>illustrem</span> 
     </span>
     <span class='ocr_line' id='line_1_63' title="bbox 115 3325 1050 3377; baseline -0.004 -13"><span class='ocrx_word' id='word_1_446' title='bbox 115 3329 280 3377; x_wconf 80' lang='lat' dir='ltr'>quondam</span> <span class='ocrx_word' id='word_1_447' title='bbox 295 3328 521 3361; x_wconf 88' lang='lat' dir='ltr'>Romanorum</span> <span class='ocrx_word' id='word_1_448' title='bbox 534 3325 771 3369; x_wconf 85' lang='lat' dir='ltr'>Imperatricem</span> <span class='ocrx_word' id='word_1_449' title='bbox 783 3352 793 3368; x_wconf 92' lang='lat'>‚</span> <span class='ocrx_word' id='word_1_450' title='bbox 805 3329 948 3363; x_wconf 85' lang='lat' dir='ltr'>Matrem</span> <span class='ocrx_word' id='word_1_451' title='bbox 963 3328 1031 3370; x_wconf 86' lang='lat' dir='ltr'>ejus</span> <span class='ocrx_word' id='word_1_452' title='bbox 1041 3351 1050 3366; x_wconf 85' lang='lat'>,</span> 
     </span>
     <span class='ocr_line' id='line_1_64' title="bbox 115 3375 1050 3426; baseline -0.005 -10"><span class='ocrx_word' id='word_1_453' title='bbox 115 3382 192 3426; x_wconf 80' lang='lat' dir='ltr'>saepe</span> <span class='ocrx_word' id='word_1_454' title='bbox 203 3392 238 3414; x_wconf 85' lang='lat' dir='ltr'>ac</span> <span class='ocrx_word' id='word_1_455' title='bbox 248 3376 356 3421; x_wconf 67' lang='lat' dir='ltr'>sepius</span> <span class='ocrx_word' id='word_1_456' title='bbox 377 3377 480 3418; x_wconf 87' lang='lat' dir='ltr'>ipsum</span> <span class='ocrx_word' id='word_1_457' title='bbox 505 3375 910 3412; x_wconf 82' lang='lat' dir='ltr'>sollicitandum-duximus</span> <span class='ocrx_word' id='word_1_458' title='bbox 926 3402 937 3418; x_wconf 89' lang='lat'>,</span> <span class='ocrx_word' id='word_1_459' title='bbox 965 3377 998 3411; x_wconf 77' lang='grc' dir='ltr'>δε</span> <span class='ocrx_word' id='word_1_460' title='bbox 1012 3377 1050 3410; x_wconf 86' lang='lat' dir='ltr'>ad</span> 
     </span>
     <span class='ocr_line' id='line_1_65' title="bbox 116 3425 1052 3468; baseline -0.011 1"><span class='ocrx_word' id='word_1_461' title='bbox 116 3431 261 3468; x_wconf 73' lang='lat' dir='ltr'>Ecclefiae</span> <span class='ocrx_word' id='word_1_462' title='bbox 287 3426 499 3460; x_wconf 88' lang='lat' dir='ltr'>devotionem</span> <span class='ocrx_word' id='word_1_463' title='bbox 536 3425 738 3460; x_wconf 79' lang='lat' dir='ltr'>multimodis</span> <span class='ocrx_word' id='word_1_464' title='bbox 768 3426 1052 3463; x_wconf 78' lang='lat' dir='ltr'>exhortationibus</span> 
     </span>
     <span class='ocr_line' id='line_1_66' title="bbox 213 3477 670 3519; baseline -0.009 -7"><span class='ocrx_word' id='word_1_465' title='bbox 213 3483 238 3512; x_wconf 83' lang='lat' dir='ltr'>C</span> <span class='ocrx_word' id='word_1_466' title='bbox 241 3477 317 3518; x_wconf 72' lang='lat' dir='ltr'>brist.</span> <span class='ocrx_word' id='word_1_467' title='bbox 335 3480 412 3519; x_wconf 68' lang='lat' dir='ltr'>Lupa</span> <span class='ocrx_word' id='word_1_468' title='bbox 424 3479 522 3519; x_wconf 78' lang='lat' dir='ltr'>Opera</span> <span class='ocrx_word' id='word_1_469' title='bbox 533 3479 613 3509; x_wconf 64' lang='lat' dir='ltr'>Tomi</span> <span class='ocrx_word' id='word_1_470' title='bbox 625 3477 670 3508; x_wconf 85' lang='lat' dir='ltr'>X.</span> 
     </span>
    </p>
   </div>
   <div class='ocr_carea' id='block_1_13' title="bbox 1078 189 2032 584">
    <p class='ocr_par' dir='ltr' id='par_1_15' title="bbox 1078 189 2032 584">
     <span class='ocr_line' id='line_1_67' title="bbox 1079 189 2014 235; baseline 0.003 -10"><span class='ocrx_word' id='word_1_471' title='bbox 1079 189 1326 235; x_wconf 84' lang='lat' dir='ltr'>provocandum</span> <span class='ocrx_word' id='word_1_472' title='bbox 1340 215 1347 223; x_wconf 94' lang='lat'>.</span> <span class='ocrx_word' id='word_1_473' title='bbox 1386 190 1574 224; x_wconf 86' lang='lat' dir='ltr'>Gaudemus</span> <span class='ocrx_word' id='word_1_474' title='bbox 1594 203 1703 228; x_wconf 89' lang='lat' dir='ltr'>autem</span> <span class='ocrx_word' id='word_1_475' title='bbox 1722 197 1755 230; x_wconf 86' lang='lat'>&amp;</span> <span class='ocrx_word' id='word_1_476' title='bbox 1779 196 1961 234; x_wconf 72' lang='lat' dir='ltr'>exultamus</span> <span class='ocrx_word' id='word_1_477' title='bbox 1980 199 2014 232; x_wconf 76' lang='lat' dir='ltr'>in</span> 
     </span>
     <span class='ocr_line' id='line_1_68' title="bbox 1078 241 2016 293; baseline 0.003 -19"><span class='ocrx_word' id='word_1_478' title='bbox 1078 241 1231 275; x_wconf 88' lang='lat' dir='ltr'>Domino</span> <span class='ocrx_word' id='word_1_479' title='bbox 1243 241 1336 284; x_wconf 90' lang='lat' dir='ltr'>super</span> <span class='ocrx_word' id='word_1_480' title='bbox 1346 251 1382 275; x_wconf 90' lang='lat' dir='ltr'>ea</span> <span class='ocrx_word' id='word_1_481' title='bbox 1404 241 1580 275; x_wconf 83' lang='lat' dir='ltr'>devotione</span> <span class='ocrx_word' id='word_1_482' title='bbox 1602 242 1741 283; x_wconf 86' lang='lat' dir='ltr'>ejusdem</span> <span class='ocrx_word' id='word_1_483' title='bbox 1765 247 1891 292; x_wconf 72' lang='lat' dir='ltr'>Regis,</span> <span class='ocrx_word' id='word_1_484' title='bbox 1917 260 2016 293; x_wconf 66' lang='lat' dir='ltr'>quam</span> 
     </span>
     <span class='ocr_line' id='line_1_69' title="bbox 1079 290 2016 342; baseline 0.003 -17"><span class='ocrx_word' id='word_1_485' title='bbox 1079 290 1143 325; x_wconf 86' lang='lat' dir='ltr'>tuis</span> <span class='ocrx_word' id='word_1_486' title='bbox 1156 290 1252 325; x_wconf 88' lang='lat' dir='ltr'>nobis</span> <span class='ocrx_word' id='word_1_487' title='bbox 1274 291 1385 325; x_wconf 89' lang='lat' dir='ltr'>litteris</span> <span class='ocrx_word' id='word_1_488' title='bbox 1404 291 1610 336; x_wconf 68' lang='lat' dir='ltr'>significasti.</span> <span class='ocrx_word' id='word_1_489' title='bbox 1641 291 1798 328; x_wconf 70' lang='lat' dir='ltr'>Caeterum</span> <span class='ocrx_word' id='word_1_490' title='bbox 1822 321 1832 335; x_wconf 88' lang='lat'>,</span> <span class='ocrx_word' id='word_1_491' title='bbox 1857 300 2016 342; x_wconf 79' lang='lat' dir='ltr'>quoniam</span> 
     </span>
     <span class='ocr_line' id='line_1_70' title="bbox 1080 340 2018 385; baseline 0.001 -9"><span class='ocrx_word' id='word_1_492' title='bbox 1080 352 1154 376; x_wconf 84' lang='lat' dir='ltr'>eum</span> <span class='ocrx_word' id='word_1_493' title='bbox 1178 340 1334 375; x_wconf 88' lang='lat' dir='ltr'>devotum</span> <span class='ocrx_word' id='word_1_494' title='bbox 1361 342 1505 375; x_wconf 82' lang='lat' dir='ltr'>Ecclefiae</span> <span class='ocrx_word' id='word_1_495' title='bbox 1530 342 1591 374; x_wconf 87' lang='lat' dir='ltr'>Dei</span> <span class='ocrx_word' id='word_1_496' title='bbox 1616 342 1677 375; x_wconf 81' lang='lat' dir='ltr'>effe</span> <span class='ocrx_word' id='word_1_497' title='bbox 1697 342 1730 375; x_wconf 76' lang='grc' dir='ltr'>ἀ</span> <span class='ocrx_word' id='word_1_498' title='bbox 1749 343 1861 385; x_wconf 88' lang='lat' dir='ltr'>nobis,</span> <span class='ocrx_word' id='word_1_499' title='bbox 1887 349 1966 382; x_wconf 73' lang='lat' dir='ltr'>ficut</span> <span class='ocrx_word' id='word_1_500' title='bbox 1977 348 2018 382; x_wconf 60' lang='lat' dir='ltr'>,b</span> 
     </span>
     <span class='ocr_line' id='line_1_71' title="bbox 1084 391 2032 437; baseline 0.008 -13"><span class='ocrx_word' id='word_1_501' title='bbox 1084 391 1152 435; x_wconf 85' lang='lat' dir='ltr'>ipso</span> <span class='ocrx_word' id='word_1_502' title='bbox 1165 391 1329 435; x_wconf 87' lang='lat' dir='ltr'>principio</span> <span class='ocrx_word' id='word_1_503' title='bbox 1342 392 1658 425; x_wconf 85' lang='lat' dir='ltr'>consuevitexistere</span> <span class='ocrx_word' id='word_1_504' title='bbox 1677 415 1687 431; x_wconf 95' lang='lat'>,</span> <span class='ocrx_word' id='word_1_505' title='bbox 1714 403 1868 437; x_wconf 75' lang='lat' dir='ltr'>rogamus</span> <span class='ocrx_word' id='word_1_506' title='bbox 1904 396 2032 432; x_wconf 43' lang='lat' dir='ltr'>staret-⁷¹</span> 
     </span>
     <span class='ocr_line' id='line_1_72' title="bbox 1082 441 2017 488; baseline 0.005 -14"><span class='ocrx_word' id='word_1_507' title='bbox 1082 443 1217 475; x_wconf 85' lang='lat' dir='ltr'>nitatem</span> <span class='ocrx_word' id='word_1_508' title='bbox 1232 452 1332 480; x_wconf 87' lang='lat' dir='ltr'>tuam,</span> <span class='ocrx_word' id='word_1_509' title='bbox 1341 451 1514 487; x_wconf 84' lang='lat' dir='ltr'>monemus</span> <span class='ocrx_word' id='word_1_510' title='bbox 1525 452 1622 485; x_wconf 87' lang='lat' dir='ltr'>atque</span> <span class='ocrx_word' id='word_1_511' title='bbox 1634 441 1826 477; x_wconf 83' lang='lat' dir='ltr'>mandamus</span> <span class='ocrx_word' id='word_1_512' title='bbox 1835 466 1847 484; x_wconf 89' lang='lat'><em>‚</em></span> <span class='ocrx_word' id='word_1_513' title='bbox 1860 442 2017 488; x_wconf 73' lang='lat' dir='ltr'>quatenus</span> 
     </span>
     <span class='ocr_line' id='line_1_73' title="bbox 1081 490 2023 537; baseline 0.004 -13"><span class='ocrx_word' id='word_1_514' title='bbox 1081 491 1182 535; x_wconf 87' lang='lat' dir='ltr'>ipsum</span> <span class='ocrx_word' id='word_1_515' title='bbox 1192 491 1389 536; x_wconf 79' lang='lat' dir='ltr'>diligenter,</span> <span class='ocrx_word' id='word_1_516' title='bbox 1414 503 1451 525; x_wconf 87' lang='lat' dir='ltr'>ac</span> <span class='ocrx_word' id='word_1_517' title='bbox 1462 490 1540 534; x_wconf 76' lang='lat' dir='ltr'>saepe</span> <span class='ocrx_word' id='word_1_518' title='bbox 1560 492 1595 525; x_wconf 74' lang='lat' dir='ltr'>&lt;St</span> <span class='ocrx_word' id='word_1_519' title='bbox 1616 491 1747 535; x_wconf 66' lang='lat' dir='ltr'>sapius,</span> <span class='ocrx_word' id='word_1_520' title='bbox 1773 503 1828 537; x_wconf 89' lang='lat' dir='ltr'>per</span> <span class='ocrx_word' id='word_1_521' title='bbox 1849 494 1926 528; x_wconf 80' lang='lat' dir='ltr'>te&amp;</span> <span class='ocrx_word' id='word_1_522' title='bbox 1942 494 2023 528; x_wconf 85' lang='lat' dir='ltr'>alios</span> 
     </span>
     <span class='ocr_line' id='line_1_74' title="bbox 1082 539 2022 584; baseline 0.003 -9"><span class='ocrx_word' id='word_1_523' title='bbox 1082 547 1314 582; x_wconf 82' lang='lat' dir='ltr'>commoneas,</span> <span class='ocrx_word' id='word_1_524' title='bbox 1341 540 1477 576; x_wconf 72' lang='lat' dir='ltr'>horteris</span> <span class='ocrx_word' id='word_1_525' title='bbox 1489 539 1782 584; x_wconf 79' lang='lat' dir='ltr'>modisomnibus,</span> <span class='ocrx_word' id='word_1_526' title='bbox 1811 541 1846 576; x_wconf 75' lang='lat' dir='ltr'>«Sc</span> <span class='ocrx_word' id='word_1_527' title='bbox 1864 543 2022 583; x_wconf 77' lang='lat' dir='ltr'>inducas,</span> 
     </span>
    </p>
   </div>
   <div class='ocr_carea' id='block_1_14' title="bbox 1056 590 2023 636">
    <p class='ocr_par' dir='ltr' id='par_1_16' title="bbox 1056 590 2023 636">
     <span class='ocr_line' id='line_1_75' title="bbox 1056 590 2023 636; baseline 0.003 -12"><span class='ocrx_word' id='word_1_528' title='bbox 1056 599 1059 601; x_wconf 68' lang='grc'><strong><em>’</em></strong></span> <span class='ocrx_word' id='word_1_529' title='bbox 1082 600 1117 625; x_wconf 85' lang='lat' dir='ltr'>ut</span> <span class='ocrx_word' id='word_1_530' title='bbox 1130 591 1170 624; x_wconf 85' lang='lat' dir='ltr'>ad</span> <span class='ocrx_word' id='word_1_531' title='bbox 1185 591 1330 625; x_wconf 81' lang='lat' dir='ltr'>Ecclefiae</span> <span class='ocrx_word' id='word_1_532' title='bbox 1338 591 1482 636; x_wconf 71' lang='lat' dir='ltr'>ejusdem</span> <span class='ocrx_word' id='word_1_533' title='bbox 1493 590 1652 626; x_wconf 83' lang='lat' dir='ltr'>honorem</span> <span class='ocrx_word' id='word_1_534' title='bbox 1665 593 1780 634; x_wconf 87' lang='lat' dir='ltr'>pariter</span> <span class='ocrx_word' id='word_1_535' title='bbox 1797 593 1830 627; x_wconf 74' lang='grc' dir='ltr'>ὅ(</span> <span class='ocrx_word' id='word_1_536' title='bbox 1850 594 2023 627; x_wconf 87' lang='lat' dir='ltr'>exaltatio-</span> 
     </span>
    </p>
   </div>
   <div class='ocr_carea' id='block_1_15' title="bbox 1084 640 2035 735">
    <p class='ocr_par' dir='ltr' id='par_1_17' title="bbox 1084 640 2035 735">
     <span class='ocr_line' id='line_1_76' title="bbox 1084 640 2035 689; baseline 0.002 -15"><span class='ocrx_word' id='word_1_537' title='bbox 1084 648 1157 674; x_wconf 83' lang='lat' dir='ltr'>nem</span> <span class='ocrx_word' id='word_1_538' title='bbox 1172 640 1267 675; x_wconf 86' lang='lat' dir='ltr'>solito</span> <span class='ocrx_word' id='word_1_539' title='bbox 1280 641 1559 685; x_wconf 82' lang='lat' dir='ltr'>modointendat,</span> <span class='ocrx_word' id='word_1_540' title='bbox 1583 641 1757 676; x_wconf 80' lang='lat' dir='ltr'>&amp;causam</span> <span class='ocrx_word' id='word_1_541' title='bbox 1781 642 1876 689; x_wconf 84' lang='lat' dir='ltr'>ipsius</span> <span class='ocrx_word' id='word_1_542' title='bbox 1898 643 2035 684; x_wconf 20' lang='lat' dir='ltr'>strenue,</span> 
     </span>
     <span class='ocr_line' id='line_1_77' title="bbox 1085 690 2029 735; baseline 0.001 -9"><span class='ocrx_word' id='word_1_543' title='bbox 1085 692 1213 732; x_wconf 85' lang='lat' dir='ltr'>foveat,</span> <span class='ocrx_word' id='word_1_544' title='bbox 1239 700 1480 732; x_wconf 67' lang='lat' dir='ltr'>manuteneat,</span> <span class='ocrx_word' id='word_1_545' title='bbox 1507 690 1776 735; x_wconf 81' lang='lat' dir='ltr'>atquedefendat.</span> <span class='ocrx_word' id='word_1_546' title='bbox 1801 693 1954 727; x_wconf 78' lang='lat' dir='ltr'>Ecclefias</span> <span class='ocrx_word' id='word_1_547' title='bbox 1974 704 2029 727; x_wconf 90' lang='lat' dir='ltr'>ve-</span> 
     </span>
    </p>
   </div>
   <div class='ocr_carea' id='block_1_16' title="bbox 1058 739 2027 787">
    <p class='ocr_par' dir='ltr' id='par_1_18' title="bbox 1058 739 2027 787">
     <span class='ocr_line' id='line_1_78' title="bbox 1058 739 2027 787; baseline 0.003 -13"><span class='ocrx_word' id='word_1_548' title='bbox 1058 781 1063 786; x_wconf 45' lang='grc'><em>,</em></span> <span class='ocrx_word' id='word_1_549' title='bbox 1085 741 1141 782; x_wconf 64' lang='grc' dir='ltr'>τὸ,</span> <span class='ocrx_word' id='word_1_550' title='bbox 1176 741 1210 774; x_wconf 87' lang='lat'>&amp;</span> <span class='ocrx_word' id='word_1_551' title='bbox 1231 741 1465 776; x_wconf 63' lang='lat' dir='ltr'>aeclesiasticas</span> <span class='ocrx_word' id='word_1_552' title='bbox 1484 742 1634 786; x_wconf 77' lang='lat' dir='ltr'>personas</span> <span class='ocrx_word' id='word_1_553' title='bbox 1650 739 1767 787; x_wconf 84' lang='lat' dir='ltr'>diligat</span> <span class='ocrx_word' id='word_1_554' title='bbox 1787 742 1823 777; x_wconf 88' lang='lat'>&amp;</span> <span class='ocrx_word' id='word_1_555' title='bbox 1846 742 1989 777; x_wconf 89' lang='lat' dir='ltr'>honoret</span> <span class='ocrx_word' id='word_1_556' title='bbox 2009 767 2027 786; x_wconf 80' lang='lat'><em>‚</em></span> 
     </span>
    </p>
   </div>
   <div class='ocr_carea' id='block_1_17' title="bbox 1085 789 2062 1728">
    <p class='ocr_par' dir='ltr' id='par_1_19' title="bbox 1085 789 2062 1728">
     <span class='ocr_line' id='line_1_79' title="bbox 1085 789 2027 837; baseline 0.002 -12"><span class='ocrx_word' id='word_1_557' title='bbox 1085 789 1319 834; x_wconf 82' lang='lat' dir='ltr'>&amp;eorumjura</span> <span class='ocrx_word' id='word_1_558' title='bbox 1330 792 1516 826; x_wconf 87' lang='lat' dir='ltr'>conservet.</span> <span class='ocrx_word' id='word_1_559' title='bbox 1545 791 1777 826; x_wconf 80' lang='lat' dir='ltr'>venerabilem</span> <span class='ocrx_word' id='word_1_560' title='bbox 1801 792 1932 837; x_wconf 78' lang='lat' dir='ltr'>quoque</span> <span class='ocrx_word' id='word_1_561' title='bbox 1952 793 2027 827; x_wconf 87' lang='lat' dir='ltr'>Fra·</span> 
     </span>
     <span class='ocr_line' id='line_1_80' title="bbox 1086 841 2026 886; baseline 0.001 -11"><span class='ocrx_word' id='word_1_562' title='bbox 1086 847 1165 875; x_wconf 78' lang='lat' dir='ltr'>trem</span> <span class='ocrx_word' id='word_1_563' title='bbox 1188 841 1333 875; x_wconf 84' lang='lat' dir='ltr'>nostrum</span> <span class='ocrx_word' id='word_1_564' title='bbox 1355 841 1621 876; x_wconf 78' lang='lat' dir='ltr'>cantuariensem</span> <span class='ocrx_word' id='word_1_565' title='bbox 1652 841 1967 886; x_wconf 80' lang='lat' dir='ltr'>Archi-Episcopum</span> <span class='ocrx_word' id='word_1_566' title='bbox 1992 843 2026 876; x_wconf 87' lang='lat' dir='ltr'>in</span> 
     </span>
     <span class='ocr_line' id='line_1_81' title="bbox 1085 891 2023 936; baseline 0.001 -11"><span class='ocrx_word' id='word_1_567' title='bbox 1085 902 1229 925; x_wconf 85' lang='lat' dir='ltr'>amorem</span> <span class='ocrx_word' id='word_1_568' title='bbox 1253 892 1287 926; x_wconf 78' lang='grc' dir='ltr'>δε</span> <span class='ocrx_word' id='word_1_569' title='bbox 1309 892 1447 936; x_wconf 85' lang='lat' dir='ltr'>gratiam</span> <span class='ocrx_word' id='word_1_570' title='bbox 1473 893 1562 926; x_wconf 86' lang='lat' dir='ltr'>suam</span> <span class='ocrx_word' id='word_1_571' title='bbox 1580 892 1723 926; x_wconf 86' lang='lat' dir='ltr'>reducat.</span> <span class='ocrx_word' id='word_1_572' title='bbox 1753 891 1827 926; x_wconf 90' lang='lat' dir='ltr'>Nos</span> <span class='ocrx_word' id='word_1_573' title='bbox 1854 893 1943 926; x_wconf 91' lang='lat' dir='ltr'>enim</span> <span class='ocrx_word' id='word_1_574' title='bbox 1965 915 1976 931; x_wconf 89' lang='lat'>‚</span> <span class='ocrx_word' id='word_1_575' title='bbox 2002 892 2023 926; x_wconf 80' lang='lat' dir='ltr'>fi</span> 
     </span>
     <span class='ocr_line' id='line_1_82' title="bbox 1088 941 2031 984; baseline 0.002 -10"><span class='ocrx_word' id='word_1_576' title='bbox 1088 952 1183 981; x_wconf 88' lang='lat' dir='ltr'>eam,</span> <span class='ocrx_word' id='word_1_577' title='bbox 1208 952 1306 983; x_wconf 85' lang='lat' dir='ltr'>quam</span> <span class='ocrx_word' id='word_1_578' title='bbox 1321 941 1463 984; x_wconf 86' lang='lat' dir='ltr'>incepit,</span> <span class='ocrx_word' id='word_1_579' title='bbox 1497 943 1598 977; x_wconf 84' lang='lat' dir='ltr'>Beato</span> <span class='ocrx_word' id='word_1_580' title='bbox 1610 941 1750 977; x_wconf 85' lang='lat' dir='ltr'>P&#39;etroin</span> <span class='ocrx_word' id='word_1_581' title='bbox 1764 943 1861 977; x_wconf 82' lang='lat' dir='ltr'>nobis</span> <span class='ocrx_word' id='word_1_582' title='bbox 1884 952 2031 977; x_wconf 88' lang='lat' dir='ltr'>reveren-</span> 
     </span>
     <span class='ocr_line' id='line_1_83' title="bbox 1090 990 2029 1033; baseline 0.002 -8"><span class='ocrx_word' id='word_1_583' title='bbox 1090 993 1167 1025; x_wconf 83' lang='lat' dir='ltr'>tiam</span> <span class='ocrx_word' id='word_1_584' title='bbox 1178 990 1362 1025; x_wconf 77' lang='lat' dir='ltr'>exhibuerit</span> <span class='ocrx_word' id='word_1_585' title='bbox 1377 992 1581 1026; x_wconf 87' lang='lat' dir='ltr'>&amp;honorem</span> <span class='ocrx_word' id='word_1_586' title='bbox 1595 1019 1605 1033; x_wconf 91' lang='lat'>,</span> <span class='ocrx_word' id='word_1_587' title='bbox 1631 1003 1706 1026; x_wconf 87' lang='lat' dir='ltr'>eum</span> <span class='ocrx_word' id='word_1_588' title='bbox 1728 992 1867 1031; x_wconf 85' lang='lat' dir='ltr'>ferventi</span> <span class='ocrx_word' id='word_1_589' title='bbox 1888 991 2029 1027; x_wconf 61' lang='lat' dir='ltr'>affectio·</span> 
     </span>
     <span class='ocr_line' id='line_1_84' title="bbox 1092 1038 2047 1088; baseline 0.002 -14"><span class='ocrx_word' id='word_1_590' title='bbox 1092 1041 1335 1086; x_wconf 67' lang='lat' dir='ltr'>ne&#39;diligemus‚</span> <span class='ocrx_word' id='word_1_591' title='bbox 1363 1043 1396 1076; x_wconf 72' lang='grc' dir='ltr'>δε</span> <span class='ocrx_word' id='word_1_592' title='bbox 1409 1043 1448 1076; x_wconf 84' lang='lat' dir='ltr'>ad</span> <span class='ocrx_word' id='word_1_593' title='bbox 1461 1042 1618 1077; x_wconf 84' lang='lat' dir='ltr'>honorem</span> <span class='ocrx_word' id='word_1_594' title='bbox 1634 1044 1666 1077; x_wconf 72' lang='grc' dir='ltr'>ὃ(</span> <span class='ocrx_word' id='word_1_595' title='bbox 1677 1044 1912 1076; x_wconf 80' lang='lat' dir='ltr'>exaltationem</span> <span class='ocrx_word' id='word_1_596' title='bbox 1922 1038 2047 1088; x_wconf 48' lang='lat' dir='ltr'>ipsius}</span> 
     </span>
     <span class='ocr_line' id='line_1_85' title="bbox 1089 1088 2034 1138; baseline 0.001 -13"><span class='ocrx_word' id='word_1_597' title='bbox 1089 1092 1122 1125; x_wconf 76' lang='grc' dir='ltr'>δε</span> <span class='ocrx_word' id='word_1_598' title='bbox 1144 1092 1427 1126; x_wconf 83' lang='lat' dir='ltr'>conservationem</span> <span class='ocrx_word' id='word_1_599' title='bbox 1451 1088 1559 1138; x_wconf 72' lang='lat' dir='ltr'>Regni</span> <span class='ocrx_word' id='word_1_600' title='bbox 1580 1094 1636 1127; x_wconf 81' lang='lat' dir='ltr'>fibi</span> <span class='ocrx_word' id='word_1_601' title='bbox 1660 1093 1821 1127; x_wconf 81' lang='lat' dir='ltr'>commiffi</span> <span class='ocrx_word' id='word_1_602' title='bbox 1843 1094 1998 1127; x_wconf 80' lang='lat' dir='ltr'>omnibus</span> <span class='ocrx_word' id='word_1_603' title='bbox 2023 1115 2034 1131; x_wconf 86' lang='lat'>‚</span> 
     </span>
     <span class='ocr_line' id='line_1_86' title="bbox 1092 1143 2033 1186; baseline 0.003 -13"><span class='ocrx_word' id='word_1_604' title='bbox 1092 1143 1362 1183; x_wconf 86' lang='lat' dir='ltr'>proutdecuerit,</span> <span class='ocrx_word' id='word_1_605' title='bbox 1390 1144 1614 1177; x_wconf 86' lang='lat' dir='ltr'>intendemus.</span> <span class='ocrx_word' id='word_1_606' title='bbox 1644 1144 1803 1177; x_wconf 83' lang='lat' dir='ltr'>Malimus</span> <span class='ocrx_word' id='word_1_607' title='bbox 1823 1144 1912 1176; x_wconf 88' lang='lat' dir='ltr'>enirn</span> <span class='ocrx_word' id='word_1_608' title='bbox 1927 1143 2033 1186; x_wconf 83' lang='lat' dir='ltr'>ipsum</span> 
     </span>
     <span class='ocr_line' id='line_1_87' title="bbox 1092 1189 2053 1235; baseline 0.001 -12"><span class='ocrx_word' id='word_1_609' title='bbox 1092 1192 1124 1223; x_wconf 91' lang='lat' dir='ltr'>in</span> <span class='ocrx_word' id='word_1_610' title='bbox 1152 1192 1305 1233; x_wconf 84' lang='lat' dir='ltr'>patientia</span> <span class='ocrx_word' id='word_1_611' title='bbox 1328 1193 1359 1225; x_wconf 72' lang='grc' dir='ltr'>ὅ(</span> <span class='ocrx_word' id='word_1_612' title='bbox 1387 1194 1632 1226; x_wconf 79' lang='lat' dir='ltr'>mansuetudine</span> <span class='ocrx_word' id='word_1_613' title='bbox 1655 1193 1809 1232; x_wconf 84' lang='lat' dir='ltr'>vincere,</span> <span class='ocrx_word' id='word_1_614' title='bbox 1837 1191 1934 1235; x_wconf 67' lang='lat' dir='ltr'>quam</span> <span class='ocrx_word' id='word_1_615' title='bbox 1957 1189 2053 1224; x_wconf 75' lang='lat' dir='ltr'>eum&#39;</span> 
     </span>
     <span class='ocr_line' id='line_1_88' title="bbox 1091 1240 2046 1286; baseline 0.002 -14"><span class='ocrx_word' id='word_1_616' title='bbox 1091 1240 1203 1282; x_wconf 88' lang='lat' dir='ltr'>aliquo</span> <span class='ocrx_word' id='word_1_617' title='bbox 1217 1241 1316 1274; x_wconf 86' lang='lat' dir='ltr'>modo</span> <span class='ocrx_word' id='word_1_618' title='bbox 1329 1252 1460 1284; x_wconf 87' lang='lat' dir='ltr'>gravare</span> <span class='ocrx_word' id='word_1_619' title='bbox 1473 1266 1482 1280; x_wconf 91' lang='lat'>,</span> <span class='ocrx_word' id='word_1_620' title='bbox 1509 1241 1674 1285; x_wconf 78' lang='lat' dir='ltr'>quamdiu</span> <span class='ocrx_word' id='word_1_621' title='bbox 1689 1242 1722 1274; x_wconf 87' lang='lat' dir='ltr'>id</span> <span class='ocrx_word' id='word_1_622' title='bbox 1748 1242 1926 1284; x_wconf 72' lang='lat' dir='ltr'>poterimus</span> <span class='ocrx_word' id='word_1_623' title='bbox 1944 1241 2046 1286; x_wconf 74' lang='lat' dir='ltr'>susti-v</span> 
     </span>
     <span class='ocr_line' id='line_1_89' title="bbox 1093 1291 2036 1335; baseline 0.001 -13"><span class='ocrx_word' id='word_1_624' title='bbox 1093 1300 1189 1322; x_wconf 88' lang='lat' dir='ltr'>nere.</span> <span class='ocrx_word' id='word_1_625' title='bbox 1219 1291 1270 1324; x_wconf 87' lang='lat' dir='ltr'>De</span> <span class='ocrx_word' id='word_1_626' title='bbox 1281 1300 1393 1322; x_wconf 78' lang='lat' dir='ltr'>caetero</span> <span class='ocrx_word' id='word_1_627' title='bbox 1407 1291 1603 1333; x_wconf 82' lang='lat' dir='ltr'>probitatem</span> <span class='ocrx_word' id='word_1_628' title='bbox 1617 1293 1706 1326; x_wconf 75' lang='lat' dir='ltr'>t&#39;uarn</span> <span class='ocrx_word' id='word_1_629' title='bbox 1730 1300 1883 1335; x_wconf 87' lang='lat' dir='ltr'>rogamus</span> <span class='ocrx_word' id='word_1_630' title='bbox 1898 1314 1909 1329; x_wconf 96' lang='lat'>,</span> <span class='ocrx_word' id='word_1_631' title='bbox 1938 1302 1974 1323; x_wconf 90' lang='lat' dir='ltr'>ut</span> <span class='ocrx_word' id='word_1_632' title='bbox 1996 1302 2036 1323; x_wconf 74' lang='lat' dir='ltr'>ex</span> 
     </span>
     <span class='ocr_line' id='line_1_90' title="bbox 1092 1335 2038 1385; baseline 0.002 -13"><span class='ocrx_word' id='word_1_633' title='bbox 1092 1350 1159 1382; x_wconf 85' lang='lat' dir='ltr'>quo</span> <span class='ocrx_word' id='word_1_634' title='bbox 1183 1335 1354 1373; x_wconf 88' lang='lat' dir='ltr'>denarium</span> <span class='ocrx_word' id='word_1_635' title='bbox 1379 1340 1470 1374; x_wconf 89' lang='lat' dir='ltr'>Beati</span> <span class='ocrx_word' id='word_1_636' title='bbox 1494 1341 1580 1374; x_wconf 86' lang='lat' dir='ltr'>Petri</span> <span class='ocrx_word' id='word_1_637' title='bbox 1606 1339 1730 1385; x_wconf 73' lang='lat' dir='ltr'>integre</span> <span class='ocrx_word' id='word_1_638' title='bbox 1742 1339 1969 1384; x_wconf 86' lang='lat' dir='ltr'>recollegeris,</span> <span class='ocrx_word' id='word_1_639' title='bbox 1997 1340 2038 1374; x_wconf 75' lang='lat' dir='ltr'>ad</span> 
     </span>
     <span class='ocr_line' id='line_1_91' title="bbox 1093 1389 2037 1435; baseline 0.002 -13"><span class='ocrx_word' id='word_1_640' title='bbox 1093 1389 1182 1431; x_wconf 89' lang='lat' dir='ltr'>quod</span> <span class='ocrx_word' id='word_1_641' title='bbox 1194 1399 1227 1423; x_wconf 92' lang='lat' dir='ltr'>te</span> <span class='ocrx_word' id='word_1_642' title='bbox 1244 1390 1395 1423; x_wconf 91' lang='lat' dir='ltr'>volumus</span> <span class='ocrx_word' id='word_1_643' title='bbox 1408 1390 1547 1425; x_wconf 82' lang='lat' dir='ltr'>studium</span> <span class='ocrx_word' id='word_1_644' title='bbox 1558 1392 1591 1425; x_wconf 79' lang='grc' dir='ltr'>δε</span> <span class='ocrx_word' id='word_1_645' title='bbox 1604 1389 1809 1435; x_wconf 73' lang='lat' dir='ltr'>diligentiam</span> <span class='ocrx_word' id='word_1_646' title='bbox 1832 1390 2037 1434; x_wconf 80' lang='lat' dir='ltr'>impendere,</span> 
     </span>
     <span class='ocr_line' id='line_1_92' title="bbox 1095 1439 2038 1484; baseline 0.003 -13"><span class='ocrx_word' id='word_1_647' title='bbox 1095 1440 1172 1472; x_wconf 82' lang='lat' dir='ltr'>licut</span> <span class='ocrx_word' id='word_1_648' title='bbox 1187 1451 1241 1482; x_wconf 89' lang='lat' dir='ltr'>per</span> <span class='ocrx_word' id='word_1_649' title='bbox 1254 1439 1314 1473; x_wconf 88' lang='lat' dir='ltr'>alia</span> <span class='ocrx_word' id='word_1_650' title='bbox 1327 1439 1388 1473; x_wconf 84' lang='lat' dir='ltr'>tibi</span> <span class='ocrx_word' id='word_1_651' title='bbox 1399 1441 1514 1483; x_wconf 70' lang='lat' dir='ltr'>scripta</span> <span class='ocrx_word' id='word_1_652' title='bbox 1526 1440 1780 1484; x_wconf 81' lang='lat' dir='ltr'>significavimus</span> <span class='ocrx_word' id='word_1_653' title='bbox 1806 1464 1816 1479; x_wconf 94' lang='lat'>,</span> <span class='ocrx_word' id='word_1_654' title='bbox 1842 1440 1944 1483; x_wconf 87' lang='lat' dir='ltr'>ipsum</span> <span class='ocrx_word' id='word_1_655' title='bbox 1959 1440 2038 1478; x_wconf 77' lang='lat' dir='ltr'>dile-</span> 
     </span>
     <span class='ocr_line' id='line_1_93' title="bbox 1095 1487 2042 1531; baseline 0.001 -10"><span class='ocrx_word' id='word_1_656' title='bbox 1095 1490 1147 1522; x_wconf 69' lang='lat' dir='ltr'>e&#39;to</span> <span class='ocrx_word' id='word_1_657' title='bbox 1160 1489 1245 1522; x_wconf 86' lang='lat' dir='ltr'>Filio</span> <span class='ocrx_word' id='word_1_658' title='bbox 1260 1489 1371 1523; x_wconf 86' lang='lat' dir='ltr'>nostro</span> <span class='ocrx_word' id='word_1_659' title='bbox 1383 1487 1504 1523; x_wconf 85' lang='lat' dir='ltr'>Abbati</span> <span class='ocrx_word' id='word_1_660' title='bbox 1528 1491 1556 1523; x_wconf 90' lang='lat' dir='ltr'>S.</span> <span class='ocrx_word' id='word_1_661' title='bbox 1571 1489 1696 1523; x_wconf 85' lang='lat' dir='ltr'>Bertini</span> <span class='ocrx_word' id='word_1_662' title='bbox 1719 1500 1772 1531; x_wconf 89' lang='lat' dir='ltr'>per</span> <span class='ocrx_word' id='word_1_663' title='bbox 1795 1488 1922 1522; x_wconf 82' lang='lat' dir='ltr'>fidelem</span> <span class='ocrx_word' id='word_1_664' title='bbox 1944 1489 2042 1524; x_wconf 89' lang='lat' dir='ltr'>Nun-</span> 
     </span>
     <span class='ocr_line' id='line_1_94' title="bbox 1095 1535 2055 1576; baseline 0.002 -6"><span class='ocrx_word' id='word_1_665' title='bbox 1095 1540 1183 1571; x_wconf 88' lang='lat' dir='ltr'>cium</span> <span class='ocrx_word' id='word_1_666' title='bbox 1208 1539 1265 1572; x_wconf 90' lang='lat' dir='ltr'>sub</span> <span class='ocrx_word' id='word_1_667' title='bbox 1295 1539 1387 1571; x_wconf 80' lang='lat' dir='ltr'>omni</span> <span class='ocrx_word' id='word_1_668' title='bbox 1406 1539 1617 1572; x_wconf 80' lang='lat' dir='ltr'>festinatione</span> <span class='ocrx_word' id='word_1_669' title='bbox 1636 1539 1797 1571; x_wconf 80' lang='lat' dir='ltr'>destinare</span> <span class='ocrx_word' id='word_1_670' title='bbox 1819 1539 1944 1573; x_wconf 86' lang='lat' dir='ltr'>studeas</span> <span class='ocrx_word' id='word_1_671' title='bbox 1958 1554 1968 1574; x_wconf 91' lang='lat'><em>:</em></span> <span class='ocrx_word' id='word_1_672' title='bbox 1998 1535 2055 1576; x_wconf 50' lang='lat' dir='ltr'>Ee?</span> 
     </span>
     <span class='ocr_line' id='line_1_95' title="bbox 1098 1587 2057 1642; baseline 0.004 -22"><span class='ocrx_word' id='word_1_673' title='bbox 1098 1588 1184 1626; x_wconf 87' lang='lat' dir='ltr'>hoc,</span> <span class='ocrx_word' id='word_1_674' title='bbox 1212 1588 1310 1630; x_wconf 63' lang='lat' dir='ltr'>quam</span> <span class='ocrx_word' id='word_1_675' title='bbox 1333 1588 1431 1621; x_wconf 71' lang='lat' dir='ltr'>citius</span> <span class='ocrx_word' id='word_1_676' title='bbox 1451 1589 1572 1630; x_wconf 84' lang='lat' dir='ltr'>poteris</span> <span class='ocrx_word' id='word_1_677' title='bbox 1591 1611 1602 1626; x_wconf 92' lang='lat'>,</span> <span class='ocrx_word' id='word_1_678' title='bbox 1630 1588 1723 1621; x_wconf 90' lang='lat' dir='ltr'>nobis</span> <span class='ocrx_word' id='word_1_679' title='bbox 1746 1587 1907 1631; x_wconf 74' lang='lat' dir='ltr'>significes</span> <span class='ocrx_word' id='word_1_680' title='bbox 1931 1614 1938 1620; x_wconf 93' lang='lat'><strong>.</strong></span> <span class='ocrx_word' id='word_1_681' title='bbox 1976 1588 2057 1642; x_wconf 50' lang='lat' dir='ltr'>Da-(f</span> 
     </span>
     <span class='ocr_line' id='line_1_96' title="bbox 1097 1626 2062 1685; baseline 0.003 -15"><span class='ocrx_word' id='word_1_682' title='bbox 1097 1638 1219 1679; x_wconf 17' lang='lat' dir='ltr'>tumtin</span> <span class='ocrx_word' id='word_1_683' title='bbox 1247 1637 1348 1680; x_wconf 86' lang='lat' dir='ltr'>gradu</span> <span class='ocrx_word' id='word_1_684' title='bbox 1370 1636 1530 1671; x_wconf 82' lang='lat' dir='ltr'>Mercurii</span> <span class='ocrx_word' id='word_1_685' title='bbox 1553 1655 1575 1677; x_wconf 89' lang='lat'>,-</span> <span class='ocrx_word' id='word_1_686' title='bbox 1603 1637 1781 1670; x_wconf 88' lang='lat' dir='ltr'>undecimo</span> <span class='ocrx_word' id='word_1_687' title='bbox 1805 1636 1969 1673; x_wconf 76' lang='lat' dir='ltr'>Kalendas</span> <span class='ocrx_word' id='word_1_688' title='bbox 1986 1626 2062 1685; x_wconf 25' lang='lat' dir='ltr'>*Se-¹³</span> 
     </span>
     <span class='ocr_line' id='line_1_97' title="bbox 1098 1685 2062 1728; baseline -0.001 -9"><span class='ocrx_word' id='word_1_689' title='bbox 1098 1685 1268 1728; x_wconf 86' lang='lat' dir='ltr'>prembris.</span> <span class='ocrx_word' id='word_1_690' title='bbox 1536 1686 1538 1688; x_wconf 85' lang='lat'>&#39;</span> <span class='ocrx_word' id='word_1_691' title='bbox 1756 1686 1759 1689; x_wconf 66' lang='grc'><em>“</em></span> <span class='ocrx_word' id='word_1_692' title='bbox 1800 1686 1801 1689; x_wconf 77' lang='grc'>’</span> <span class='ocrx_word' id='word_1_693' title='bbox 2010 1693 2012 1698; x_wconf 77' lang='grc'>’</span> <span class='ocrx_word' id='word_1_694' title='bbox 2043 1691 2062 1697; x_wconf 71' lang='lat'>‘&#39;</span> 
     </span>
    </p>
   </div>
   <div class='ocr_carea' id='block_1_18' title="bbox 1200 1832 2014 2001">
    <p class='ocr_par' dir='ltr' id='par_1_20' title="bbox 1200 1832 2062 2001">
     <span class='ocr_line' id='line_1_98' title="bbox 1286 1832 1859 1881; baseline 0.009 -15"><span class='ocrx_word' id='word_1_695' title='bbox 1286 1832 1695 1881; x_wconf 19' lang='lat' dir='ltr'><strong>EVPISTOLA</strong></span> <span class='ocrx_word' id='word_1_696' title='bbox 1747 1836 1859 1871; x_wconf 71' lang='lat' dir='ltr'>XLII.</span> 
     </span>
     <span class='ocr_line' id='line_1_99' title="bbox 1200 1932 2014 2001; baseline -0.016 -34"><span class='ocrx_word' id='word_1_697' title='bbox 1200 1932 1388 1968; x_wconf 69' lang='lat' dir='ltr'>Alexander</span> <span class='ocrx_word' id='word_1_698' title='bbox 1415 1932 1501 1977; x_wconf 87' lang='lat' dir='ltr'>Papa</span> <span class='ocrx_word' id='word_1_699' title='bbox 1530 1932 1946 2001; x_wconf 36' lang='lat' dir='ltr'>HendcqnssegiAfflqae</span> <span class='ocrx_word' id='word_1_700' title='bbox 1999 1933 2014 1957; x_wconf 71' lang='grc' dir='ltr'>’ζ</span> 
     </span>
    </p>
   </div>
   <div class='ocr_carea' id='block_1_19' title="bbox 1104 2020 2062 2173">
    <p class='ocr_par' dir='ltr' id='par_1_21' title="bbox 1104 2020 2062 2173">
     <span class='ocr_line' id='line_1_100' title="bbox 1104 2020 2057 2082; baseline 0.005 -19"><span class='ocrx_word' id='word_1_701' title='bbox 1104 2032 1273 2065; x_wconf 75' lang='lat' dir='ltr'>Alexander</span> <span class='ocrx_word' id='word_1_702' title='bbox 1299 2030 1462 2075; x_wconf 78' lang='lat' dir='ltr'>Episcopus</span> <span class='ocrx_word' id='word_1_703' title='bbox 1477 2057 1487 2073; x_wconf 95' lang='lat'>,</span> <span class='ocrx_word' id='word_1_704' title='bbox 1514 2036 1627 2068; x_wconf 76' lang='lat' dir='ltr'>servus</span> <span class='ocrx_word' id='word_1_705' title='bbox 1653 2021 1817 2075; x_wconf 40' lang='lat' dir='ltr'>*schehin</span> <span class='ocrx_word' id='word_1_706' title='bbox 1832 2027 1902 2082; x_wconf 45' lang='lat' dir='ltr'>&#39;fiel</span> <span class='ocrx_word' id='word_1_707' title='bbox 1920 2060 1931 2075; x_wconf 84' lang='grc'><strong><em>,</em></strong></span> <span class='ocrx_word' id='word_1_708' title='bbox 1960 2038 2037 2069; x_wconf 80' lang='lat' dir='ltr'>Hen-</span> <span class='ocrx_word' id='word_1_709' title='bbox 2054 2020 2057 2022; x_wconf 33' lang='grc'>-</span> 
     </span>
     <span class='ocr_line' id='line_1_101' title="bbox 1211 2080 2062 2132; baseline 0.009 -19"><span class='ocrx_word' id='word_1_710' title='bbox 1211 2087 1269 2114; x_wconf 76' lang='lat' dir='ltr'>rico</span> <span class='ocrx_word' id='word_1_711' title='bbox 1302 2081 1408 2127; x_wconf 70' lang='lat' dir='ltr'>illustri</span> <span class='ocrx_word' id='word_1_712' title='bbox 1442 2085 1600 2132; x_wconf 37' lang='lat' dir='ltr'>anglorum</span> <span class='ocrx_word' id='word_1_713' title='bbox 1637 2084 1710 2129; x_wconf 68' lang='lat' dir='ltr'>Regi</span> <span class='ocrx_word' id='word_1_714' title='bbox 1736 2080 1873 2128; x_wconf 50' lang='lat' dir='ltr'>⁴saelate‘m</span> <span class='ocrx_word' id='word_1_715' title='bbox 1894 2087 1947 2120; x_wconf 64' lang='grc' dir='ltr'>’θ</span> <span class='ocrx_word' id='word_1_716' title='bbox 2060 2095 2062 2097; x_wconf 86' lang='grc'><strong>’</strong></span> 
     </span>
     <span class='ocr_line' id='line_1_102' title="bbox 1337 2131 1809 2173; baseline 0.008 -9"><span class='ocrx_word' id='word_1_717' title='bbox 1337 2131 1522 2173; x_wconf 65' lang='lat' dir='ltr'>apostolicam</span> <span class='ocrx_word' id='word_1_718' title='bbox 1548 2134 1788 2169; x_wconf 67' lang='lat' dir='ltr'>Benedimonem</span> <span class='ocrx_word' id='word_1_719' title='bbox 1802 2160 1809 2168; x_wconf 86' lang='lat'><em>.</em></span> 
     </span>
    </p>
   </div>
   <div class='ocr_carea' id='block_1_20' title="bbox 1102 2228 2054 2927">
    <p class='ocr_par' dir='ltr' id='par_1_22' title="bbox 1182 2228 2054 2331">
     <span class='ocr_line' id='line_1_103' title="bbox 1182 2228 2054 2277; baseline 0.01 -15"><span class='ocrx_word' id='word_1_720' title='bbox 1182 2228 1255 2264; x_wconf 86' lang='lat' dir='ltr'>TSI</span> <span class='ocrx_word' id='word_1_721' title='bbox 1277 2230 1359 2264; x_wconf 80' lang='lat' dir='ltr'>cirea</span> <span class='ocrx_word' id='word_1_722' title='bbox 1382 2235 1460 2272; x_wconf 80' lang='lat' dir='ltr'>nos,</span> <span class='ocrx_word' id='word_1_723' title='bbox 1488 2232 1523 2266; x_wconf 73' lang='grc' dir='ltr'>ὅτ</span> <span class='ocrx_word' id='word_1_724' title='bbox 1542 2232 1684 2269; x_wconf 86' lang='lat' dir='ltr'>Matrem</span> <span class='ocrx_word' id='word_1_725' title='bbox 1708 2245 1803 2269; x_wconf 82' lang='lat' dir='ltr'>tuam</span> <span class='ocrx_word' id='word_1_726' title='bbox 1823 2261 1834 2277; x_wconf 91' lang='lat'>,</span> <span class='ocrx_word' id='word_1_727' title='bbox 1861 2234 2054 2273; x_wconf 19' lang='lat' dir='ltr'>Ecclesiam*</span> 
     </span>
     <span class='ocr_line' id='line_1_104' title="bbox 1210 2280 2048 2331; baseline 0.008 -18"><span class='ocrx_word' id='word_1_728' title='bbox 1210 2280 1464 2321; x_wconf 68' lang='lat' dir='ltr'>sacrosanstam,</span> <span class='ocrx_word' id='word_1_729' title='bbox 1490 2280 1599 2316; x_wconf 85' lang='lat' dir='ltr'>filialis</span> <span class='ocrx_word' id='word_1_730' title='bbox 1621 2284 1653 2317; x_wconf 90' lang='lat' dir='ltr'>in</span> <span class='ocrx_word' id='word_1_731' title='bbox 1676 2294 1710 2319; x_wconf 92' lang='lat' dir='ltr'>te</span> <span class='ocrx_word' id='word_1_732' title='bbox 1732 2283 1867 2321; x_wconf 85' lang='lat' dir='ltr'>devotio</span> <span class='ocrx_word' id='word_1_733' title='bbox 1886 2287 2048 2331; x_wconf 84' lang='lat' dir='ltr'>aliquate-</span> 
     </span>
    </p>

    <p class='ocr_par' dir='ltr' id='par_1_23' title="bbox 1102 2329 2048 2927">
     <span class='ocr_line' id='line_1_105' title="bbox 1104 2329 2048 2376; baseline 0.006 -13"><span class='ocrx_word' id='word_1_734' title='bbox 1104 2330 1165 2364; x_wconf 77' lang='lat' dir='ltr'>nus</span> <span class='ocrx_word' id='word_1_735' title='bbox 1175 2329 1320 2364; x_wconf 81' lang='lat' dir='ltr'>videatur</span> <span class='ocrx_word' id='word_1_736' title='bbox 1329 2331 1484 2374; x_wconf 61' lang='lat' dir='ltr'>tepuisse,</span> <span class='ocrx_word' id='word_1_737' title='bbox 1510 2342 1682 2376; x_wconf 85' lang='lat' dir='ltr'>paternum</span> <span class='ocrx_word' id='word_1_738' title='bbox 1691 2345 1801 2369; x_wconf 82' lang='lat' dir='ltr'>tamen</span> <span class='ocrx_word' id='word_1_739' title='bbox 1824 2337 1970 2371; x_wconf 68' lang='lat' dir='ltr'>affictum</span> <span class='ocrx_word' id='word_1_740' title='bbox 1991 2337 2048 2370; x_wconf 89' lang='lat' dir='ltr'>cir-</span> 
     </span>
     <span class='ocr_line' id='line_1_106' title="bbox 1102 2378 2044 2427; baseline 0.006 -14"><span class='ocrx_word' id='word_1_741' title='bbox 1102 2391 1140 2413; x_wconf 87' lang='lat' dir='ltr'>ca</span> <span class='ocrx_word' id='word_1_742' title='bbox 1160 2390 1213 2422; x_wconf 87' lang='lat' dir='ltr'>te,</span> <span class='ocrx_word' id='word_1_743' title='bbox 1239 2378 1290 2414; x_wconf 84' lang='lat' dir='ltr'>vel</span> <span class='ocrx_word' id='word_1_744' title='bbox 1314 2379 1469 2427; x_wconf 68' lang='lat' dir='ltr'>Regnum</span> <span class='ocrx_word' id='word_1_745' title='bbox 1491 2391 1553 2415; x_wconf 82' lang='lat' dir='ltr'>tuae</span> <span class='ocrx_word' id='word_1_746' title='bbox 1573 2382 1803 2427; x_wconf 84' lang='lat' dir='ltr'>gubernationi</span> <span class='ocrx_word' id='word_1_747' title='bbox 1839 2387 2044 2419; x_wconf 74' lang='lat' dir='ltr'>commissum</span> 
     </span>
     <span class='ocr_line' id='line_1_107' title="bbox 1106 2430 2048 2478; baseline 0.006 -15"><span class='ocrx_word' id='word_1_748' title='bbox 1106 2430 1200 2464; x_wconf 90' lang='lat' dir='ltr'>nullo</span> <span class='ocrx_word' id='word_1_749' title='bbox 1222 2439 1368 2474; x_wconf 88' lang='lat' dir='ltr'>tempore</span> <span class='ocrx_word' id='word_1_750' title='bbox 1388 2431 1587 2466; x_wconf 74' lang='lat' dir='ltr'>destruimus</span> <span class='ocrx_word' id='word_1_751' title='bbox 1607 2458 1614 2465; x_wconf 90' lang='lat'><strong><em>.</em></strong></span> <span class='ocrx_word' id='word_1_752' title='bbox 1643 2435 1721 2468; x_wconf 88' lang='lat' dir='ltr'>Tua</span> <span class='ocrx_word' id='word_1_753' title='bbox 1748 2432 1827 2478; x_wconf 74' lang='lat' dir='ltr'>ergo</span> <span class='ocrx_word' id='word_1_754' title='bbox 1844 2434 2005 2468; x_wconf 79' lang='lat' dir='ltr'>serenitas</span> <span class='ocrx_word' id='word_1_755' title='bbox 2037 2461 2048 2475; x_wconf 89' lang='lat'>,</span> 
     </span>
     <span class='ocr_line' id='line_1_108' title="bbox 1104 2478 2044 2527; baseline 0.005 -14"><span class='ocrx_word' id='word_1_756' title='bbox 1104 2478 1193 2524; x_wconf 70' lang='lat' dir='ltr'>quod</span> <span class='ocrx_word' id='word_1_757' title='bbox 1216 2479 1328 2515; x_wconf 85' lang='lat' dir='ltr'>Amici</span> <span class='ocrx_word' id='word_1_758' title='bbox 1350 2480 1630 2525; x_wconf 78' lang='lat' dir='ltr'>verbera-&#39;potiora</span> <span class='ocrx_word' id='word_1_759' title='bbox 1657 2482 1753 2527; x_wconf 70' lang='lat' dir='ltr'>quam</span> <span class='ocrx_word' id='word_1_760' title='bbox 1781 2485 1906 2518; x_wconf 87' lang='lat' dir='ltr'>inimici</span> <span class='ocrx_word' id='word_1_761' title='bbox 1931 2485 2044 2518; x_wconf 84' lang='lat' dir='ltr'>oscula</span> 
     </span>
     <span class='ocr_line' id='line_1_109' title="bbox 1104 2530 2046 2575; baseline 0.003 -10"><span class='ocrx_word' id='word_1_762' title='bbox 1104 2530 1266 2570; x_wconf 82' lang='lat' dir='ltr'>existant,</span> <span class='ocrx_word' id='word_1_763' title='bbox 1291 2530 1467 2575; x_wconf 87' lang='lat' dir='ltr'>diligenter</span> <span class='ocrx_word' id='word_1_764' title='bbox 1482 2531 1655 2565; x_wconf 53' lang='lat' dir='ltr'>‘advertens</span> <span class='ocrx_word' id='word_1_765' title='bbox 1675 2557 1686 2572; x_wconf 96' lang='lat'>,</span> <span class='ocrx_word' id='word_1_766' title='bbox 1722 2533 1903 2568; x_wconf 88' lang='lat' dir='ltr'>confideres</span> <span class='ocrx_word' id='word_1_767' title='bbox 1925 2533 2046 2568; x_wconf 89' lang='lat' dir='ltr'>studio-</span> 
     </span>
     <span class='ocr_line' id='line_1_110' title="bbox 1105 2580 2048 2624; baseline 0.005 -11"><span class='ocrx_word' id='word_1_768' title='bbox 1105 2580 1209 2615; x_wconf 67' lang='lat' dir='ltr'>fias&amp;</span> <span class='ocrx_word' id='word_1_769' title='bbox 1221 2581 1391 2621; x_wconf 76' lang='lat' dir='ltr'>attendas,</span> <span class='ocrx_word' id='word_1_770' title='bbox 1418 2580 1508 2624; x_wconf 78' lang='lat' dir='ltr'>quod</span> <span class='ocrx_word' id='word_1_771' title='bbox 1519 2581 1597 2615; x_wconf 85' lang='lat' dir='ltr'>ficut</span> <span class='ocrx_word' id='word_1_772' title='bbox 1620 2580 1771 2617; x_wconf 70' lang='lat' dir='ltr'>Clericia</span> <span class='ocrx_word' id='word_1_773' title='bbox 1794 2584 1871 2617; x_wconf 84' lang='lat' dir='ltr'>viris</span> <span class='ocrx_word' id='word_1_774' title='bbox 1893 2585 2048 2618; x_wconf 87' lang='lat' dir='ltr'>saeculari-</span> 
     </span>
     <span class='ocr_line' id='line_1_111' title="bbox 1106 2629 2046 2675; baseline 0.002 -10"><span class='ocrx_word' id='word_1_775' title='bbox 1106 2630 1165 2665; x_wconf 88' lang='lat' dir='ltr'>bus</span> <span class='ocrx_word' id='word_1_776' title='bbox 1174 2629 1407 2664; x_wconf 85' lang='lat' dir='ltr'>vita&amp;habitu</span> <span class='ocrx_word' id='word_1_777' title='bbox 1427 2629 1696 2675; x_wconf 86' lang='lat' dir='ltr'>distinguuntur,</span> <span class='ocrx_word' id='word_1_778' title='bbox 1724 2631 1768 2666; x_wconf 75' lang='lat' dir='ltr'>ita</span> <span class='ocrx_word' id='word_1_779' title='bbox 1790 2633 1823 2666; x_wconf 78' lang='grc' dir='ltr'>ἀ</span> <span class='ocrx_word' id='word_1_780' title='bbox 1840 2632 1960 2675; x_wconf 85' lang='lat' dir='ltr'>judicia</span> <span class='ocrx_word' id='word_1_781' title='bbox 1972 2634 2046 2668; x_wconf 88' lang='lat' dir='ltr'>Cle-</span> 
     </span>
     <span class='ocr_line' id='line_1_112' title="bbox 1106 2678 2045 2727; baseline 0.004 -13"><span class='ocrx_word' id='word_1_782' title='bbox 1106 2681 1244 2714; x_wconf 81' lang='lat' dir='ltr'>ricorurn</span> <span class='ocrx_word' id='word_1_783' title='bbox 1256 2678 1600 2722; x_wconf 74' lang='lat' dir='ltr'>aLaicorurnjudiciis</span> <span class='ocrx_word' id='word_1_784' title='bbox 1616 2678 1738 2716; x_wconf 86' lang='lat' dir='ltr'>diversa</span> <span class='ocrx_word' id='word_1_785' title='bbox 1762 2682 1872 2725; x_wconf 76' lang='lat' dir='ltr'>potius</span> <span class='ocrx_word' id='word_1_786' title='bbox 1891 2694 2045 2727; x_wconf 85' lang='lat' dir='ltr'>compro·-</span> 
     </span>
     <span class='ocr_line' id='line_1_113' title="bbox 1107 2728 2042 2776; baseline 0.004 -12"><span class='ocrx_word' id='word_1_787' title='bbox 1107 2729 1241 2764; x_wconf 82' lang='lat' dir='ltr'>bantur.</span> <span class='ocrx_word' id='word_1_788' title='bbox 1268 2728 1380 2776; x_wconf 74' lang='lat' dir='ltr'>Qare</span> <span class='ocrx_word' id='word_1_789' title='bbox 1403 2729 1423 2761; x_wconf 83' lang='lat' dir='ltr'>fi</span> <span class='ocrx_word' id='word_1_790' title='bbox 1448 2737 1522 2766; x_wconf 88' lang='lat' dir='ltr'>eum</span> <span class='ocrx_word' id='word_1_791' title='bbox 1546 2730 1716 2772; x_wconf 86' lang='lat' dir='ltr'>ordinem,</span> <span class='ocrx_word' id='word_1_792' title='bbox 1743 2731 1832 2775; x_wconf 88' lang='lat' dir='ltr'>quod</span> <span class='ocrx_word' id='word_1_793' title='bbox 1844 2745 1910 2767; x_wconf 85' lang='lat' dir='ltr'>non</span> <span class='ocrx_word' id='word_1_794' title='bbox 1924 2734 2014 2768; x_wconf 87' lang='lat' dir='ltr'>decet</span> <span class='ocrx_word' id='word_1_795' title='bbox 2032 2758 2042 2773; x_wconf 94' lang='lat'>‚</span> 
     </span>
     <span class='ocr_line' id='line_1_114' title="bbox 1107 2778 2044 2826; baseline 0.005 -13"><span class='ocrx_word' id='word_1_796' title='bbox 1107 2791 1284 2824; x_wconf 73' lang='lat' dir='ltr'>pervertas,</span> <span class='ocrx_word' id='word_1_797' title='bbox 1310 2779 1341 2811; x_wconf 79' lang='grc' dir='ltr'>δε</span> <span class='ocrx_word' id='word_1_798' title='bbox 1364 2789 1434 2822; x_wconf 74' lang='lat' dir='ltr'>quae</span> <span class='ocrx_word' id='word_1_799' title='bbox 1454 2778 1682 2822; x_wconf 75' lang='lat' dir='ltr'>Iesu-Christi</span> <span class='ocrx_word' id='word_1_800' title='bbox 1709 2782 1782 2816; x_wconf 80' lang='lat' dir='ltr'>sunt</span> <span class='ocrx_word' id='word_1_801' title='bbox 1806 2791 1866 2817; x_wconf 80' lang='lat' dir='ltr'>tuae</span> <span class='ocrx_word' id='word_1_802' title='bbox 1888 2784 2044 2826; x_wconf 82' lang='lat' dir='ltr'>potestati</span> 
     </span>
     <span class='ocr_line' id='line_1_115' title="bbox 1107 2829 2044 2878; baseline 0.003 -13"><span class='ocrx_word' id='word_1_803' title='bbox 1107 2831 1283 2872; x_wconf 88' lang='lat' dir='ltr'>usurpans,</span> <span class='ocrx_word' id='word_1_804' title='bbox 1312 2839 1411 2862; x_wconf 90' lang='lat' dir='ltr'>novas</span> <span class='ocrx_word' id='word_1_805' title='bbox 1432 2829 1539 2878; x_wconf 81' lang='lat' dir='ltr'>Leges</span> <span class='ocrx_word' id='word_1_806' title='bbox 1559 2831 1599 2864; x_wconf 85' lang='lat' dir='ltr'>ad</span> <span class='ocrx_word' id='word_1_807' title='bbox 1625 2829 1840 2869; x_wconf 83' lang='lat' dir='ltr'>Ecclefiarum</span> <span class='ocrx_word' id='word_1_808' title='bbox 1865 2834 2044 2877; x_wconf 74' lang='lat' dir='ltr'>oppressio-</span> 
     </span>
     <span class='ocr_line' id='line_1_116' title="bbox 1109 2876 2045 2927; baseline 0.003 -14"><span class='ocrx_word' id='word_1_809' title='bbox 1109 2891 1202 2922; x_wconf 84' lang='lat' dir='ltr'>nem,</span> <span class='ocrx_word' id='word_1_810' title='bbox 1231 2878 1264 2911; x_wconf 78' lang='grc' dir='ltr'>δε</span> <span class='ocrx_word' id='word_1_811' title='bbox 1286 2876 1410 2912; x_wconf 85' lang='lat' dir='ltr'>Christi</span> <span class='ocrx_word' id='word_1_812' title='bbox 1434 2886 1611 2923; x_wconf 81' lang='lat' dir='ltr'>pauperum</span> <span class='ocrx_word' id='word_1_813' title='bbox 1629 2906 1639 2922; x_wconf 91' lang='lat'><em>‚</em></span> <span class='ocrx_word' id='word_1_814' title='bbox 1674 2888 1736 2925; x_wconf 81' lang='lat' dir='ltr'>&#39;pro</span> <span class='ocrx_word' id='word_1_815' title='bbox 1760 2891 1819 2917; x_wconf 88' lang='lat' dir='ltr'>tuo</span> <span class='ocrx_word' id='word_1_816' title='bbox 1841 2882 2045 2927; x_wconf 89' lang='lat' dir='ltr'>beneplacito</span> 
     </span>
    </p>
   </div>
   <div class='ocr_carea' id='block_1_21' title="bbox 1081 2927 2044 2977">
    <p class='ocr_par' dir='ltr' id='par_1_24' title="bbox 1081 2927 2044 2977">
     <span class='ocr_line' id='line_1_117' title="bbox 1081 2927 2044 2977; baseline 0.005 -16"><span class='ocrx_word' id='word_1_817' title='bbox 1081 2964 1086 2969; x_wconf 62' lang='grc'><strong><em>,</em></strong></span> <span class='ocrx_word' id='word_1_818' title='bbox 1107 2931 1244 2970; x_wconf 86' lang='lat' dir='ltr'>condas,</span> <span class='ocrx_word' id='word_1_819' title='bbox 1269 2927 1648 2971; x_wconf 88' lang='lat' dir='ltr'>consuetudinesetiam,</span> <span class='ocrx_word' id='word_1_820' title='bbox 1675 2943 1753 2977; x_wconf 81' lang='lat' dir='ltr'>quas</span> <span class='ocrx_word' id='word_1_821' title='bbox 1776 2931 1894 2968; x_wconf 86' lang='lat' dir='ltr'>Avitas</span> <span class='ocrx_word' id='word_1_822' title='bbox 1914 2945 2009 2968; x_wconf 79' lang='lat' dir='ltr'>vocas</span> <span class='ocrx_word' id='word_1_823' title='bbox 2034 2956 2044 2971; x_wconf 95' lang='lat'>‚</span> 
     </span>
    </p>
   </div>
   <div class='ocr_carea' id='block_1_22' title="bbox 1109 2978 2045 3024">
    <p class='ocr_par' dir='ltr' id='par_1_25' title="bbox 1109 2978 2045 3024">
     <span class='ocr_line' id='line_1_118' title="bbox 1109 2978 2045 3024; baseline 0.003 -11"><span class='ocrx_word' id='word_1_824' title='bbox 1109 2979 1243 3014; x_wconf 89' lang='lat' dir='ltr'>inducas</span> <span class='ocrx_word' id='word_1_825' title='bbox 1254 3002 1264 3018; x_wconf 89' lang='lat'>‚</span> <span class='ocrx_word' id='word_1_826' title='bbox 1291 2989 1326 3012; x_wconf 91' lang='lat' dir='ltr'>tu</span> <span class='ocrx_word' id='word_1_827' title='bbox 1341 2978 1407 3022; x_wconf 79' lang='lat' dir='ltr'>ipse</span> <span class='ocrx_word' id='word_1_828' title='bbox 1417 2979 1640 3024; x_wconf 80' lang='lat' dir='ltr'>proculdubio</span> <span class='ocrx_word' id='word_1_829' title='bbox 1653 2982 1687 3014; x_wconf 91' lang='lat' dir='ltr'>in</span> <span class='ocrx_word' id='word_1_830' title='bbox 1710 2992 1858 3018; x_wconf 85' lang='lat' dir='ltr'>extremo</span> <span class='ocrx_word' id='word_1_831' title='bbox 1871 2984 2022 3017; x_wconf 83' lang='lat' dir='ltr'>examine</span> <span class='ocrx_word' id='word_1_832' title='bbox 2035 3007 2045 3023; x_wconf 89' lang='lat'>‚</span> 
     </span>
    </p>
   </div>
   <div class='ocr_carea' id='block_1_23' title="bbox 1109 3029 2059 3522">
    <p class='ocr_par' dir='ltr' id='par_1_26' title="bbox 1109 3029 2059 3522">
     <span class='ocr_line' id='line_1_119' title="bbox 1109 3029 2044 3076; baseline 0.004 -13"><span class='ocrx_word' id='word_1_833' title='bbox 1109 3029 1197 3074; x_wconf 90' lang='lat' dir='ltr'>quod</span> <span class='ocrx_word' id='word_1_834' title='bbox 1210 3029 1351 3073; x_wconf 82' lang='lat' dir='ltr'>effugere</span> <span class='ocrx_word' id='word_1_835' title='bbox 1363 3041 1430 3063; x_wconf 89' lang='lat' dir='ltr'>non</span> <span class='ocrx_word' id='word_1_836' title='bbox 1448 3029 1588 3073; x_wconf 80' lang='lat' dir='ltr'>poteris,</span> <span class='ocrx_word' id='word_1_837' title='bbox 1611 3030 1712 3065; x_wconf 88' lang='lat' dir='ltr'>modo</span> <span class='ocrx_word' id='word_1_838' title='bbox 1736 3033 1898 3067; x_wconf 79' lang='lat' dir='ltr'>consimili</span> <span class='ocrx_word' id='word_1_839' title='bbox 1924 3033 2044 3076; x_wconf 82' lang='lat' dir='ltr'>judica-</span> 
     </span>
     <span class='ocr_line' id='line_1_120' title="bbox 1109 3078 2043 3123; baseline 0.003 -10"><span class='ocrx_word' id='word_1_840' title='bbox 1109 3079 1211 3118; x_wconf 80' lang='lat' dir='ltr'>beris,</span> <span class='ocrx_word' id='word_1_841' title='bbox 1235 3078 1389 3112; x_wconf 84' lang='lat' dir='ltr'>&amp;eadem</span> <span class='ocrx_word' id='word_1_842' title='bbox 1410 3081 1576 3118; x_wconf 86' lang='lat' dir='ltr'>mensura,</span> <span class='ocrx_word' id='word_1_843' title='bbox 1603 3091 1666 3123; x_wconf 84' lang='lat' dir='ltr'>qua</span> <span class='ocrx_word' id='word_1_844' title='bbox 1691 3084 1820 3116; x_wconf 90' lang='lat' dir='ltr'>mensus</span> <span class='ocrx_word' id='word_1_845' title='bbox 1840 3083 1947 3117; x_wconf 73' lang='lat' dir='ltr'>fueris</span> <span class='ocrx_word' id='word_1_846' title='bbox 1962 3106 1972 3123; x_wconf 88' lang='lat'>‚</span> <span class='ocrx_word' id='word_1_847' title='bbox 2000 3093 2043 3116; x_wconf 87' lang='lat' dir='ltr'>re-</span> 
     </span>
     <span class='ocr_line' id='line_1_121' title="bbox 1110 3127 2053 3177; baseline 0 -14"><span class='ocrx_word' id='word_1_848' title='bbox 1110 3129 1262 3163; x_wconf 87' lang='lat' dir='ltr'>metietur</span> <span class='ocrx_word' id='word_1_849' title='bbox 1281 3128 1339 3163; x_wconf 90' lang='lat' dir='ltr'>tibi</span> <span class='ocrx_word' id='word_1_850' title='bbox 1363 3154 1370 3161; x_wconf 89' lang='lat'><strong>.</strong></span> <span class='ocrx_word' id='word_1_851' title='bbox 1407 3127 1532 3163; x_wconf 76' lang='lat' dir='ltr'>Verum</span> <span class='ocrx_word' id='word_1_852' title='bbox 1561 3129 1601 3163; x_wconf 77' lang='lat' dir='ltr'>ne</span> <span class='ocrx_word' id='word_1_853' title='bbox 1620 3132 1902 3167; x_wconf 80' lang='lat' dir='ltr'>commonitiones</span> <span class='ocrx_word' id='word_1_854' title='bbox 1925 3131 2053 3177; x_wconf 38' lang='lat' dir='ltr'>nostraef</span> 
     </span>
     <span class='ocr_line' id='line_1_122' title="bbox 1112 3178 2044 3225; baseline 0.004 -12"><span class='ocrx_word' id='word_1_855' title='bbox 1112 3178 1681 3214; x_wconf 76' lang='lat' dir='ltr'>Excellentiaetuaeauribustaediosae</span> <span class='ocrx_word' id='word_1_856' title='bbox 1703 3183 1753 3215; x_wconf 86' lang='lat' dir='ltr'>vel</span> <span class='ocrx_word' id='word_1_857' title='bbox 1781 3180 1893 3225; x_wconf 72' lang='lat' dir='ltr'>asperat</span> <span class='ocrx_word' id='word_1_858' title='bbox 1914 3179 2044 3217; x_wconf 63' lang='lat' dir='ltr'>videm</span> 
     </span>
     <span class='ocr_line' id='line_1_123' title="bbox 1111 3229 2059 3279; baseline -0.004 -16"><span class='ocrx_word' id='word_1_859' title='bbox 1111 3241 1184 3269; x_wconf 83' lang='lat' dir='ltr'>tur,</span> <span class='ocrx_word' id='word_1_860' title='bbox 1211 3229 1365 3272; x_wconf 86' lang='lat' dir='ltr'>scripturn</span> <span class='ocrx_word' id='word_1_861' title='bbox 1378 3229 1550 3273; x_wconf 81' lang='lat' dir='ltr'>recollige:</span> <span class='ocrx_word' id='word_1_862' title='bbox 1579 3231 1663 3273; x_wconf 68' lang='lat' dir='ltr'>‚Quia</span> <span class='ocrx_word' id='word_1_863' title='bbox 1673 3230 1807 3272; x_wconf 74' lang='lat' dir='ltr'>Fllium,</span> <span class='ocrx_word' id='word_1_864' title='bbox 1832 3241 1917 3278; x_wconf 81' lang='lat' dir='ltr'>quem</span> <span class='ocrx_word' id='word_1_865' title='bbox 1929 3230 2059 3279; x_wconf 29' lang='lat' dir='ltr'>diligit&amp;</span> 
     </span>
     <span class='ocr_line' id='line_1_124' title="bbox 1114 3275 2045 3325; baseline 0 -14"><span class='ocrx_word' id='word_1_866' title='bbox 1114 3282 1203 3311; x_wconf 82' lang='lat' dir='ltr'>Pater</span> <span class='ocrx_word' id='word_1_867' title='bbox 1223 3284 1361 3320; x_wconf 75' lang='lat' dir='ltr'>corrlplt.</span> <span class='ocrx_word' id='word_1_868' title='bbox 1390 3276 1456 3310; x_wconf 85' lang='lat' dir='ltr'>Pro</span> <span class='ocrx_word' id='word_1_869' title='bbox 1471 3289 1567 3313; x_wconf 58' lang='lat' dir='ltr'>&lt;certo</span> <span class='ocrx_word' id='word_1_870' title='bbox 1589 3282 1791 3325; x_wconf 85' lang='lat' dir='ltr'>cognoscens</span> <span class='ocrx_word' id='word_1_871' title='bbox 1807 3304 1817 3320; x_wconf 89' lang='lat'>,</span> <span class='ocrx_word' id='word_1_872' title='bbox 1848 3280 1923 3322; x_wconf 89' lang='lat' dir='ltr'>quia</span> <span class='ocrx_word' id='word_1_873' title='bbox 1941 3275 2045 3320; x_wconf 65' lang='lat' dir='ltr'>quan‘-</span> 
     </span>
     <span class='ocr_line' id='line_1_125' title="bbox 1113 3327 2044 3377; baseline 0 -16"><span class='ocrx_word' id='word_1_874' title='bbox 1113 3327 1148 3361; x_wconf 76' lang='lat' dir='ltr'>to</span> <span class='ocrx_word' id='word_1_875' title='bbox 1180 3329 1346 3377; x_wconf 85' lang='lat' dir='ltr'>personam</span> <span class='ocrx_word' id='word_1_876' title='bbox 1377 3337 1466 3361; x_wconf 87' lang='lat' dir='ltr'>tuam</span> <span class='ocrx_word' id='word_1_877' title='bbox 1489 3328 1666 3363; x_wconf 84' lang='lat' dir='ltr'>ardentiori</span> <span class='ocrx_word' id='word_1_878' title='bbox 1698 3328 1852 3363; x_wconf 86' lang='lat' dir='ltr'>charitate</span> <span class='ocrx_word' id='word_1_879' title='bbox 1870 3328 1905 3361; x_wconf 90' lang='lat' dir='ltr'>in</span> <span class='ocrx_word' id='word_1_880' title='bbox 1929 3327 2044 3362; x_wconf 86' lang='lat' dir='ltr'>Domi-</span> 
     </span>
     <span class='ocr_line' id='line_1_126' title="bbox 1115 3377 2043 3422; baseline -0.001 -11"><span class='ocrx_word' id='word_1_881' title='bbox 1115 3390 1160 3411; x_wconf 89' lang='lat' dir='ltr'>no</span> <span class='ocrx_word' id='word_1_882' title='bbox 1196 3377 1365 3422; x_wconf 87' lang='lat' dir='ltr'>diligimus</span> <span class='ocrx_word' id='word_1_883' title='bbox 1397 3401 1409 3417; x_wconf 84' lang='lat'>‚</span> <span class='ocrx_word' id='word_1_884' title='bbox 1443 3378 1475 3411; x_wconf 87' lang='lat'>&amp;</span> <span class='ocrx_word' id='word_1_885' title='bbox 1510 3378 1718 3412; x_wconf 76' lang='lat' dir='ltr'>linceriffimae</span> <span class='ocrx_word' id='word_1_886' title='bbox 1754 3388 1816 3412; x_wconf 80' lang='lat' dir='ltr'>tuae</span> <span class='ocrx_word' id='word_1_887' title='bbox 1854 3378 2043 3412; x_wconf 85' lang='lat' dir='ltr'>devotionis</span> 
     </span>
     <span class='ocr_line' id='line_1_127' title="bbox 1116 3426 2048 3472; baseline -0.002 -11"><span class='ocrx_word' id='word_1_888' title='bbox 1116 3427 1252 3472; x_wconf 73' lang='lat' dir='ltr'>insignia</span> <span class='ocrx_word' id='word_1_889' title='bbox 1271 3451 1282 3468; x_wconf 85' lang='lat'>,</span> <span class='ocrx_word' id='word_1_890' title='bbox 1319 3426 1415 3461; x_wconf 89' lang='lat' dir='ltr'>nobis</span> <span class='ocrx_word' id='word_1_891' title='bbox 1445 3426 1479 3461; x_wconf 86' lang='lat'>&amp;</span> <span class='ocrx_word' id='word_1_892' title='bbox 1503 3427 1649 3462; x_wconf 79' lang='lat' dir='ltr'>Ecclefiae</span> <span class='ocrx_word' id='word_1_893' title='bbox 1675 3426 1739 3461; x_wconf 88' lang='lat' dir='ltr'>Dei</span> <span class='ocrx_word' id='word_1_894' title='bbox 1763 3427 1989 3472; x_wconf 72' lang='lat' dir='ltr'>multipliciter</span> <span class='ocrx_word' id='word_1_895' title='bbox 2012 3427 2048 3460; x_wconf 72' lang='grc' dir='ltr'>δι</span> 
     </span>
     <span class='ocr_line' id='line_1_128' title="bbox 1573 3477 2003 3522; baseline 0.002 -13"><span class='ocrx_word' id='word_1_896' title='bbox 1573 3477 1609 3509; x_wconf 78' lang='grc' dir='ltr'>Η</span> <span class='ocrx_word' id='word_1_897' title='bbox 1658 3487 1682 3512; x_wconf 85' lang='lat'><em>2</em></span> <span class='ocrx_word' id='word_1_898' title='bbox 1878 3477 2003 3522; x_wconf 85' lang='lat' dir='ltr'>magni·</span> 
     </span>
    </p>
   </div>
  </div>
 </body>
</html>
