2358 3776
352 145 394 191 s.
465 133 845 188 THOMAE
914 125 1865 194 CANTUARIENSKIS,

261 244 677 317 ‚capue
738 271 813 307 111.

274 380 426 428 ,Quomodo
451 374 649 412 Cancellarius
673 371 774 415 fabius
800 371 853 412 ost.

302 472 823 514 W1.·1,:HELMUS.

153 526 458 569 UCCEDENTE
484 526 595 566 itaque
607 523 676 567 post
692 505 1025 557 modicumssienrico
1040 545 1050 561 ,

84 533 140 619 S
167 585 260 617 Duce
272 574 541 616 Nortrnanniae&
555 572 743 616 Aquitaniae
757 595 768 613 ,
796 570 1051 621 Stephano'iisn-

82 635 211 678 glorum
224 630 305 674 Regi
328 628 360 661 in
384 626 539 670 Regnum
553 647 563 663 ‚
586 623 788 658 elaboratum
801 622 845 656 est
866 621 907 656 ab
930 620 1052 656 antedi-

83 685 137 718 ‹sto
162 681 288 717 Archi·
303 676 490 720 Episcopo,
517 674 691 718 suspectam
720 671 862 707 habente
883 672 964 718 novi
987 672 1050 705 Re·

83 732 134 778 gis
155 728 403 766 adolescentiam
418 750 428 765 ,
454 736 551 768 quam
570 734 742 767 pravorum
767 721 943 756 hominum
966 733 1052 756 con-
1093 757 1096 765 ,

84 782 150 819 iilia
158 788 336 823 pervertere
346 775 565 810 moliebantur
577 798 588 814 ,
614 785 649 808 ut
663 771 766 807 Archi
776 790 786 798 ·
798 772 1053 819 Diaconusffsuus

85 832 262 866 efficeretur
283 827 385 872 Regis
408 824 614 860 Collateralis
634 824 668 858 ὅ(
691 822 913 858 Cancellarius
926 845 936 861 ‚
961 820 1052 869 cujus

85 891 146 924 ope
165 880 198 913 &
219 888 316 923 opera
340 875 418 911 novi
445 875 569 919 Regis,
597 885 638 908 ne
662 873 782 908 saeviret
805 873 840 906 in
865 872 1055 911 Ecclesiam,
1116 880 1120 883 ’

83 932 242 973 impetum
263 925 450 966 cohiberet,
477 925 509 959 δι
531 924 657 958 consilii
671 925 718 957 sui
742 931 932 966 temperaret
965 921 1055 955 mali-

84 980 189 1020 tiam,
213 979 246 1012 &
268 976 453 1021 reprimeret
473 975 640 1010 audaciam
662 973 866 1008 Officialium
880 997 890 1012 ,
919 973 976 1016 qui
998 971 1055 1004 sub

85 1029 226 1065 obtentu
245 1027 380 1072 publicae
401 1025 595 1063 Potestatis,
624 1025 655 1059 ὅτ
679 1032 828 1067 praetextu
857 1024 1054 1066 juris‚'tam

85 1077 235 1115 Ecclesiae
256 1088 353 1123 quam
377 1075 636 1110 provincialium
650 1074 820 1109 facultates
832 1073 970 1117 diripere
979 1083 1054 1106 con-

84 1128 282 1174 spiraverant
307 1152 314 1160 .
350 1124 512 1161 Cernebat
546 1125 665 1169 quippe
687 1123 843 1172 Pontifex
865 1123 1017 1166 juvenem
1045 1145 1055 1161 ,

88 1179 182 1222 eujus
205 1189 312 1212 mores
332 1178 365 1211 δε
387 1175 577 1211 industriam
599 1175 632 1207 in
647 1175 741 1208 variis
759 1173 825 1217 jam
848 1183 953 1207 rerum
964 1183 1056 1206 even-

88 1228 177 1264 tibus
199 1237 348 1271 expertus
365 1227 468 1260 fuerat
482 1249 492 1265 ,
519 1225 552 1258 in
565 1225 700 1268 agendis
714 1224 876 1258 strenuum
890 1248 901 1263 ‚
931 1223 965 1256 in
980 1233 1056 1255 con-

88 1279 166 1313 filiis
185 1276 287 1311 fidum
301 1301 312 1317 ,
333 1275 366 1308 in
387 1274 495 1310 dubiis
515 1275 662 1308 securum
676 1299 687 1315 ,
715 1275 748 1308 in
771 1273 905 1307 adversis
930 1283 1058 1317 magna-

89 1328 242 1367 nimum,
267 1328 300 1361 in
323 1336 478 1369 apparatu
491 1325 728 1370 magnificum,
754 1324 788 1357 in
802 1322 972 1367 largiendo
992 1333 1060 1356 mu·

90 1378 226 1412 nificum
250 1401 261 1417 ‚
296 1376 336 1410 ad
349 1376 432 1419 ‚jussa
456 1386 643 1420 promptum
662 1399 674 1415 ,
711 1374 748 1408 in
783 1372 942 1417 obsequio
972 1373 1062 1406 sedu-

89 1429 183 1467 lum,
208 1427 356 1461 inomni
378 1426 520 1468 denique
540 1435 637 1469 opere
665 1423 834 1469 providum
870 1424 903 1457 δι
923 1423 1060 1457 circum-

91 1478 253 1522 speffii'm.
283 1474 389 1512 Unde
413 1477 445 1511 &
474 1475 573 1510 talem
595 1475 683 1509 Aula
711 1475 850 1520 dignum
874 1498 884 1514 ‚
909 1473 943 1506 δε
966 1472 1063 1507 Aulae

90 1537 220 1573 gratum
240 1526 406 1566 futurum,
434 1538 495 1561 nec
522 1524 711 1565 immerito,
737 1523 970 1563 arbitrabatur,
998 1525 1063 1567 spe·

91 1589 165 1612 rans
185 1576 305 1611 exinde
317 1574 532 1610 nihilominus
541 1586 582 1609 eo
603 1585 794 1618 procurante
807 1576 890 1609 inter
906 1573 1062 1618 Regnum

92 1629 127 1661 δε
145 1627 370 1662 Sacerdotium
404 1624 558 1666 ueinceps
588 1625 675 1666 pacis
705 1624 843 1667 gratiam
868 1624 901 1656 δε
931 1623 1064 1654 unitatis

95 1676 264 1710 vinculum
297 1675 422 1706 firmius
444 1673 603 1706 observari
618 1695 625 1703 .
665 1673 795 1715 Agente
818 1670 920 1714 igitur
940 1672 974 1704 δε
996 1682 1064 1712 pro·

97 1732 232 1759 curante
248 1720 581 1756 ‚Pontifici-‚Thomas
604 1719 727 1751 Aulam
739 1718 938 1761 ingreditur,
966 1717 1064 1751 &tria

49 1809 58 1813 a
96 1773 218 1809 buente
233 1768 510 1815 RegeOfficium
531 1765 739 1803 Cancellariae
750 1766 905 1810 suscepit.
1036 1771 1039 1774 ·
1060 1769 1062 1771 ’

305 1867 678 1905 CAPUT
772 1866 842 1902 1v.

289 1996 291 1998 v
332 1972 445 2016 ,Qualis
465 1970 530 2012 fuit
554 1975 587 2005 in
613 1947 842 2003 Cancellariar'

325 2073 373 2103 W
398 2071 414 2105 1
439 2069 469 2104 L
496 2070 534 2103 H
563 2069 592 2103 E
618 2070 648 2104 L
675 2069 715 2103 M
742 2067 782 2103 U
811 2068 850 2101 S.

96 2125 103 2131 '
213 2115 562 2156 RCHl-LEVITA
589 2120 691 2164 igitur
721 2118 843 2151 Aulam
877 2114 1034 2161 ingressus
1061 2138 1071 2154 ‚

230 2172 265 2206 ἀ
281 2173 315 2206 in
338 2170 426 2205 Aula
441 2195 451 2210 ,
478 2179 513 2203 ut
536 2170 679 2204 diximus
693 2193 704 2208 ,
731 2167 941 2201 Cancellariae
959 2166 1070 2199 officio

103 2221 306 2265 mancipatus
319 2245 330 2261 ,
356 2219 507 2255 Levitam
538 2231 596 2262 pro
617 2229 763 2261 tempore
781 2217 875 2250 exuit
895 2241 905 2257 ‚
933 2217 964 2250 ὃ(
986 2215 1070 2250 Can-

104 2270 271 2303 cellarium
283 2270 408 2303 induit.
436 2269 539 2313 Regis
552 2266 706 2311 fiquidem
727 2268 758 2301 se
777 2268 987 2300 conformans
1004 2277 1072 2299 mo-

103 2319 222 2360 ribus,
246 2321 366 2362 pariter
387 2319 485 2362 nugis
507 2318 557 2350 vel
579 2318 667 2351 seriis
689 2317 871 2354 intendere,
899 2317 1014 2360 pariter
1025 2327 1072 2349 ve—

106 2370 199 2409 nari,
224 2369 256 2402 ἀ
280 2367 365 2401 idem
390 2366 587 2410 prandendi,
614 2366 864 2410 dormiendique
882 2367 1071 2409 tempusob·

105 2419 225 2451 servare
250 2415 520 2462 satagebat.'=Ad
542 2416 607 2450 haec
628 2415 774 2451 Curiales
807 2416 935 2450 facetias
957 2415 1072 2458 ample-

105 2468 171 2508 sti,
191 2468 370 2501 'numerosa
403 2466 566 2501 Clientela
587 2465 727 2511 gaudere
753 2491 762 2506 ‚
797 2466 936 2511 gloriam
958 2478 1073 2509 quaere·

106 2528 141 2551 re
162 2517 324 2561 popularis
343 2528 426 2552 aurae
444 2541 455 2558 ,
492 2516 661 2550 fallacibus
684 2516 852 2550 delectari.
892 2516 1002 2556 Nam,
1039 2527 1074 2563 ut

105 2565 146 2601 de
171 2566 354 2611 supellediili
376 2577 499 2601 taceam
513 2591 524 2606 ‚
550 2567 657 2600 fraenis
679 2577 772 2600 utens
791 2567 972 2611 argenteis,
1009 2567 1075 2609 spu-

108 2618 217 2651 mosus
239 2616 445 2650 Thesaurum
467 2616 583 2659 lupatis
606 2615 781 2656 inferebat,
818 2617 943 2651 mensas
964 2617 995 2649 &
1017 2628 1075 2648 ex-

104 2668 220 2711 ·pensas
242 2667 414 2701 Comitum
437 2665 668 2704 antecedebat,
703 2675 740 2699 ut
769 2677 808 2699 ex
831 2666 932 2699 altero
966 2676 1077 2708 parum

107 2715 232 2751 Archi·
249 2717 391 2751 Diaconi
412 2715 569 2750 videretur
591 2714 751 2749 reminisci
766 2735 787 2756 ,-
803 2727 845 2749 ex
867 2716 967 2749 altero
981 2716 1076 2748 male-

109 2767 194 2802 ficiis
212 2777 374 2809 putaretur
399 2767 464 2799 uti.
492 2766 715 2799 Veruntamen
741 2765 816 2799 licet
836 2766 865 2798 ei
887 2765 1028 2799 mundus
1045 2766 1076 2798 in

109 2817 264 2851 omnibus
284 2817 458 2850 lenociniis
482 2817 545 2849 suis
565 2816 688 2849 adulari
711 2817 742 2848 ὅ(
776 2815 971 2859 applaudere
995 2815 1078 2856 vjde·

111 2877 216 2908 retur,
244 2878 350 2900 tamen
373 2866 461 2910 quod
486 2866 585 2899 rarius
606 2866 748 2899 accidere
771 2866 851 2899 solet
865 2890 875 2906 ,
902 2865 935 2898 in
948 2865 1078 2899 affluen-

112 2916 158 2949 tia
181 2928 282 2950 rerum
307 2917 472 2950 mirandus
494 2915 528 2949 δε
552 2915 727 2949 imitandus
748 2926 815 2949 erat
853 2917 998 2958 corporis
1031 2927 1079 2948 ca-

112 2967 242 3007 stitate,
268 2976 304 2999 ut
327 2966 504 3000 secundum
529 2967 705 2999 vanitatem
737 2966 769 2998 &
789 2966 969 2999 castitatem
1001 2965 1080 2999 deri-

112 3017 217 3049 sorem
241 3015 330 3050 Beati
342 3016 480 3050 Martini
497 3015 636 3050 Eritium
655 3015 816 3049 videretur
838 3015 1008 3050 exhibere.
1038 3015 1080 3048 Et

112 3066 191 3108 quia
207 3074 333 3108 tempus
355 3066 534 3105 admonet,
562 3065 642 3099 libet
667 3065 797 3099 interim
831 3066 919 3107 quod
940 3066 1081 3100 occurrit

113 3113 286 3157 expedire.
328 3114 404 3148 Erat
425 3116 459 3148 in
481 3115 571 3149 Villa
606 3116 775 3149 Stafordiae
807 3117 907 3157 usque
941 3115 1081 3160 Regales

116 3165 251 3198 delicias
273 3163 390 3196 mulier
412 3165 541 3206 pulchra
556 3189 566 3205 ,
593 3165 633 3198 ad
657 3176 754 3208 quam
780 3165 852 3198 Rex
873 3165 1079 3199 consuetudi-

115 3224 193 3248 nem
215 3211 360 3247 habuisse
381 3212 561 3248 dicebatur.
587 3215 670 3262 Qae
684 3239 694 3254 ‚
721 3215 795 3258 quia
821 3215 1029 3251 Cancellario
1051 3221 1083 3247 in

115 3263 191 3297 hunc
210 3264 299 3295 locum
327 3262 517 3297 adventanti
548 3263 654 3298 Xenia
686 3264 922 3300 transmittebat
939 3265 1014 3308 saepe
1043 3266 1083 3306 .&

116 3315 245 3352 multa,
269 3312 667 3355 aestimabarOppfflmus,
694 3314 749 3357 qui
773 3326 847 3349 eum
873 3314 1016 3358 hospitio
1031 3316 1081 3347 su-

116 3364 255 3406 sceperat
268 3385 278 3400 ,
305 3360 395 3405 quod
407 3363 524 3396 mulier
533 3373 607 3396 eum
631 3374 816 3405 provocaret
829 3365 869 3399 ad
882 3366 1080 3407 amplexum,

115 3421 302 3454 novumque
322 3410 380 3444 fibi
394 3421 573 3454 procuraret
585 3423 759 3448 amatorem
772 3439 781 3453 ,
811 3426 881 3458 quae
894 3414 993 3458 prope
1008 3426 1079 3447 con-

113 3470 268 3505 temptum
286 3485 296 3500 ‚
337 3461 445 3494 minus
471 3463 565 3496 solito
577 3462 741 3498 fruebatur
759 3475 868 3500 amore
886 3490 893 3497 .
934 3466 986 3500 De
1020 3476 1084 3509 quo

208 3509 320 3550 Christ.
344 3514 420 3553 Lupi
443 3516 540 3554 Opera
562 3515 638 3544 Tom.
667 3514 706 3545 Χ.

1983 143 2011 205 ‘3'

1106 220 1218 256 volens
1231 220 1395 261 certiorari
1408 245 1418 261 ‚
1445 221 1642 264 intempestae
1655 223 1760 265 noctis
1778 227 1926 270 silentio,
1954 230 2080 274 sumpta

1106 271 1259 311 lucerna,
1296 271 1380 305 clam
1405 272 1444 304 ad
1479 269 1615 315 hospitis
1637 273 1683 305 sui
1717 270 1903 313 cubiculum
1925 280 2081 324 ingressus

1107 321 1149 355 est
1166 346 1172 352 .
1202 321 1313 368 Qem
1338 321 1450 364 videns
1470 322 1669 363 immotum,
1696 324 1912 367 suspicabatur
1933 330 2023 373 qudd
2036 330 2078 363 ad

1107 383 1177 405 eam
1199 371 1368 405 tranfiffet.
1398 367 1739 406 Ec'extolienslumen
1766 375 1848 408 vidit
1868 380 2080 413 ante'leetum

1110 422 1214 455 virum
1236 421 1504 465 procumbentem

1109 481 1258 515 pertum,
1286 471 1342 515 qui
1362 470 1434 516 post
1448 468 1762 522 geniculationes&
1783 475 1960 514 Orationes
2067 489 2083 511 s

1109 522 1213 555 fuerat
1237 523 1270 555 in
1285 520 1454 556 somnum:
1485 523 1527 555 Et
1541 524 1659 557 facturn
1682 523 1744 564 est,
1775 534 1810 557 ut
1823 523 2013 570 Religioffis
2032 524 2083 561 in-

1110 573 1295 611 veniretur,
1323 573 1379 615 qui
1399 569 1587 606 luxuriosus
1614 572 1804 617 putabatur.
1835 574 1964 615 Forsan*
1980 576 2086 615 osten-

1110 622 1209 656 dente
1227 623 1378 656 Domino
1397 622 1607 656 temeritatem
1634 623 1776 657 nostram
1791 649 1801 664 ,
1827 627 1883 668 qui
1896 623 2083 668 facilejudi:

1111 683 1221 707 camus
1244 669 1438 713 hoininem,
1465 668 1641 722 nescientes
1662 673 1740 715 quid
1752 675 1787 708 fit
1809 675 1843 709 in
1869 671 2076 717 hoininje..„'„'

1542 447 1553 462 ‚
1593 421 1748 466 pedesque
1772 424 1817 467 &¹
1838 425 1985 480 tibiasld'
2003 442 2020 462 c

2070 708 2077 728 t

1264 778 1269 821 χ
1305 772 1365 806 -c
1416 771 1447 805 A
1482 755 1637 820 ⁹Pi²³Ut
1670 773 1711 808 T
1811 775 1853 809 V.

1215 860 1334 915 ,Quibies
1346 861 1488 925 cbftquic's
1512 877 1602 917 Regis
1620 880 1756 920 gratiam
1775 874 1814 918 fit
1839 876 1966 918 adeptus
1980 901 1987 908 .
2018 859 2029 922 ,s

1174 972 1208 1006 N
1235 971 1390 1006 omnibus
1411 983 1519 1023 autem
1542 974 1763 1014 lenocinantis
1797 975 1921 1010 Mundi
1956 963 2088 1010 blandiss

1189 1023 1328 1061 mentis,
1354 1023 1387 1056 ἀ
1411 1021 1632 1066 prosperitatis
1657 1025 1828 1074 arridentis
1853 1027 2095 1070 applausum&

1117 1083 1189 1106 mor
1210 1071 1364 1106 Thomas
1383 1071 1588 1107 conditionis
1611 1076 1690 1116 suae,
1715 1077 1749 1110 ἀ
1765 1071 1899 1111 honoris
1921 1076 1976 1122 fibi
1992 1079 2096 1121 impo-

1118 1124 1165 1156 siti
1180 1147 1190 1162 ,
1216 1120 1388 1166 quotidie,
1414 1122 1492 1157 hinc
1514 1135 1571 1166 pro
1596 1125 1794 1170 Dominisui
1813 1128 1914 1171 Regis
1937 1123 2039 1168 silure
2061 1127 2097 1168 ᾅε

1119 1172 1269 1212 honore,
1295 1172 1372 1205 i'nde
1395 1179 1451 1214 pro
1474 1175 1660 1208 neceffitate'
1674 1176 1828 1211 Ecclesiae
1851 1177 1884 1208 ὅ(
1906 1174 2098 1210 Provincia*-

1119 1222 1201 1256 lium
1219 1232 1334 1256 contra
1354 1220 1468 1255 bestias
1492 1222 1599 1255 Curiae
1611 1219 1790 1269 pug'na'yit„
1816 1219 2019 1268 &quatenus
2034 1223 2100 1257 Re-

1120 1274 1174 1316 gia
1197 1272 1349 1305 severitas
1369 1272 1403 1305 δε
1421 1273 1599 1305 reverentia
1626 1270 1767 1316 perm'ifit

1123 1321 1347 1362 contendens,
1384 1322 1539 1365 tanquam
1563 1323 1712 1368 quodam,
1734 1322 1918 1377 futurorum
1941 1324 2099 1373 praesagio

1798 1299 1813 1314 ι
1833 1284 1945 1313 contra
1970 1274 2101 1318 Regem

1126 1373 1182 1407 sub
1203 1371 1292 1416 pacis
1310 1381 1456 1416 tempore
1478 1372 1653 1407 dimicabat
1675 1376 1709 1407 in
1736 1375 1820 1410 a'cic.
1841 1419 1842 1422 Ἴ

1419 1467 1618 1518 ino'A'N
1646 1470 1681 1508 N
1708 1475 1736 1509 E
1763 1475 1799 1510 S.
1980 1512 1982 1514 v
2047 1518 2050 1523 ἱ
2094 1510 2098 1522 ,

1174 1521 1283 1557 ΤΟΓ
1309 1522 1418 1577 itaque
1434 1525 1775 1586 &fantasyariarum
1804 1525 2023 1559 neceffitatum
2041 1523 2104 1557 dif-

1106 1572 1110 1612 ’,
1127 1573 1285 1606 ficultates
1306 1572 1456 1619 sustinuit
1468 1584 1485 1612 ,·
1507 1562 1737 1607 tot.laboiibus
1747 1564 1877 1616 attritus
1890 1575 1941 1613 >est
1957 1594 1974 1613 ‚2
1990 1585 2046 1623 ,ξος
2060 1575 2105 1607 af-

1126 1606 1623 1663 fliffionibusiFerdrd'ppi-effus,
1650 1632 1701 1653 tot
1714 1621 1837 1654 infidii's
1856 1623 2018 1663 appetitus
2033 1632 2105 1661 ‚tut

1127 1670 1251 1711 laqueis
1267 1667 1308 1700 'iii
1320 1665 1439 1719 ''Afilaj
1451 1665 1614 1707 eitpofitus
1636 1667 1653 1699 a
1689 1670 1812 1703 malitia
1848 1665 2103 1719 inhabitandum

1127 1716 1242 1754 in'ea,
1269 1723 1306 1748 ut
1328 1714 1409 1747 ficut
1431 1714 1556 1751 Archi.
1571 1716 1738 1761 Episcopo
1762 1721 1818 1752 suo
1841 1720 1872 1754 δε
1897 1721 2023 1755 Amicis
2048 1721 2106 1756 sub

1129 1762 1560 1809 lacrymarum'test'im'onio
1582 1767 1696 1803 referre
1718 1767 1831 1813 solitus
1851 1781 1918 1804 erat
1932 1796 1942 1810 ,
1970 1770 2046 1814 saepe
2074 1772 2109 1806 iu

1046 1831 1048 1833 ·
1109 1815 1199 1849 -dies
1210 1808 1598 1859 fingulos'tcederet'eum
1626 1816 1698 1862 vitae
1722 1819 1802 1861 suae,
1828 1820 1862 1854 δι’
1885 1821 2050 1864 postvitae
2075 1833 2111 1855 Ξ·

1131 1863 1226 1900 ternae
1246 1859 1437 1919 desiderit—im
1460 1866 1552 1917 super
1581 1868 1695 1901 omnia
1725 1880 1851 1911 optaret
1869 1895 1880 1910 ‚
1914 1882 1949 1905 ut
1986 1867 2110 1919 absque

1134 1926 1212 1973 nota
1240 1910 1498 1979 infamjf2pnffet
1520 1916 1537 1949 ὲ
1560 1917 1664 1977 Curiae
1688 1918 1825 1953 nexibus
1847 1920 2002 1964 explicari
2026 1947 2033 1956 t
2060 1914 2068 1921 ’
2083 1916 2102 1966 ’,

1335 2000 1902 2070 Enniana-rjus.

1172 2113 1283 2169 'REX
1310 2112 1391 2149 ver&
1406 2112 1465 2160 pro
1483 2110 1581 2153 'aetate
1603 2118 1727 2163 sapiens
1760 2121 1792 2154 &
1815 2130 1948 2167 argutus
1974 2148 1986 2163 ,
2016 2124 2110 2167 juxta

1133 2163 1198 2207 jam
1221 2164 1298 2208 saepe
1318 2164 1579 2208 diffiPontificis
1599 2170 1793 2210 opinionem
1808 2173 1841 2205 ὃς
1869 2184 1981 2206 votum
1997 2199 2007 2214 ,
2035 2168 2109 2217 prae'-

1134 2223 1182 2247 ter
1203 2215 1265 2248 alia
1287 2216 1465 2266 gratiarum
1490 2219 1578 2252 dona
1610 2220 1852 2256 Cancellarium
1873 2216 1967 2257 suum
2000 2226 2114 2269 quoti-

1135 2264 1188 2298 die
1220 2264 1321 2299 fidum
1340 2263 1503 2309 experitur
1520 2268 1554 2301 in
1576 2270 1719 2304 consiliis
1738 2272 1770 2305 &
1783 2262 1981 2314 discretum,
2009 2276 2043 2308 in
2056 2274 2114 2308 du.-

1137 2315 1198 2347 biis
1219 2315 1391 2358 providum
1408 2316 1441 2350 ὅ(
1458 2318 1679 2365 intrepidum,
1708 2323 1827 2356 fortem
1848 2324 1922 2357 vero*
1947 2326 1979 2356 in
2004 2325 2114 2365 adver,-

1137 2365 1173 2398 sis
1194 2365 1227 2398 ὃ(
1250 2367 1516 2411 magnanimum.
1546 2369 1653 2404 Unde
1664 2370 1750 2415 apud
1774 2383 1848 2406 eum
1865 2374 1909 2406 ita
1928 2376 2033 2417 gratia
2046 2386 2117 2418 pro-

1136 2415 1266 2448 ficiebat
1287 2415 1322 2449 in
1346 2416 1433 2457 dies,
1462 2428 1497 2452 ut
1518 2418 1553 2452 in
1578 2419 1690 2461 brevi,
1715 2422 1792 2454 ficut
1829 2423 2073 2466 magnificentia
2101 2450 2112 2464 ‚

1138 2465 1182 2498 ita
1203 2465 1237 2499 ὅ(
1259 2466 1363 2510 gratia
1379 2478 1495 2503 omnes
1508 2471 1715 2512 praecelleret.
1743 2471 1893 2517 Qalitet·
1918 2474 1993 2508 vero
2006 2475 2039 2511 ὃς
2053 2486 2117 2517 qua

1138 2513 1291 2557 industria
1315 2516 1517 2554 munitiones
1540 2522 1686 2563 quinque
1708 2523 1935 2557 munitissimas
1956 2548 1966 2562 ,
2007 2523 2116 2567 Gisor-

1138 2565 1222 2599 tium
1245 2565 1502 2602 scilicet&a1ias
1523 2579 1662 2613 quatuor
1684 2571 1717 2603 in
1742 2571 1931 2606 Franciae&
1954 2573 2118 2607 Norman-

1141 2616 1200 2648 nia:
1225 2617 1364 2659 partium
1389 2618 1460 2651 fitas
1482 2619 1653 2658 confinio,
1681 2620 1834 2654 Domino
1859 2622 1916 2656 suo
1939 2622 2051 2667 Regi,
2077 2615 2119 2656 ad

1139 2665 1228 2707 cujus
1252 2676 1320 2699 tum
1345 2666 1394 2708 jus
1413 2667 1453 2700 ab
1474 2668 1612 2712 antiquo
1635 2670 1775 2712 spectare
1795 2671 2074 2715 dignoscebatur,
2099 2674 2118 2706 ὲ

1141 2716 1234 2759 Rege
1258 2716 1457 2750 Francorum
1483 2728 1537 2760 per
1571 2718 1825 2762 Matrimonium
1859 2721 1980 2765 absque
2005 2723 2119 2767 gladio

1141 2766 1174 2799 δε
1200 2765 1309 2805 hasta,
1336 2765 1367 2798 in
1399 2769 1493 2800 omni
1519 2768 1650 2813 Regum
1683 2770 1860 2804 dile-stione
1893 2765 2077 2815 acquisierit
2108 2798 2115 2811 .

1118 2851 1119 2854 Ἴ
1143 2814 1239 2858 quam
1266 2815 1442 2857 audenter,
1468 2818 1565 2860 quam
1590 2820 1716 2854 strenue
1739 2821 1821 2854 ultra
1848 2821 2067 2856 Guasconiam
2083 2823 2115 2855 in

1146 2865 1285 2908 partibus
1309 2865 1514 2902 Tholosanis
1533 2880 1608 2902 cum
1626 2881 1724 2912 pauca
1739 2883 1837 2904 manu
1866 2873 2022 2913 militari,
2052 2874 2120 2906 Do-

1145 2916 1237 2948 mino
1260 2916 1316 2948 suo
1350 2917 1442 2960 Rege
1480 2917 1521 2952 ab
1541 2919 1711 2963 obsidione
1734 2921 1890 2955 Tholosae
1928 2934 2006 2956 tunc
2033 2934 2121 2956 rece-

1144 2966 1241 2998 dente
1256 2990 1266 3005 ,
1306 2968 1519 3008 remanserit,
1554 2971 1725 3013 captasque
1746 2972 1777 3004 in
1802 2983 1883 3006 terra
1906 2973 1963 3006 illa
1984 2974 2001 3005 a
2029 2973 2120 3016 Rege

1146 3015 1348 3049 munitiones
1363 3019 1560 3052 conservarit
1577 3045 1586 3059 ,
1611 3019 1751 3062 aliasque
1764 3023 1796 3054 in
1812 3034 1912 3056 manu
1928 3023 2002 3057 forti
2015 3022 2122 3065 acqui-

1146 3065 1251 3104 fierit,
1277 3065 1406 3109 aliaque
1430 3068 1533 3102 multa
1556 3069 1651 3112 ipsius
1676 3071 1707 3103 in
1722 3072 1927 3106 Cancellaria
1947 3085 2045 3115 opera
2059 3084 2122 3105 ma-

1145 3114 1286 3159 gnifica,
1313 3128 1383 3159 quae
1404 3119 1544 3151 mundus
1570 3120 1687 3160 novit,
1725 3120 1778 3155 hic
1802 3124 2001 3165 pertranseo.
2027 3125 2119 3156 Dum

1147 3166 1247 3208 igitur
1271 3167 1368 3199 tantis
1392 3168 1426 3200 ὅ(
1450 3168 1567 3202 talibus
1589 3168 1752 3213 obsequiis
1775 3173 1937 3206 summum
1959 3171 2043 3214 apud
2067 3175 2121 3205 Re-

1142 3227 1210 3258 gem
1231 3216 1341 3259 gratiae
1356 3218 1493 3260 gradum
1519 3219 1675 3263 attigisiet
1690 3245 1699 3259 ‚
1721 3221 1783 3263 jam
1808 3223 1892 3264 quasi
1916 3233 2020 3256 rerum
2033 3222 2122 3254 stun-

1148 3275 1233 3298 mam
1258 3267 1312 3308 ipsi
1341 3269 1576 3308 committens,
1603 3270 1680 3303 Filii
1698 3272 1743 3304 sui
1769 3271 1929 3310 Hemici,
1958 3271 2124 3304 universon

1149 3327 1218 3348 rum
1242 3313 1374 3348 haeredis
1390 3340 1401 3356 ,
1429 3316 1502 3352 Rex
1528 3329 1670 3353 tutorem
1694 3321 1772 3354 fecit
1794 3320 1966 3353 &Patrem
1986 3345 1996 3358 ‚
2023 3331 2058 3354 ut
2081 3332 2125 3353 rc-

1130 3374 1275 3414 iputaret
1299 3365 1365 3407 ipse
1389 3365 1494 3402 filium
1517 3380 1571 3407 per
1595 3371 1750 3413 gratiam,
1777 3379 1871 3411 quem
1886 3369 1959 3403 Rex
1983 3371 2047 3413 ipse
2070 3381 2126 3412 ge·

1132 3417 1135 3470 ἐ
1150 3416 1221 3447 nuit
1242 3425 1295 3457 per
1309 3424 1477 3450 naturam.
1509 3418 1549 3452 Et
1567 3419 1763 3453 Cancellarii
1777 3419 1911 3462 quidem
1924 3421 2027 3465 gratia
2040 3420 2124 3462 apud

1133 3474 1136 3490 ³
1155 3465 1281 3511 Regem
1305 3463 1347 3498 fic
1365 3475 1453 3500 erat.

1754 3517 1785 3553 A
1837 3531 1860 3556 2
1975 3510 2084 3553 C'A-
