2358 3776
536 62 575 109 S.
616 43 1340 111 TitiosiAEcANT-UAR‘.
1382 47 1522 107 1113.
1561 57 1631 109 11.

1891 84 1981 130 195

115 162 186 189 mus
199 151 277 187 stara
286 143 414 193 judicio
424 145 515 190 supet
526 144 594 188 his,
625 158 696 191 quaa
707 152 877 179 vertuntur
888 140 973 176 inter
995 153 1055 178 nos
1107 149 1200 196 mus,
1230 138 1401 183 praeser-tim
1411 137 1446 173 in
1459 140 1510 174 his
1518 153 1586 185 quae
1596 145 1660 178 Dei
1672 145 1768 190 sunt,
1792 154 1902 185 tamen
1913 161 1981 185 non
2001 157 2057 191 0oe

113 204 146 237 ὅ(
169 202 294 246 Regem
310 198 391 234 ...Et
404 197 538 241 quidem
560 196 584 230 fi
610 197 840 241 refugeremus·
857 192 1019 238 judicium
1044 217 1056 234 ‚

109 247 559 294 cauffamssltegisjustificare
572 246 777 286 videremur,
804 245 839 279 ὅ(
858 243 966 278 nostra
991 243 1055 277 for-

111 299 190 339 alst
208 298 294 343 apud
318 298 484 343 plerosque
506 297 674 333 laederetur
683 295 822 339 opinio,
846 293 922 328 cum
945 301 1054 327 tamen

113 350 229 388 illum,
256 350 313 393 qui
337 348 536 386 adversarius
558 346 705 387 exstitit,
731 351 799 379 non
813 343 986 378 debeamus
1013 343 1055 383 ,fi

108 399 237 444 placet,
262 398 379 434 habere
399 397 541 442 judicem
556 421 568 438 ,
603 408 665 431 nec
686 393 809 429 alicubi
829 393 871 428 ad
894 390 960 427 hoc
995 394 1055 427 tuti

104 450 170 484 esse
192 449 346 492 poffimus
364 474 375 490 ,
403 449 462 482 nisi
487 448 522 485 in
543 445 706 491 praeseutia
727 444 849 480 vestra.
876 442 999 477 Nostra
1022 444 1055 476 si-

109 498 245 542 quidem
266 498 497 534 &nostrorum
508 496 772 541 proscriptione,
792 492 979 527 &aliorum
1003 504 1056 528 ve·

104 551 268 590 aratione,
292 548 479 586 &damnis
500 547 542 581 fic
568 546 705 581 Rexille
724 543 835 579 terruit
871 543 905 577 δε
929 542 1053 579 territat

105 601 293 638 universos,
318 609 354 633 ut
366 597 474 632 nullus
488 607 565 636 ,·-eo
581 595 718 634 sciente,
743 593 857 641 audeat
871 593 971 627 nostri
985 605 1049 628 me-

109 649 238 682 miniffe
257 650 293 682 in
304 648 447 685 bonum.
463 646 603 685 -Habita
628 646 781 680 omnium
802 643 1052 686 contemplatio-

105 709 149 732 ne
172 699 214 733 sic
239 698 488 741 temperavimus
508 696 746 740 responsionem
758 715 778 732 ‚⁴
794 703 832 727 ut
854 705 915 728 nec
933 693 1051 728 dicere·

106 759 181 782 mus
194 759 255 783 nos
277 748 451 783 detrectare
461 746 641 791 judicium,
669 753 810 787 nectam
823 743 1049 778 discriminoso

107 809 171 832 nos
198 798 464 842 immergeremus
490 795 599 840 litigio
616 820 623 828 .
646 794 806 830 Diximus
825 794 913 828 enim
936 806 996 829 nos
1016 795 1050 828 δε

106 847 236 883 nostros
255 848 352 887 sede,
377 846 658 882 administratione
682 868 694 885 ‚
719 844 753 878 δε
775 843 870 878 bonis
889 843 1051 878 omnibus
1074 846 1079 850 ‘

103 893 284 940 spoliatos,
308 896 384 931 cum
413 895 455 930 ad
477 895 591 929 omnia
602 894 757 929 fuerimus
768 894 920 933 restituti,
949 893 1048 928 liben.

106 945 283 986 terjaubi,
308 944 714 989 &quandodebebimus,
742 946 903 984 vestrum,
931 955 1051 978 auteu-

104 995 178 1040 ius,
202 1004 260 1030 aut
282 1005 422 1037 quorum
444 995 663 1032 demandato
680 994 786 1029 vestro
808 995 988 1038 oportuerit
1004 993 1051 1037 ju-

103 1045 232 1082 dicium
244 1044 421 1080 subituros.
441 1045 610 1091 justitiam
632 1045 721 1079 enim
734 1055 794 1079 nec
810 1045 960 1079 volumus
991 1054 1051 1078 nec

111 1095 279 1139 possumus
301 1095 486 1130 declinare.
515 1096 651 1130 Interim
672 1095 763 1130 nulla
781 1105 841 1129 nos
860 1095 901 1129 ad
923 1094 1051 1139 litigan-

108 1147 192 1180 dum
216 1145 346 1180 ratione
366 1144 542 1189 compelli,
582 1157 643 1180 nec
667 1156 884 1189 paupertatem
907 1145 1049 1179 nostram

106 1195 151 1230 ad
170 1194 236 1230 hoc
258 1195 400 1229 sufficere
412 1218 424 1235 ,
450 1205 511 1229 nec
529 1193 758 1229 liberalitatem
771 1194 965 1242 *sexeniffimi
987 1193 1052 1227 Re-

107 1244 160 1290 gis
182 1244 248 1278 fine
268 1244 417 1289 molestia
438 1244 480 1279 ad
503 1242 570 1281 hoc
582 1247 670 1287 poss‘e
690 1242 864 1286 protendi,
889 1251 925 1276 nt
946 1243 1051 1276 nos&

105 1293 320 1329 coexulantes
342 1303 493 1335 pauperes
503 1290 627 1335 Christi
651 1294 795 1326 nummis
821 1292 907 1332 suis,
932 1291 1052 1334 quibus

105 1343 303 1386 adpraesens
327 1338 632 1386 indiget„exibeat
653 1341 711 1377 diu
736 1342 771 1376 in
794 1340 950 1376 domibus
973 1341 1048 1374 alie-

106 1392 182 1431 nis.t
203 1391 294 1427 Nam
306 1390 362 1425 ubi
376 1389 562 1426 victualibus
581 1390 748 1432 abundat,
775 1393 919 1435 expensa:
933 1390 1048 1425 nostrae

103 1440 436 1489 {adiliusnolerantur
456 1464 465 1474 .
502 1440 725 1476 processerunt
747 1442 787 1477 ad
810 1442 939 1476 tertiam
970 1451 1049 1483 quae·

105 1491 250 1530 monem
270 1492 489 1532 sciscitantes,
514 1501 557 1532 an
579 1491 814 1535 Episcoporum
830 1515 840 1531 ‚
866 1492 923 1535 qui
944 1491 1050 1535 appel-

104 1541 250 1588 laverant
274 1552 388 1576 contra
409 1552 491 1582 nos,
517 1541 612 1582 litem
636 1541 694 1576 sub
713 1543 759 1576 eis
780 1541 943 1585 judicibus
957 1541 1051 1575 velle·

104 1601 179 1627 mus
200 1591 367 1634 excipere,
394 1591 446 1625 sed
469 1591 691 1634 respondimus
708 1603 768 1626 nos
790 1590 929 1625 vestrum
959 1592 1050 1634 super

104 1640 171 1677 hoc
185 1652 253 1681 non
265 1641 414 1685 recepisse
427 1642 620 1675 mandatum
632 1665 643 1681 ‚
670 1653 729 1675 nec
742 1641 890 1684 inopiam
902 1639 1045 1676 nostram

104 1691 149 1727 ad
169 1700 280 1729 tantos
299 1691 463 1734 sumptus,
499 1690 533 1724 δε
564 1690 639 1724 lites
660 1691 724 1726 effe
745 1691 900 1729 idoneam
923 1715 931 1724 .
969 1690 1049 1729 Hoc

104 1750 217 1780 autem
239 1739 392 1784 agebatur
410 1739 450 1773 ab
459 1740 647 1779 adversariis
667 1739 817 1780 nostris‚3
832 1741 911 1774 ficut
934 1738 1048 1772 didici-

102 1799 179 1827 mus
202 1790 244 1827 ab
267 1789 340 1828 his,
366 1799 449 1828 quos
473 1798 522 1823 res
540 1787 639 1821 latere
661 1798 730 1822 non
756 1798 906 1829 poterat,
933 1796 970 1820 ut
991 1786 1049 1819 sub

102 1848 310 1884 quacumque
329 1837 499 1872 occafione
520 1837 660 1872 nostram
686 1837 811 1880 possent
823 1836 857 1869 in
885 1837 1046 1880 praesentia

101 1889 303 1934 Legatorum
315 1897 426 1922 notare
437 1887 606 1930 personam
618 1911 629 1927 ,
654 1887 687 1921 δε
697 1886 987 1930 ficquamcumque
1001 1887 1047 1919 lae-

101 1940 226 1974 fiunem
247 1937 391 1983 ingerere
406 1948 426 1970 e
446 1936 644 1980 Conjiciunt
664 1936 753 1976 enim
774 1962 785 1977 ,
810 1935 901 1980 quod
938 1936 1047 1970 nullus

98 1988 354 2034 provincialium
378 1985 474 2021 nobis
485 1988 617 2021 auderet
628 1987 765 2021 assistere
775 1996 889 2021 contra
901 1986 1041 2030 Regem,

100 2039 136 2076 δε
155 2037 199 2073 fic
220 2038 404 2072 viderentur
425 2036 569 2072 nostram
593 2038 772 2080 procurasse
793 2035 940 2069 ruinam.
970 2035 1045 2069 Rex

99 2097 209 2128 autent
222 2088 317 2123 -solos
330 2086 406 2122 illos
416 2087 570 2122 evocavit
581 2110 592 2127 ,
619 2087 674 2129 qui
688 2086 784 2122 nobis
805 2084 849 2119 ab
866 2085 967 2118 initio
985 2083 1044 2118 hu·

94 2138 308 2184 jus-turbinis
323 2136 527 2175 adversantes
547 2161 560 2178 ,
586 2137 772 2172 incentores
797 2143 895 2170 tantae
914 2134 1043 2168 malitiae

94 2188 351 2228 eflenoscuntur
370 2210 383 2227 ‚
408 2187 561 2221 videlicet
584 2186 822 2220 Eboracensem
836 2183 937 2218 Archi
951 2184 1044 2227 ›Epi-

98 2240 259 2282 scopum,
295 2238 328 2271 &
352 2236 532 2280 Ep-iscopos
553 2235 823 2271 Londoniensem
847 2259 857 2275 ‚
893 2235 928 2269 ὅ(
950 2234 1043 2268 Cice-

98 2288 273 2327 inensem,
300 2286 406 2321 accito
429 2297 506 2322 cum
531 2285 577 2320 eis
598 2287 631 2320 ἀ
656 2284 936 2331 νίἕοῐειεηίὶ,,.υε
961 2284 1039 2323 vela-

100 2348 215 2372 mento
237 2336 305 2380 ejus
331 2336 471 2370 aliorum
494 2336 621 2370 malitia
644 2336 810 2378 pallietur.
845 2333 1006 2369 Caeterum
1033 2355 1043 2372 ,

98 2388 180 2422 sicut
202 2387 304 2421 vestra
323 2384 428 2429 potest
457 2385 640 2427 meminisse
660 2385 832 2423 discretio,
850 2402 852 2405 ·
874 2383 926 2423 issi
941 2408 952 2424 ‚
986 2384 1041 2427 qui

98 2448 188 2471 nunc
209 2436 312 2480 Regis
335 2434 496 2468 voluntati
519 2434 700 2469 acclamant
713 2446 773 2478 prae
795 2433 934 2474 caeteris,
961 2434 1042 2467 &si-

98 2496 156 2521 cut
176 2485 304 2530 publice
326 2484 520 2524 notumest,
547 2485 659 2518 sitiunt
672 2485 862 2529 sanguinem
884 2483 1042 2522 nostrum,

98 2536 214 2571 litteris
234 2536 298 2570 suis
327 2535 362 2568 in
398 2533 556 2577 petitione
577 2534 667 2577 pallii
691 2535 788 2568 nostri
811 2534 844 2567 ὅ(
874 2532 1040 2567 electionis

96 2587 264 2626 formam,
288 2584 323 2618 &
348 2585 517 2628 personam
541 2584 682 2618 nostram
698 2585 808 2618 multis
826 2584 958 2618 laudum
969 2594 1039 2627 prae-

97 2636 204 2679 coniis
225 2634 428 2670 extulerunt.
457 2634 560 2667 Nunc
580 2643 691 2667 autem
722 2634 851 2668 veritati
881 2632 1038 2668 contiadi·

97 2695 209 2723 centes
229 2685 263 2719 ἁ
283 2684 341 2719 fibi
359 2709 370 2726 ,
397 2684 427 2717 se
449 2684 532 2726 ipsos
554 2680 776 2717 mentiendi&
798 2682 951 2719 adulandi
984 2693 1036 2716 au-

98 2736 192 2778 dacia
212 2733 477 2778 contemptibiles
501 2731 731 2772 reddiderunt,
756 2732 835 2766 dum
857 2733 896 2766 ad
919 2742 1036 2766 nutum

97 2785 262 2829 Principis
279 2808 292 2824 ,
319 2785 407 2819 velut
430 2785 509 2818 servi
531 2783 673 2823 cornici,
698 2780 800 2816 modo
818 2782 932 2825 ajunt,
969 2793 1038 2816 mo-

44 2838 52 2842 *
98 2835 144 2870 dd
165 2844 307 2881 negant.
337 2834 385 2867 Hi
400 2835 498 2874 sunt,
527 2833 646 2873 Pater,
673 2833 728 2876 qui
743 2833 953 2866 dantcornua
967 2842 1037 2875 pec-

99 2886 226 2925 catori,
264 2886 298 2919 &
320 2885 340 2918 fi
362 2895 429 2918 non
451 2883 524 2918 satis
545 2884 665 2918 insanit
686 2907 697 2923 ,
724 2883 881 2927 instigant
905 2881 998 2916 illum
1026 2905 1037 2922 ,

100 2933 302 2977 subjicientes
315 2934 464 2978 pulvinar
475 2933 607 2973 cubito,
633 2934 666 2967 &
686 2943 782 2976 caput
803 2932 893 2967 vitiis
912 2932 1036 2976 langui-

99 2984 225 3018 durnin
236 2984 402 3019 cervicalis
422 2984 566 3018 mollitie
577 2984 702 3018 faciunt
714 2982 902 3017 obdormire
912 3008 919 3016 .
948 2982 1035 3016 Cum

39 3070 44 3074 ,
99 3035 210 3078 itaque
221 3033 321 3068 etiam
332 3033 401 3076 illi,
428 3035 486 3078 qui
496 3033 657 3068 debebant
668 3034 729 3067 effe
743 3033 905 3067 columnae
925 3032 1035 3067 Eccle-

47 3093 55 3114 ·,
98 3085 172 3124 fiae,
197 3082 358 3123 confilio,
381 3085 530 3125 auxilio,
555 3083 763 3126 austeritate,
790 3082 971 3128 obsequiis,
1001 3084 1037 3116 ὅ(

98 3133 280 3178 sumptibus
292 3142 486 3166 contraeam
522 3135 556 3168 ἀ
580 3144 639 3167 nos
659 3135 825 3174 animent,
851 3134 885 3167 δε
909 3143 1035 3167 arment

98 3184 229 3218 Divina:
242 3183 341 3227 Legis
357 3182 391 3215 ὅ(
404 3182 565 3225 parvitatis
579 3183 691 3217 nostrae
700 3185 914 3227 persecutores
926 3207 938 3223 ,
965 3194 1032 3216 non

97 3233 144 3266 est
158 3233 253 3267 nobis
275 3243 383 3267 tutum
406 3243 461 3266 aut
483 3232 626 3275 possibile
641 3233 744 3268 subire
764 3234 923 3276 judicium
936 3258 947 3274 ,
976 3232 1033 3266 nifi

98 3284 135 3316 in
149 3282 314 3325 prasentia
335 3282 520 3322 Sanstitatis
534 3283 667 3323 vestrae,
691 3283 794 3318 &sub
814 3283 918 3317 vestro
940 3283 1034 3325 ipsius

97 3332 251 3367 examine
261 3355 268 3363 .
299 3331 391 3366 Licet
402 3333 491 3366 enim
503 3330 543 3363 de
553 3332 732 3367 sinceritate
743 3335 876 3373 alterius
888 3335 1033 3377 Legato-

97 3383 313 3429 sumssperare
328 3380 442 3415 debeat
455 3382 591 3415 Ecclesia
603 3406 614 3421 ,
642 3383 675 3417 ὃ(
698 3383 870 3423 nosdeeo
889 3381 1035 3418 confida-

107 3430 109 3432 ’
186 3430 294 3472 christ.
311 3434 495 3476 Luplopera
507 3434 631 3465 TomX.

1111 191 1214 227 homo
1235 198 1344 233 praeter
1365 200 1447 230 vos,
1474 192 1528 224 cui
1551 190 1636 225 hanc
1646 198 1785 232 caussam
1807 200 1949 236 Domini
1961 212 2051 237 com.

1112 241 1240 277 mittere
1259 239 1453 275 audeamus.
1483 238 1635 274 Alterum
1657 243 1732 276 vero
1754 246 1918 294 Legatum
1947 252 2049 288 “lem

1111 291 1209 328 finiat
1230 288 1323 325 Deus
1345 315 1358 331 ,
1383 289 1514 334 qualem
1528 290 1622 324 saluti
1646 293 1708 326 suae
1728 296 1790 328 effe
1810 300 1942 343 expedit
1964 326 1975 343 ‚
2010 301 2048 335 ὰ,

1112 341 1239 386 qualem
1259 342 1323 375 effe
1339 340 1432 375 decet
1452 339 1610 374 Romanae
1641 342 1790 376 Ecclefiae
1821 337 2050 394 Presbyterum

1112 390 1340 426 Cardinalem.
1369 390 1528 425 Veremur
1539 401 1648 425 autem
1659 416 1670 433 ,
1685 403 1726 427 ne
1737 394 1929 440 contingat,
1944 402 2049 443 quod,

1110 440 1306 479 fiteminisci
1319 441 1447 484 placet,
1471 442 1687 488 praenovimus
1705 453 1922 484 eventurum,
1946 448 2057 484 fifor->

1109 491 1141 526 te
1153 490 1379 535 prudentiam,
1405 491 1649 535 eloquentiam,
1673 493 1707 527 δε
1723 492 1958 530 authoritatem
1980 498 2053 532 Do-

1110 541 1192 576 mini
1205 540 1377 576 Wilhelmi
1391 553 1470 576 cum
1478 541 1678 585 potestate&
1695 543 1865 580 voluntate
1884 543 1963 580 dura
1987 546 2050 581 Re-

1108 595 1158 637 gis
1179 591 1312 636 Angliae
1333 592 1493 627 accideret
1512 593 1703 626 convenire.
1731 593 1917 635 Veremur,
1944 607 1985 630 ne
2008 606 2052 632 ta-

1111 643 1154 675 les
1178 642 1276 676 nobis
1287 643 1429 677 formato
1451 642 1588 677 consilio
1610 643 1816 687 porrigantur
1837 646 2015 688 petitiones
2041 670 2067 687 ,-

1108 702 1244 735 quarum
1255 691 1351 726 nobis
1361 692 1515 731 molestus
1525 691 1564 725 sit
1586 693 1718 727 auditus
1729 716 1740 732 ‚
1764 695 1897 729 effectus
1910 695 2051 739 impoffi·

1109 741 1204 783 bilis,
1230 752 1287 775 aut
1298 741 1472 785 displicens
1493 742 1591 783 Deo,
1618 743 1651 777 ἀ
1673 744 1800 778 mundo
1822 745 1956 780 odiosus
1970 771 1978 778 .
2007 745 2067 780 Et.

1110 791 1184 836 quia
1198 791 1291 826 vobis
1305 793 1458 827 omnium
1481 792 1694 828 Ecclefiarum
1714 794 1902 829 sollicitudo
1927 796 2054 831 incum-

1111 841 1157 877 bit
1178 866 1190 882 ,
1217 842 1443 884 circumferre,
1471 842 1493 875 fi
1508 843 1612 886 placet
1633 868 1644 884 ,
1669 845 1807 884 oculos,
1833 844 1868 879 in
1890 846 2054 881 Occiden-

1111 902 1175 926 tem
1187 892 1346 927 attendite
1357 916 1369 933 ‚
1396 893 1430 926 ἀ
1443 893 1551 927 videte
1562 894 1701 937 qualiter
1711 894 1757 928 ibi
1770 897 1924 930 tractetur
1940 895 2052 930 Eccle-

1112 943 1175 986 fia,
1198 942 1324 977 indicet
1336 942 1428 976 vobis
1441 943 1607 978 Dominus
1620 946 1705 979 Otto
1719 969 1731 985 ,
1750 956 1849 987 quem
1862 946 1973 989 spiritu
1985 946 2053 981 Dei
2067 972 2069 977 .

1111 995 1164 1038 agi
1176 992 1336 1027 credimus
1344 1015 1355 1031 ,
1370 991 1460 1034 ‚quid
1472 992 1587 1028 viderit
1597 994 1632 1032 ὃς
1643 996 1838 1039 cognoverit
1851 996 1893 1030 de
1906 996 2054 1031 Ecclesia

1111 1044 1144 1077 ἀ
1157 1042 1335 1077 Provincia
1347 1042 1612 1084 Turonenfium,
1642 1045 1773 1088 quidde
1796 1046 1985 1092 Anglicana
1999 1057 2055 1080 au-

1111 1093 1228 1134 dierit,
1253 1092 1332 1137 quid
1345 1102 1495 1136 expertus
1515 1093 1550 1126 lit
1574 1095 1608 1127 in
1624 1095 1868 1137 Nortmannia‚
1895 1097 1928 1131 ἀ
1949 1096 2054 1130 credi-

1112 1153 1182 1176 mus
1202 1154 1261 1177 vos
1272 1143 1413 1176 disturos
1425 1155 1500 1177 cum
1518 1143 1713 1186 lachrymis:
1741 1149 1825 1190 ,Quia
1838 1158 1898 1184 non,
1910 1145 1946 1186 est
1956 1147 2062 1186 dolor„

1104 1191 1179 1232 ficut
1199 1193 1278 1225 dolor
1301 1193 1350 1231 iste
1366 1216 1373 1223 .
1405 1194 1460 1228 Ur.
1483 1195 1572 1227 enim
1584 1193 1624 1228 de
1648 1195 1873 1230 Cantuariensi
1887 1197 1920 1229 ὅς
1942 1196 2056 1229 Turo-

1112 1242 1199 1274 nensi
1214 1242 1364 1277 Ecclesiis
1376 1252 1560 1283 taceamus,
1589 1255 1667 1288 quas
1677 1247 1811 1285 trastat,
1840 1256 1875 1279 ut
1890 1244 2021 1280 audistis
2041 1269 2052 1284 ‚

1111 1291 1144 1323 &
1167 1291 1292 1324 utinam
1304 1292 1431 1333 plenius
1454 1292 1598 1331 sciretis,
1625 1294 1747 1335 septem
1773 1294 1986 1338 Episcopatus
2006 1306 2057 1328 va-

1111 1344 1245 1382 cantes,
1272 1338 1305 1373 in
1315 1339 1496 1375 Provincia
1510 1341 1935 1388 nostra&R0thomagenfi
1950 1368 1961 1384 ‚
1986 1345 2056 1388 jam

1111 1391 1127 1423 a
1151 1389 1256 1424 multo
1276 1400 1424 1433 tempore
1444 1401 1534 1426 tenet
1559 1392 1592 1425 in
1618 1388 1718 1427 manu
1740 1395 1817 1434 sua,
1844 1405 1903 1429 nec
1926 1395 2056 1439 aliquos

1114 1440 1158 1474 ibi
1171 1441 1290 1483 patitur
1300 1442 1445 1478 ordinari
1458 1442 1601 1484 pastores
1612 1465 1619 1473 .
1647 1442 1762 1478 Clerus
1773 1443 1884 1488 Regni
1901 1444 1993 1480 datus
2001 1445 2053 1479 >est

1114 1490 1306 1538 satellitibus
1328 1490 1392 1528 suis
1413 1491 1446 1524 in
1462 1491 1750 1526 conculcationem
1772 1494 1806 1527 δε
1836 1494 1993 1536 praedam.
2021 1493 2057 1528 Si

1115 1539 1194 1579 ista,
1221 1539 1316 1573 Pater
1338 1541 1483 1583 optime,
1509 1541 1766 1581 diffimulamus,
1791 1543 1869 1584 quid
1885 1543 1917 1576 in
1943 1543 2056 1585 dieju·

1112 1587 1189 1622 dicii
1212 1586 1481 1632 respondebimus*
1499 1589 1631 1628 Christo
1646 1592 1662 1622 ἒ
1689 1592 1775 1640 Qis
1799 1594 1906 1626 Anti·
1921 1592 2065 1630 Christo,

1113 1638 1229 1676 resistet
1251 1639 1413 1679 venienti,
1440 1639 1463 1672 fi
1491 1647 1616 1676 tantam
1629 1642 1820 1683 patientiam
1843 1642 1998 1676 vitiorum
2021 1644 2064 1678 &-

1112 1689 1287 1726 criminum
1317 1689 1381 1730 jam
1403 1690 1691 1723 accommodamus
1723 1691 1923 1732 praeambulis
1950 1693 2018 1735 ejus
2043 1695 2057 1727 ?

1113 1738 1255 1771 Talibus
1265 1738 1356 1770 enim
1369 1736 1687 1773 ‚dissimulationibus
1706 1739 1907 1773 insolescunt
1918 1742 2067 1782 potest&

1112 1796 1180 1824 tes,
1207 1785 1316 1828 Reges
1327 1786 1487 1819 Gentium
1510 1789 1676 1821 transeunt
1691 1788 1723 1820 in
1739 1798 1920 1832 tyrannos,
1947 1801 1984 1825 ut
1998 1792 2062 1826 Ec·

1111 1835 1211 1869 clesiae
1235 1834 1362 1868 nullum
1384 1835 1434 1878 jus
1465 1860 1475 1875 ‚
1513 1837 1638 1870 nullum
1663 1838 1868 1881 privilegium
1889 1864 1901 1881 ,
1943 1841 2002 1876 nisi
2015 1842 2059 1876 de

1110 1896 1225 1919 eorum
1246 1884 1379 1919 arbitrio
1404 1886 1554 1920 censeant
1579 1888 1829 1934 relinquendum
1853 1913 1861 1920 .
1899 1888 1961 1924 Sed
1985 1890 2057 1925 bea-

1110 1935 1191 1974 tus,
1213 1935 1269 1978 qui
1294 1945 1383 1969 tenet
1405 1958 1416 1975 ,
1453 1936 1485 1969 δε
1519 1936 1626 1970 allidit
1650 1938 1799 1979 parvulos
1833 1938 1873 1973 ad
1896 1949 2020 1981 petram
2047 1959 2064 1975 ;,

1112 1984 1200 2021 Nam
1219 1985 1240 2017 fi
1263 1984 1359 2026 Iudas
1381 1995 1423 2017 ex
1447 1988 1602 2020 mandato
1626 1987 1724 2031 Legis
1759 1999 1828 2021 non
1851 1989 2054 2025 exterminat

1111 2032 1355 2080 enarrantem,
1382 2033 1411 2066 ei
1435 2035 1467 2066 in
1493 2034 1617 2070 hostem
1642 2037 1674 2070 &
1697 2037 1865 2072 stimulum
1897 2039 2067 2082 perpetuo.

1109 2083 1278 2117 coalescit.
1306 2083 1505 2120 Consortare
1526 2109 1538 2126 ,
1567 2085 1662 2120 Pater
1682 2111 1692 2127 ,
1719 2088 1752 2121 &
1770 2088 1844 2122 esto
1866 2088 2025 2129 robustus,
2040 2114 2051 2131 ,

1111 2133 1216 2174 plures
1239 2132 1410 2167 nobiscum
1424 2135 1498 2168 sunt
1513 2157 1522 2174 ,
1546 2138 1642 2177 quam
1663 2148 1739 2170 cum
1760 2137 1848 2171 illis.
1879 2138 2054 2174 Contrivit

1110 2182 1276 2216 Dominus
1295 2184 1451 2217 malleum
1472 2186 1649 2228 impiorum
1673 2186 1904 2228 Fredericum,
1931 2189 2051 2232 percus-

1103 2233 1200 2266 vsurus
1213 2234 1245 2266 ἃ
1256 2233 1339 2266 alios
1351 2233 1385 2266 in
1399 2233 1521 2275 brevi,
1538 2236 1597 2269 nist
1620 2237 1827 2280 resipiscant,
1854 2240 1888 2274 ἀ
1901 2249 1978 2273 cum
1990 2238 2053 2273 Ec-

1108 2282 1202 2316 clesia
1217 2282 1281 2316 Dei
1302 2292 1416 2324 pacem
1432 2280 1573 2323 habeant
1586 2310 1599 2323 .,
1622 2286 1666 2319 Et
1685 2297 1721 2320 ut
1743 2288 1876 2326 taudem
1891 2289 2049 2324 faciamus

1108 2332 1207 2366 finem
1221 2356 1232 2372 ,
1258 2330 1350 2366 vestri
1372 2332 1437 2366 oris
1458 2332 1630 2369 dumtaxat
1651 2339 1857 2379 expectamus
1870 2339 2051 2381 judicium,

1107 2391 1162 2417 aut
1186 2381 1275 2416 illius
1297 2381 1354 2426 qui
1367 2382 1510 2426 spiritum
1524 2385 1707 2429 principum
1722 2388 1845 2422 auferre
1869 2390 2051 2430 consuevit,

1105 2432 1138 2465 δε
1164 2431 1301 2466 liberare
1320 2443 1491 2476 pauperem
1512 2434 1531 2467 a
1553 2445 1686 2476 potente
1707 2460 1713 2467 .
1742 2437 1955 2476 Nunciorum
1981 2449 2047 2472 vox

1106 2481 1195 2525 plura
1218 2482 1402 2526 supplebit,
1427 2494 1495 2527 quae
1518 2483 1636 2526 scripto
1658 2496 1726 2518 non
1749 2486 1945 2520 credidimus
1958 2498 2049 2521 com-

1105 2530 1266 2567 mittenda
1283 2557 1290 2564 .
1328 2533 1409 2566 Hoc
1431 2544 1557 2567 certum
1579 2533 1697 2568 habeat
1727 2535 1829 2569 vestra
1858 2536 2009 2571 serenitas
2036 2559 2048 2579 ,

1103 2582 1201 2625 quia,
1226 2582 1249 2615 fi
1272 2582 1480 2615 voluissemus
1501 2583 1518 2615 a
1546 2583 1710 2626 principio
1742 2585 1847 2627 pravis
1864 2587 2042 2622 cousuetu-

1104 2631 1238 2672 dinibus
1258 2631 1464 2675 adquiescere
1486 2653 1498 2670 ,
1534 2642 1603 2666 non
1625 2634 1703 2667 esset
1726 2634 1863 2678 alicujus
1888 2634 2046 2671 Cardine·

1102 2681 1142 2715 lis
1165 2704 1176 2721 ,
1200 2681 1303 2715 immo
1326 2692 1386 2714 nec
1406 2679 1556 2717 hominis
1575 2681 1712 2726 alicujus
1732 2683 1922 2719 necessarius
1948 2686 2045 2722 inter-

1102 2741 1230 2766 ventus.
1260 2729 1384 2764 Frustra
1406 2741 1538 2774 quoque
1551 2732 1669 2773 nobis,
1692 2732 1830 2769 authore
1853 2735 2005 2770 Domino
2030 2760 2042 2776 ‚

1101 2781 1284 2816 Siculorum
1293 2790 1348 2814 aut
1361 2781 1600 2826 Hungarorum
1614 2793 1839 2827 proponuntur
1850 2786 2000 2829 exempla
2028 2811 2040 2829 ‚

1099 2843 1169 2876 quae
1183 2843 1244 2865 nos
1256 2831 1290 2864 in
1301 2830 1630 2873 diejudiciiminime
1642 2835 1852 2874 excusarent,
1882 2836 1902 2868 fi
1928 2845 2044 2878 tyran·

1100 2892 1218 2915 norum
1241 2879 1420 2915 barbariem
1454 2883 1671 2924 praeferremus
1691 2884 1893 2928 Apostolicis
1911 2885 2041 2920 institu-

1099 2931 1159 2970 tis,
1186 2932 1219 2965 ὅ(
1239 2929 1432 2964 saecularium
1452 2931 1661 2967 insolentiam
1675 2935 1877 2977 'potestatum
1898 2936 2039 2971 credere·

1098 2991 1168 3015 mus
1181 2979 1290 3024 potius
1301 2979 1438 3015 formam
1450 2983 1512 3017 efl‘e
1524 2982 1652 3018 vivendi
1665 3007 1677 3024 ‚
1699 2983 1795 3028 quam
1806 2985 2037 3019 testamentum

1098 3041 1253 3065 arternum
1263 3055 1274 3072 ,
1295 3031 1527 3067 confirmatum
1540 3033 1697 3078 sanguine
1710 3035 1743 3068 δε
1756 3046 1860 3069 morte
1869 3035 1946 3069 Filii
1958 3035 2037 3069 Dei.

1098 3079 1152 3115 Ut
1175 3081 1275 3125 igitur
1291 3080 1436 3125 praedit‘ta
1458 3084 1572 3116 omnia
1606 3084 1670 3117 fine
1699 3083 1927 3127 lachrymabili
1960 3097 2037 3119 con·

1096 3130 1227 3165 cludam
1249 3155 1260 3172 ‚
1287 3131 1436 3165 attendat
1470 3133 1624 3166 Sanctitas
1648 3133 1749 3168 vestra
1770 3159 1783 3176 ,
1808 3135 1830 3167 si
1854 3135 1912 3168 iste
1939 3134 2035 3168 debet

1096 3182 1157 3214 esse
1182 3181 1302 3216 fluetus
1321 3180 1463 3222 laboris,
1488 3183 1520 3216 ἀ
1540 3183 1647 3225 operis
1666 3207 1679 3224 ‚
1719 3196 1757 3219 ac
1780 3185 1871 3218 exilii
1902 3184 2001 3217 nostri
2020 3207 2030 3223 ,

1097 3241 1131 3264 ut
1142 3231 1322 3274 judicemur
1336 3231 1414 3265 nudi
1429 3256 1439 3271 ,
1467 3233 1572 3265 miseri
1587 3257 1597 3273 ,
1626 3234 1739 3275 privati
1756 3232 1910 3269 omnibus
1923 3231 2036 3271 bonis„

1095 3292 1132 3314 ac
1156 3276 1325 3315 subeamus
1346 3282 1514 3314 causarum
1532 3283 1720 3327 angustias,
1744 3284 1786 3318 ed
1806 3280 1893 3326 quod
1908 3282 1970 3313 ausi
1986 3282 2031 3314 su-

1096 3342 1166 3365 mus
1188 3343 1248 3365 nos
1269 3341 1436 3374 opponere
1470 3332 1664 3367 ferocissimo
1685 3332 1858 3376 oppressori
1881 3330 2030 3364 Ecclesia·

1082 3382 1128 3442 „³5⁰
1162 3380 1383 3416 defensionem
1413 3379 1570 3418 libertatis
1604 3383 1695 3425 ipsius
1715 3405 1726 3423 ‚
1779 3381 1836 3425 qui
1876 3380 2032 3423 exspeaa·

1567 3431 1600 3465 R
1651 3442 1672 3467 2
1870 3428 1984 3465 bamus
