2358 3776
358 102 455 155 ιβ
986 76 1218 138 EPIS

294 174 401 226 μεὶς,
433 179 569 216 eamque
589 166 685 209 nobit
710 167 875 212 infirmare
894 167 1146 214 litterisvestris
1169 180 1237 206 non

293 224 451 265 differatis
461 246 469 254 .
495 220 622 261 Damus
632 221 728 255 etiam
741 219 832 256 vobis
844 220 879 254 in
890 219 1060 260 Mandatis
1074 244 1085 260 ‚
1095 231 1193 265 atque
1205 220 1238 253 in

295 279 331 312 vi
349 270 541 312 obedientia:
561 268 759 315 praecipimus
773 294 785 311 ‚
822 280 980 313 quatenus
997 270 1015 303 a
1039 271 1240 314 praesentium

297 327 476 363 litterarum
487 319 780 365 susception'einsra
792 318 877 359 duos
897 319 1034 359 mense&
1059 321 1158 355 omni
1180 332 1242 354 ex-

292 371 504 410 nutatione&
513 371 683 406 occasione
699 370 856 410 remota,'
872 369 933 402 iter
943 369 1096 403 veniendi
1113 371 1154 404 ad
1181 381 1240 404 nos

292 421 471 468 arripiatis.
498 419 769 460 Habemusenim
780 418 822 452 de
841 419 972 463 magnis
993 419 1028 460 ᾴ
1049 419 1158 460 arduis
1183 421 1239 453 Ec-

290 474 394 514 eleliae
403 472 548 518 negotiis
560 472 691 510 tractare
702 468 892 515 vobiscum,
918 468 959 502 ad
977 479 1048 512 quz
1068 469 1240 513 expedien-

290 524 335 560 da
344 522 523 570 plurimum
537 520 723 564 indigemus
735 519 836 553 vestra
857 517 1014 562 presentia
1027 543 1035 550 .
1062 519 1116 553 De
1130 530 1240 562 cetero

293 575 424 619 „siverit
446 570 643 613 Fraternitas
665 569 784 615 vestra,
812 569 903 613 quod
925 579 987 604 nos
1011 568 1240 608 damnavimus

288 635 390 670 atque
411 622 602 667 cassavimus
622 620 777 664 scriptum
799 617 883 653 illud
904 642 915 660 ,
940 617 975 661 in
998 630 1066 664 quo
1086 615 1240 658 haeretieoe

291 675 357 717 51¹ae
367 673 536 720 pravitates
554 666 790 710 eontinentur,
814 668 850 702 &
873 667 910 702 in
935 667 1063 704 irritum
1086 667 1240 704 duximus

291 736 365 769 qua:
377 724 411 759 in
422 732 464 766 eo
475 721 589 765 scripta
602 720 675 762 sunt
690 746 695 752 .
723 720 766 754 Et
777 718 940 763 presertim
954 717 1037 758 baec:
1051 719 1154 771 Quod
1168 729 1237 758 no„

290 774 388 817 niteat
399 772 565 825 Episcopo
575 768 860 815 excommunicare
871 793 882 815 ‚
907 769 971 810 dte.

457 912 866 963 emsroL'A
922 920 1103 983 CXLV„

326 1026 472 1066 ’Thomas
482 1012 997 1120 cantuarienfigpfffissssplscopus
1023 1019 1194 1065 cicestrensi

386 1175 478 1213 UIA
504 1175 694 1217 Dominum
718 1174 847 1221 Regem
877 1172 1006 1220 Angliae
1032 1172 1105 1210 satis
1132 1173 1243 1216 super-

411 1239 474 1273 que
499 1227 731 1266 sustinuimus,
758 1225 819 1262 nec
839 1226 944 1261 ullum
971 1236 1012 1260 ex
1037 1235 1078 1258 eo
1089 1223 1242 1259 sustinen-

403 1278 457 1316 tiae
479 1276 594 1314 nossrae
611 1276 751 1312 frustum
774 1275 999 1318 percepimus,
1026 1272 1241 1317 periculosum

291 1326 547 1364 &intolerabile
559 1324 656 1360 nobis
674 1324 817 1359 omnino
839 1324 942 1357 visum
966 1324 1011 1358 est
1025 1332 1136 1360 tantos
1154 1321 1243 1357 illius

290 1379 327 1412 ὅ(
336 1377 540 1415 officialium
552 1376 620 1420 ejus
630 1375 773 1410 excessus
781 1373 847 1417 jam
860 1385 900 1408 ex
915 1372 981 1407 hoc
992 1396 1004 1413 ,
1027 1381 1064 1407 ut
1074 1371 1241 1412 hastenus,

290 1427 478 1471 impunitos
496 1426 703 1470 relinquere.-
727 1422 897 1469 praesertim
908 1433 985 1458 cum
1009 1423 1043 1458 ἀ
1060 1421 1206 1458 Nunciis
1232 1445 1244 1462 ,

291 1478 327 1513 &
341 1476 478 1515 litteris,
502 1476 536 1511 &
549 1474 657 1510 modis
666 1472 740 1507 aliis
759 1472 997 1512 studuerimus,
1023 1482 1083 1506 nec
1104 1472 1243 1514 potueri-

291 1538 364 1567 mus
382 1537 458 1566 ,enm
478 1524 498 1558 a
513 1525 662 1568 perverso
683 1522 850 1566 proposito
878 1529 1029 1557 revocare
1050 1545 1060 1553 .
1096 1519 1243 1557 Proinde

293 1578 448 1621 scriptum
461 1573 544 1612 illud
561 1598 573 1617 ,
600 1574 635 1609 in
646 1570 787 1618 quoillae
797 1582 867 1607 non
888 1570 1163 1611 consuetudines,
1189 1569 1243 1604 sed

292 1627 403 1673 potius
414 1619 829 1671 pravitateseontinentur,
848 1621 970 1666 quibus
990 1620 1193 1665 perturbatur
1211 1620 1244 1654 ὅ(

292 1676 511 1715 confunditur
531 1673 718 1718 Anglicana
742 1671 906 1712 Ecclefia,
932 1670 1062 1715 publice
1080 1670 1245 1707 damnavi-

293 1738 368 1763 mus
386 1725 421 1763 &
441 1723 632 1762 cassavimus
645 1745 657 1764 ,
679 1721 714 1754 ἀ
730 1718 825 1763 ipfius
845 1719 954 1762 scripti
975 1719 1210 1756 authoritatem

293 1775 480 1816 Universos
492 1774 593 1807 etiam
610 1769 835 1806 observatores
855 1768 890 1804 δε
911 1769 1075 1805 ααέἰοκς
1096 1779 1208 1803 earum
1233 1792 1244 1810 ‚

293 1820 757 1864 confiliatores&adjutores‚
782 1819 836 1853 seu
848 1818 1031 1854 defensores
1050 1828 1241 1853 excommu-

289 1875 496 1914 nicavimus:
523 1869 750 1914 &Episcopus
760 1867 1154 1914 nostrosapromiffione,
1178 1878 1244 1912 qua

293 1925 492 1961 tenebantur
503 1919 544 1955 ad
566 1918 830 1958 observationem
851 1927 986 1959 earum.
1008 1917 1209 1954 absolvimus
1236 1942 1246 1950 .

292 1973 545 2014 Authoritatem
557 1969 659 2005 etiam
672 1968 804 2013 scripti,
828 1968 982 2013 &ipsum
1006 1967 1185 2012 scriptum,
1210 1967 1246 2001 ἀ

292 2036 366 2070 quae
387 2025 420 2062 in
443 2022 515 2067 ipso
535 2020 772 2060 continentur,
796 2018 832 2052 in
854 2018 981 2052 irritum
998 2016 1173 2052 duximus.
1202 2015 1247 2050 Et

289 2074 466 2122 prasertim
479 2072 565 2108 haec:
594 2071 754 2118 ‚Qut-dmm
764 2070 852 2104 liceat
864 2065 1032 2113 Episcopo,
1055 2067 1112 2102 ec.
1135 2065 1191 2103 Ut
1201 2065 1248 2100 su·

294 2133 351 2173 pra
358 2125 459 2169 usque
468 2137 480 2158 .-
506 2120 730 2164 Nfflrefipuerir
740 2145 749 2153 .

345 2174 453 2213 Unde
469 2172 538 2213 est,
563 2171 653 2216 quod
662 2169 857 2206 mandamus
867 2168 986 2211 vobis,
1008 2167 1044 2203 ὰ
1066 2167 1103 2201 ἰιι
1125 2167 1263 2203 virtute

287 2220 491 2267 *obedientiae
500 2222 701 2268 praecipimus
713 2245 724 2261 ,
747 2231 785 2255 ut
800 2231 859 2255 eos
875 2218 931 2260 qui
952 2218 972 2251 a
997 2215 1094 2252 uobis
1114 2227 1248 2252 excom·

294 2274 455 2314 manicati
467 2273 541 2308 sunt
554 2296 566 2314 ,
584 2271 659 2307 Vos
669 2279 822 2314 quoque,
847 2276 945 2312 prout
967 2266 1084 2308 decet,
1115 2277 1249 2300 excom·

297 2325 487 2363 municatos
499 2323 533 2360 ἀ
543 2319 691 2356 habeatis
700 2344 711 2361 ,
721 2319 756 2353 ἀ
765 2316 956 2352 denunciari
971 2316 1116 2351 faciatis.
1146 2316 1245 2359 Juxta

295 2374 383 2415 illud
405 2375 586 2410 Decretum
609 2369 757 2404 Honorii
778 2366 875 2411 Papae
899 2379 907 2398 ε
942 2370 1034 2400 Curae
1051 2363 1091 2406 fit
1112 2366 1247 2399 mnibus

298 2422 458 2468 Epist-opis
467 2426 780 2456 excommunicatorum
790 2422 913 2451 nomina
923 2425 988 2450 tam
1000 2421 1111 2450 vicinis
1123 2414 1247 2459 Episto-

294 2480 368 2522 pls,
398 2469 558 2517 qudmsuis
568 2469 765 2505 parochianis
781 2473 901 2509 pamer-
930 2468 1086 2506 indtcate‚
1112 2477 1204 2508 eaque
1215 2471 1249 2499 in

298 2524 403 2562 celebri
413 2523 472 2558 loco
476 2530 547 2565 prae
549 2519 671 2563 fhribus
692 2516 830 2559 Ecclefiae
851 2515 966 2560 “2851
991 2515 1180 2550 venientlbus
1201 2520 1249 2549 in-

299 2576 436 2614 culcare,
463 2581 607 2615 quatenus
617 2575 650 2603 in
665 2576 791 2612 utraque
800 2567 962 2610 dlligenssae
979 2570 1238 2601 excommnicatis

299 2624 406 2666 tabique
423 2620 636 2663 Ecclefiaflicus
659 2619 762 2652 aditus
776 2617 935 2662 denegetur
947 2639 960 2657 ,
995 2618 1031 2652 θ’
1048 2614 1249 2661 excusanaas

302 2672 391 2717 causa
402 2673 534 2708 omnibus
545 2669 705 2716 auferatur
716 2693 724 2701 .

462 2815 874 2859 EPISTOLA
936 2816 1093 2854 CXLVI.

384 2923 501 2959 Tbunae
526 2918 736 2962 Caneuamnfi
757 2918 1006 2963 Archi-Episcopo
1030 2919 1180 2954 Nicotaus
1220 2944 1223 2945 ν

565 2974 602 3007 de
626 2967 972 3014 Monte-Rothmagenfi
984 2993 994 3003 ,

416 3071 727 3108 EHEMENTER
752 3069 853 3117 gavisi
863 3069 972 3104 sumus
983 3092 994 3109 ,
1012 3080 1053 3103 ex
1064 3079 1131 3114 quo
1142 3079 1198 3112 per
1209 3068 1259 3102 lit-

443 3133 524 3157 teras
535 3121 651 3156 vestras
662 3121 760 3156 nobis
770 3119 919 3155 innotuit
930 3144 942 3160 ,
970 3119 1060 3162 quod
1071 3119 1259 3153 Institutio-

311 3185 370 3210 nes
382 3184 494 3218 pravas
502 3195 515 3213 ,
538 3171 579 3206 ad
591 3182 726 3215 quarum
738 3170 977 3206 observantiam
988 3168 1141 3211 Princeps
1153 3166 1259 3201 noster

312 3223 503 3271 Anglorum
514 3222 693 3266 Episcopus
705 3220 811 3255 voluit
832 3219 978 3265 obligare
991 3242 1003 3259 ,
1022 3217 1155 3262 publico
1179 3228 1260 3250 aua-

313 3273 459 3310 themate
467 3270 727 3309 condemnastis.
754 3270 842 3304 Cum
863 3270 952 3304 enim
969 3268 1063 3302 vobis
1085 3278 1152 3302 non
1163 3267 1261 3300 sitin-

314 3334 441 3358 certum
455 3348 466 3364 ,
492 3332 612 3368 paucos
631 3320 672 3356 ad
693 3320 827 3363 praesens
847 3317 989 3354 inveniri
1003 3343 1015 3359 ,
1039 3318 1096 3362 qui
1122 3317 1172 3351 vel
1195 3317 1262 3350 refi-

316 3371 402 3405 ssant
415 3371 627 3415 pravitatibus
639 3396 651 3412 ,
677 3369 728 3403 vel
737 3379 813 3409 eos,
838 3380 921 3413 quos
932 3365 1240 3403 excommunicastis
1252 3391 1262 3407 ‚

316 3420 448 3470 publice
460 3423 627 3466 devitent,
653 3419 773 3455 scimus
782 3418 874 3465 quod
885 3430 954 3456 non
977 3419 1014 3454 in
1035 3417 1190 3455 humanis
1211 3426 1264 3451 au·

1236 1721 1264 1808 l

1298 170 1406 213 xiliis,
1432 172 1486 207 sed
1504 174 1538 206 in
1547 183 1592 206 eo
1604 170 1759 206 fiduciam
1773 173 2163 217 executionis-sententia
2186 176 2242 221 po·

1301 221 1427 266 fuistis,
1453 223 1509 269 qui
1523 221 1614 258 dedit
1623 222 1816 267 potestatem
1830 223 1928 256 talem
1949 222 2155 262 bominibus.
2182 226 2238 261 Aa

1300 282 1395 314 quem
1409 272 1580 316 respiciens
1592 272 1728 315 Moyses
1739 284 1805 307 non
1819 273 1935 307 virtute
1947 277 2089 317 eorporis
2100 302 2110 319 ,
2123 289 2184 312 nee
2194 289 2240 311 ar·

1302 332 1424 356 matura
1437 324 1609 366 potentie,
1636 323 1688 356 sed
1702 321 1802 357 verbo
1814 333 1888 356 eum
1900 345 1910 361 ‚
1935 323 1993 365 qui
2017 325 2049 358 se
2068 327 2203 362 vexabat
2229 350 2243 367 ,

1303 371 1456 415 subjecit.
1481 372 1651 418 Siquidem
1664 371 1920 407 excellentius&
1941 371 2093 407 sincerius
2109 375 2242 411 inchoa·

1303 421 1356 455 stis
1371 446 1381 462 ,
1401 423 1531 466 quam-fi
1544 424 1578 457 in
1593 423 1695 467 ipsam
1707 422 1812 469 Regis
1824 423 1991 467 personam
2003 422 2166 458 dedissetis
2175 429 2241 461 sen·

1302 473 1435 507 tentiam
1448 498 1456 505 .
1483 472 1752 509 Condemnando
1765 484 1907 517 namque
1927 472 2079 517 predictas
2099 474 2243 518 pravita-

1302 532 1367 561 tes,
1391 523 1471 559 citra
1486 523 1718 568 diberationem
1740 523 1888 559 Ecclefiae
1909 523 1974 558 Dei
1993 534 2135 558 omnem
2150 523 2243 558 vobis

1302 571 1452 607 redeundi
1464 574 1589 609 aditum
1601 573 1804 610 obstruxistis
1817 599 1825 607 .
1850 573 1996 610 Proinde
2007 574 2103 608 frater
2114 573 2150 608 G
2150 595 2245 607 .....

1302 622 1358 666 qui
1370 622 1490 658 litteras
1499 625 1618 658 vestras
1635 625 1758 659 deferre
1779 624 1956 665 debuerat,
1983 635 2053 659 non
2073 624 2186 665 venit,
2211 624 2246 660 6.(

1301 671 1346 706 ob
1357 670 1421 707 boc
1431 683 1483 707 eas
1494 674 1647 709 Domino
1659 673 1919 720 Rothomagensi
1932 684 2042 708 coram
2054 684 2155 718 puero
2165 698 2177 715 ,
2195 673 2248 708 la-

1301 732 1371 758 tore
1392 724 1589 766 presentium
1603 749 1615 766 ,
1643 725 1784 770 legimus
1800 726 1834 761 dc
1852 724 2067 760 tradidimus.
2095 723 2166 771 Qi
2190 732 2250 759 eas

1300 783 1365 817 quo
1376 773 1510 814 animo,
1535 786 1602 819 quo
1613 775 1707 810 vultu
1718 773 1888 820 susceperit
1899 800 1912 817 ‚
1939 786 2018 818 puer
2037 786 2078 810 ex
2091 784 2249 821 partegog

1301 824 1445 868 gnoscit.
1474 824 1604 873 Qoda
1616 827 1855 861 communione
1865 826 1895 860 se
1906 823 2073 860 subtrahat
2090 835 2206 859 eorum
2231 833 2248 866 ,·

1302 885 1382 921 quos
1401 875 1732 918 excommunicastis,
1767 887 1830 911 nec
1848 874 1956 916 dixit,
1998 886 2058 909 nec
2078 875 2211 920 negavit
2236 897 2246 907 .

1301 923 1405 972 Qod
1416 935 1472 961 eos
1482 924 1614 970 publice
1634 937 1705 960 non
1724 925 1959 966 denuntiaret,
1983 925 2113 960 asseruit
2133 924 2247 959 dicens

1302 972 1367 1008 bac
1377 972 1453 1009 ideo
1462 986 1521 1010 vos
1532 974 1715 1013 mandasse,
1740 976 1818 1018 quia
1831 975 1937 1018 plures
1945 975 2039 1010 exilii
2060 975 2167 1010 socios
2178 973 2244 1008 vel·

1301 1024 1374 1059 letis
1386 1022 1522 1059 babere.
1549 1024 1653 1072 Quod
1665 1025 1787 1059 litteras
1796 1025 1914 1059 vestras
1924 1024 2080 1068 suscipere
2100 1036 2170 1059 non
2191 1023 2249 1066 def

1301 1074 1438 1117 humet,
1468 1075 1628 1109 affirmat:
1653 1073 1829 1122 Qoniam
1852 1074 1923 1117 ipso
1942 1073 2164 1114 adveniente,
2189 1083 2249 1110 vos

1300 1125 1370 1168 ejus
1394 1124 1592 1168 praesentiam
1616 1122 1785 1158 devitastis
1804 1147 1813 1155 .
1837 1121 2066 1158 Intelleximus
2085 1122 2251 1168 etiamab

1299 1187 1356 1210 ore
1376 1174 1467 1216 ejus,
1494 1175 1583 1218 quod
1605 1174 1645 1208 ad
1671 1173 1900 1208 infirmandam
1931 1171 2125 1217 sententiam
2147 1197 2160 1213 ,
2195 1164 2252 1207 seu

1299 1236 1368 1270 quae
1378 1225 1452 1259 data
1463 1223 1508 1258 est
1518 1249 1530 1265 ‚
1555 1224 1608 1258 seu
1621 1235 1691 1266 quae
1703 1223 1840 1258 dabibur
1851 1224 1868 1257 a
1892 1222 1986 1258 vobis
1997 1247 2008 1263 ,
2035 1222 2135 1266 parati
2149 1231 2254 1264 erunt,

1301 1274 1437 1320 probare
1459 1274 1527 1318 ipse
1548 1271 1845 1319 Rothomagenfis‚
1873 1273 2086 1308 Lexovienfis
2098 1296 2110 1312 ,
2138 1273 2173 1308 &
2193 1272 2251 1308 81·-

1302 1325 1440 1372 gienfis,
1467 1323 1557 1369 quod
1585 1333 1714 1368 propter
1733 1322 1799 1358 hoc
1821 1321 1862 1357 ad
1882 1333 1942 1357 vos
1970 1322 2151 1368 pergebant
2173 1346 2186 1363 ,
2211 1330 2249 1367 ut

1305 1375 1398 1412 vobis
1410 1374 1561 1410 offerrent
1574 1385 1709 1408 omnem
1731 1369 2005 1414 satisfactionem,
2029 1382 2143 1408 eorum
2166 1371 2253 1415 judi-

1305 1427 1360 1461 cio
1380 1451 1392 1468 ,
1417 1435 1500 1470 quos
1525 1435 1655 1469 aequum
1677 1421 1723 1461 ὦ
1749 1421 1893 1468 judicare
1917 1424 2003 1460 inter
2029 1433 2087 1459 vos
2113 1423 2150 1458 &
2185 1421 2252 1456 Re·-

1306 1486 1381 1521 gem
1393 1500 1401 1509 .
2191 1500 2195 1503 -
2249 1506 2254 1514 ,

1356 1524 1484 1560 Nostrae
1506 1522 1616 1569 itaque
1639 1524 1789 1569 parvitati
1813 1524 1920 1566 visum
1940 1524 2012 1567 est,
2036 1525 2060 1559 si
2085 1523 2119 1559 id
2141 1521 2253 1558 vestra

1307 1574 1501 1609 discretioni
1523 1598 1535 1614 ,
1571 1576 1606 1609 ὅ(
1627 1587 1741 1609 eorum
1763 1577 1822 1619 qui
1845 1576 2015 1611 vobiscum
2038 1577 2135 1615 sunt,
2167 1583 2255 1608 con·-

1308 1635 1426 1669 gruum
1438 1624 1604 1663 videatur,
1629 1633 1789 1669 quatenus
1810 1625 1933 1659 litteras
1960 1626 2076 1659 vestras
2098 1622 2254 1669 nomino

1310 1673 1572 1719 Rothomagenfi
1594 1673 1627 1708 ἀ
1653 1672 1806 1718 praedietis
1827 1674 1998 1718 Episcopis
2017 1672 2193 1718 dirigatis.5
2215 1672 2255 1717 iq

1310 1725 1427 1766 quibus
1439 1724 1486 1758 eis
1497 1723 1720 1767 significetur,
1748 1724 1837 1767 quod
1849 1732 1978 1768 paratus
1995 1722 2120 1763 fuistis,
2145 1720 2221 1766 estis
2241 1745 2259 1762 ,
2277 1749 2282 1757 ,

1309 1775 1343 1807 ἀ
1354 1773 1445 1806 eritis
1457 1794 1469 1811 ,
1492 1772 1596 1805 redire
1613 1773 1654 1806 ad
1672 1772 1788 1806 sedem
1800 1773 1936 1806 vestram
1949 1796 1963 1813 ,
1999 1774 2034 1807 &
2056 1772 2162 1807 subire
2170 1770 2256 1821 §adj-3

1309 1824 1421 1862 cium,
1446 1821 1680 1865 quodcumque
1701 1820 2001 1865 Archi-Episcopus
2011 1821 2259 1860 Cantuariensts

1309 1873 1401 1916 juxta
1414 1871 1593 1906 Canonum
1607 1872 1778 1906 censuram
1787 1869 1892 1906 subire
1903 1871 2071 1907 debuerit:
2097 1872 2132 1906 Si
2143 1881 2256 1910 tameo

1310 1922 1366 1966 ipsi
1382 1922 1553 1965 impetrare
1563 1919 1888 1967 potuerintaRege,
1913 1932 1949 1956 ut
1970 1921 2115 1956 habeatis
2135 1921 2173 1956 in
2195 1918 2259 1967 pri}

1310 1973 1372 2006 mis
1390 1971 1546 2006 redeundi
1570 1972 1776 2006 securitatem
1798 1994 1810 2011 ,
1837 1973 1986 2007 Domina
2008 1970 2262 2017 Imperatticed'o

1311 2021 1463 2057 Domino
1478 2019 1738 2066 Rothomagenfi
1749 2021 2151 2066 interponentibuspartes
2159 2021 2233 2055 suas
2245 2045 2259 2062 ,

1313 2070 1492 2105 secundum
1504 2070 1592 2115 quod
1605 2071 1771 2106 Dominus
1782 2070 1869 2116 Papa
1882 2073 2009 2107 censuit
2020 2096 2029 2103 .
2056 2073 2140 2108 ltem
2150 2071 2174 2104 fi
2188 2070 2257 2105 Ec·-

1309 2120 1403 2156 clefia
1419 2121 1452 2155 in
1467 2122 1632 2165 integrum
1642 2120 1825 2156 restituatur
1840 2144 1854 2162 ,
1883 2133 1955 2158 tum
1976 2120 2018 2156 ad
2036 2120 2222 2156 libertatem
2246 2143 2261 2160 .

1313 2173 1345 2204 in
1359 2182 1423 2214 qua
1435 2181 1503 2204 erat
1515 2170 1697 2215 aliquando
1717 2194 1729 2212 ,
1755 2172 1942 2217 priusquam
1961 2171 2091 2216 querela
2111 2179 2204 2206 mota
2212 2169 2260 2204 est

1312 2223 1395 2255 inter
1409 2221 1512 2255 vos&
1535 2220 1663 2266 Regem
1676 2245 1687 2261 ,
1713 2221 1848 2266 quando
1868 2222 1989 2257 scilieet
2011 2222 2168 2266 Episcopi
2189 2230 2259 2254 non

1310 2279 1399 2305 erant
1413 2270 1559 2316 obligati
1570 2270 1611 2305 ad
1623 2271 1865 2307 observantiam
1887 2273 2085 2316 pravitatum
2097 2295 2110 2311 .
2135 2278 2208 2306 tum
2217 2269 2259 2306 ad

1310 2332 1348 2355 ea
1360 2330 1431 2363 quae
1444 2320 1654 2363 postmodum
1666 2321 1774 2356 ablata
1785 2321 1861 2356 sunt
1872 2321 1964 2356 vobis
1976 2322 2010 2356 δε
2033 2321 2144 2357 vestris
2153 2345 2162 2353 .
2190 2320 2264 2356 Ro-

1311 2372 1397 2415 getis
1416 2371 1515 2404 etiam
1529 2369 1605 2404 illos
1618 2394 1631 2409 ‚
1657 2369 1747 2413 quod
1766 2371 1788 2404 fi
1814 2372 1988 2413 impetrare
2009 2383 2076 2404 non
2100 2371 2221 2414 poffint
2240 2371 2262 2406 ὶ

1312 2420 1407 2464 Rege
1421 2419 1475 2459 id,
1502 2419 1593 2463 qnod
1604 2416 1968 2454 fieriCanonicadietat
1986 2419 2187 2460 authoritas,
2218 2431 2261 2454 ne

1312 2467 1427 2504 babeat
1441 2469 1517 2504 illos
1528 2467 1689 2514 adjutores
1703 2470 1736 2503 in
1753 2469 1901 2504 Ecclefiae
1907 2468 2143 2509 detrimentum
2155 2492 2166 2508 ,
2191 2470 2262 2514 qui-

1314 2520 1375 2555 bus
1384 2519 1588 2563 acquiescere
1602 2530 1668 2553 non
1685 2519 1758 2554 vult
1771 2520 1806 2554 in
1820 2518 1872 2554 his
1883 2545 1894 2560 ,
1906 2530 1978 2563 quae
1988 2518 2182 2562 spectantad
2189 2516 2263 2554 eha-

1315 2569 1419 2605 ritatis
1440 2569 1601 2613 judicium
1615 2594 1623 2601 .
1658 2570 1740 2603 Haec
1762 2569 1828 2603 illis
1853 2566 2039 2604 mandanda
2058 2567 2222 2604 credimus
2247 2592 2263 2609 ‚

1258 1989 1265 2033 l

1259 2054 1264 2082 l

1316 2620 1499 2665 priusquam
1528 2620 1563 2653 in
1592 2619 1721 2663 Regem
1745 2619 1905 2655 sententia
1925 2619 2039 2654 detur:
2066 2618 2150 2653 Non
2171 2617 2266 2665 qudtd

1316 2670 1434 2705 horum
1446 2669 1626 2714 quidquam
1640 2670 1763 2704 saciant
1779 2693 1791 2711 ,
1816 2668 1872 2704 sed
1884 2680 1924 2703 ne
1938 2668 2008 2708 his,
2034 2680 2106 2712 quat
2125 2669 2145 2702 ὶ
2169 2667 2264 2704 vobis

1317 2720 1405 2766 gesta
1418 2720 1494 2754 sunt
1505 2720 1555 2753 vel
1568 2730 1721 2764 gerentur
1732 2744 1744 2760 ‚
1778 2729 1913 2764 quoquo
1933 2717 2035 2753 modo
2059 2719 2190 2754 valeant
2205 2718 2265 2764 ob-

1318 2775 1418 2805 viare.
1446 2769 1492 2804 Et
1503 2770 1525 2803 fi
1536 2770 1578 2804 ad
1591 2781 1648 2804 eos
1658 2770 1781 2804 litteras
1792 2767 1963 2809 miseritis,
1988 2779 2099 2802 earum
2121 2768 2269 2815 transcrio

1320 2833 1410 2865 ptum
1425 2820 1521 2854 nobis
1532 2820 1674 2854 mittite.
1701 2818 1855 2853 Praeterea
1877 2818 2045 2853 Dominus
2072 2818 2266 2853 Rothoma—

1319 2871 1423 2916 genfis
1434 2870 1632 2914 Imperatrici
1645 2868 1842 2912 conquestus
1860 2866 1906 2902 est
1917 2893 1928 2908 ,
1954 2866 2043 2911 quod
2055 2869 2085 2901 ei
2097 2866 2267 2910 hujusmo-

1319 2921 1354 2956 di
1365 2921 1489 2954 litteras
1500 2919 1745 2954 tradiderimus.
1772 2918 1905 2952 Totum
1926 2928 2058 2961 quoque
2082 2917 2172 2962 quod
2197 2921 2267 2963 agi·

1321 2971 1385 3011 tis,
1411 2980 1468 3004 aut
1491 2968 1692 3004 extollentiae
1714 2969 1852 3011 imputat
1867 2991 1879 3007 ,
1904 2979 1960 3002 aut
1981 2968 2034 3001 irae
2055 2992 2064 3000 .
2093 2968 2147 3001 De
2169 2968 2265 3001 nobis

1322 3032 1379 3065 pro
1389 3030 1481 3054 certo
1493 3018 1620 3059 sciatis,
1644 3017 1733 3062 quod
1743 3019 2039 3052 excommunicatis
2059 3017 2078 3050 ὶ
2103 3017 2265 3053 vobismet

1323 3073 1357 3105 in
1368 3069 1572 3104 salutationis
1586 3067 1683 3102 verbo
1693 3067 2015 3103 communicabimus
2026 3093 2035 3100 .
2050 3066 2156 3104 Unde
2166 3065 2264 3101 vobis

1324 3120 1540 3164 supplicamus
1558 3117 1740 3159 attentius,
1784 3128 1944 3163 quatenus
1974 3118 2072 3152 nobis
2097 3115 2269 3151 rescribere

1324 3169 1532 3216 dignemini,
1555 3179 1596 3202 an
1609 3167 1644 3201 iu
1656 3165 1708 3201 bis
1719 3192 1730 3207 ,
1750 3167 1785 3201 δε
1799 3168 1832 3201 in
1850 3168 2006 3203 omnibus
2017 3167 2090 3202 aliis
2102 3192 2114 3208 ,
2132 3167 2150 3200 a
2162 3165 2268 3210 Regis

1325 3219 1559 3255 communione
1569 3216 1744 3252 debeamus
1753 3216 1912 3253 abstinere
1923 3241 1935 3258 ,
1960 3218 1982 3251 fi
1994 3219 2030 3250 in
2042 3228 2119 3251 eum
2143 3217 2273 3251 senten·

1326 3271 1407 3305 tiam
1418 3268 1573 3304 dederitis
1581 3290 1594 3307 ,
1618 3278 1655 3301 ut
1671 3279 1731 3302 nec
1739 3267 1781 3302 ab
1790 3278 1832 3303 eo
1842 3268 2018 3313 quidquam
2029 3268 2175 3310 accipere
2186 3290 2199 3307 ,
2209 3276 2271 3299 nec

1326 3320 1454 3355 eumin
1465 3317 1683 3353 celebratione
1694 3317 1800 3352 Miffae
1812 3319 1909 3353 liceat
1929 3317 2101 3351 nominare
2111 3341 2120 3348 .
2145 3314 2272 3362 Qale·

1328 3369 1574 3414 cnmqneenIm
1597 3377 1760 3403 terrenum
1781 3366 1998 3404 commodum
2020 3367 2072 3400 vel
2094 3363 2275 3410 periculum

1331 3419 1496 3457 credimus
1507 3418 1793 3466 postponendum,
1819 3428 1857 3454 ut
1866 3426 2027 3462 quantum
2038 3415 2178 3452 innobis
2194 3413 2240 3448 est
2264 3435 2278 3454 0

2127 3473 2239 3500 totum
