2358 3776
349 145 430 206 „73

282 278 389 312 &velut
401 276 501 308 Sacrae
516 272 682 317 Scripturae
702 273 901 309 testimoniis
924 274 1117 308 edocemur.
1143 274 1250 308 Inten-

297 327 414 362 tiotua
434 323 591 368 operituo
602 335 725 360 nomen
740 325 901 368 imponit
927 323 1018 358 Nam
1045 324 1172 359 ficut&
1192 324 1249 359 ali·

863 115 1543 187 ⁷·*e1s1st0‘LAE

290 228 402 266 sunt,
427 225 462 259 &
475 220 567 257 viris
589 221 736 265 discretis
757 219 795 258 ac
813 221 1028 268 prudentibus
1045 224 1212 258 metienda
1238 248 1249 265 ,

1416 271 1823 310 EPISTOLA
1926 245 2137 310 x'xv'iu.

295 376 331 411 bi
342 375 493 419 legitur
528 372 621 417 Usque
640 377 715 408 adea
728 375 934 408 voluntarium
953 373 992 414 est
1000 379 1155 416 peccatum
1178 396 1206 415 ‚
1202 383 1249 407 ut
1305 374 1426 410 Ybomae
1451 373 1664 418 Canruartenfi
1685 374 1792 409 Archi·
1805 370 1949 417 Episcopo
1960 371 2036 418 suus
2048 372 2244 417 Βηιαὶρὸιιι.

299 421 457 474 nififiaerit
468 426 693 466 voluntarium,
721 423 1007 466 nonfitpeccatum.
1035 422 1078 458 Et
1096 426 1247 468 omnipo-

296 482 371 510 tens
381 471 551 522 Dominus
561 486 629 508 non
641 476 763 509 saelum
785 474 913 520 agentis
924 474 1063 508 attendit
1075 496 1086 513 ,
1105 474 1157 508 sed
1170 486 1247 509 con-

285 522 407 560 fiderat
419 524 528 570 potius
541 525 780 567 intentionem,
807 526 842 559 ἀ
863 523 1020 569 dijudicat
1033 523 1246 559 voluntatem.

284 575 334 611 '‘Si
352 573 455 620 igitur
465 575 590 619 aliquid
613 587 645 610 tc
666 577 785 611 recolis
796 574 1010 614 commififfe,
1035 574 1077 608 de
1097 585 1164 618 quo
1175 585 1241 618 Ριο

291 626 361 672 pria
372 634 405 659 te
414 625 529 660 debeat
540 626 742 661 conscientia
754 624 937 661 remordere
950 648 961 664 ,
985 623 1146 669 quidquid
1170 625 1207 658 fit
1234 649 1245 664 ,

296 676 490 716 Sacerdoti,
515 674 574 721 qui
584 676 785 711 discretus&
806 674 962 720 providus
983 673 1157 716 habeatur,
1181 673 1244 708 tibi

294 726 497 761 consulimus
522 738 577 770 per
596 727 825 771 poenitentiam
846 724 1018 759 confiteri.
1055 725 1138 773 Qio
1156 725 1242 759 fadio

285 776 326 810 ,ἃ
337 777 520 811 misericors
539 777 730 817 Dominus,
756 777 811 821 qui
834 775 942 810 multo
959 775 1103 819 amplius
1125 775 1166 809 ad
1188 785 1244 809 cor

290 826 443 870 respicit,
471 827 569 871 quarn
585 827 625 861 ad
649 829 758 867 aelus,
784 824 844 861 tibi
855 827 1008 860 consueta
1029 826 1159 870 pietatis
1181 826 1243 859 suae

283 876 500 912 miseratione
519 878 683 912 dimittet.
723 878 767 910 Et
789 887 872 915 nos,
897 875 938 910 de
956 875 1136 910 Beatorum'
1154 873 1242 914 Petri

291 925 326 959 &
337 925 433 960 Pauli
444 928 680 972 Apostolorum
692 926 759 970 ejus
777 925 902 961 meritis
911 924 1135 967 confidentes,
1160 935 1192 959 te
1204 924 1244 959 ab

291 986 361 1017 eo,
386 977 477 1020 quod
488 977 533 1012 est
545 976 773 1017 commissum,
798 975 1023 1017 absolvimus,
1046 977 1079 1011 ἀ
1099 976 1240 1019 idipsum

283 1021 574 1062 Fraternitatituae
602 1018 802 1074 authoritate
821 1026 1015 1071 Apostolica
1027 1026 1208 1061 relaxamus
1234 1048 1244 1065 ‚

289 1077 500 1111 consulentes
510 1077 623 1122 utique
634 1089 671 1112 ac
683 1071 900 1118 mandantes,
926 1087 963 1111 ut
973 1076 1084 1120 postea
1103 1077 1121 1110 ὲ
1132 1076 1243 1110 Miffa-

290 1133 363 1159 rum
378 1124 653 1162 celebrationibus
663 1138 795 1173 propter
816 1125 881 1162 hoe
892 1138 959 1162 non
982 1124 1128 1163 debeatis
1147 1125 1242 1161 absti-

286 1184 364 1211 nere
377 1201 386 1210 .
413 1176 540 1213 Datum
551 1179 694 1214 Senonis
704 1203 716 1220 ,
741 1176 902 1213 Kalendis
910 1176 1034 1222 Aprilis
1045 1201 1052 1209 .

410 1276 826 1313 EPISTOLA
926 1275 1111 1312 XXVII.

384 1376 577 1413 Alexander
603 1374 693 1421 Papa
719 1375 895 1413 Univerfis
919 1375 1140 1423 Suffraganeis

535 1426 782 1462 Cantuarienlis
809 1426 975 1463 Ecclefiae.

359 1525 532 1558 Alexander
543 1524 711 1569 Episcopus
721 1550 732 1565 ‚
762 1527 878 1559 Servus
900 1520 1056 1559 Servorum
1077 1529 1138 1559 Dei
1150 1550 1163 1567 ,

322 1591 325 1595 ·
383 1573 609 1608 venerabilibus
631 1574 795 1609 Fratribus
807 1574 958 1615 Univerfis
981 1573 1140 1618 suffraga-

434 1628 498 1658 neis
511 1621 733 1670 Cantuqrienfis
746 1623 896 1665 Ecclefiae,
908 1625 1039 1658 salutem
1053 1625 1088 1659 ὑ

518 1674 710 1716 apostolicam
723 1674 971 1707 Benedimonem
984 1698 992 1705 .

346 1770 675 1808 lGNlFlCAUIT
700 1770 798 1807 nobis
818 1770 1027 1807 Venerabilis
1048 1767 1160 1805 Frater
1178 1782 1235 1805 no-

372 1824 434 1857 ster
466 1822 711 1858 Cantuarienfis
743 1819 865 1857 Archi·
878 1821 1061 1867 Episcopus
1094 1846 1107 1863 ‚
1145 1820 1238 1855 Sedis

282 1864 485 1918 Apostolicae
520 1872 687 1916 Legatos,
700 1871 803 1916 quod
817 1873 840 1906 fi
875 1871 1009 1916 quando
1050 1883 1110 1907 vos
1133 1871 1239 1916 appel·

282 1925 356 1959 latis
379 1923 432 1957 ad
456 1922 655 1975 praesentiam
691 1921 850 1957 nostram·
842 1947 872 1968 ,
897 1922 951 1958 vel
979 1920 1106 1957 Archi·
1117 1921 1238 1956 Diaco-

283 1974 320 2009 ni
342 1972 437 2007 vestri
456 1997 467 2013 ,
505 1970 599 2015 fii'per
619 1965 733 2016 aliquo
752 1981 844 2007 certo
871 1973 1010 2019 negotio
1029 1984 1048 2006 a
1072 1971 1237 2015 praesentia

283 2024 352 2068 ejus
369 2048 379 2064 ,
406 2019 623 2066 Episcopatus
644 2021 679 2057 ἀ
700 2020 804 2057 Archi
817 2019 1055 2059 -Diaconatus
1065 2021 1124 2056 sub
1134 2030 1238 2066 prote·

274 2075 394 2108 -ffione
406 2069 737 2120 Apost'olica'ponitis
750 2097 762 2113 ,
787 2072 1003 2117 &appellatis
1021 2072 1062 2106 ad
1087 2082 1238 2106 annum.

281 2125 328 2159 Et
341 2123 474 2158 interim
487 2134 593 2167 neque
601 2122 643 2157 de
654 2122 821 2167 praeteritis
840 2122 1039 2167 commistis,
1066 2132 1172 2164 neque
1194 2121 1236 2155 de

284 2173 382 2209 novis
393 2172 573 2208 exceffibus
593 2172 725 2214 vestris,
750 2172 815 2206 five
824 2172 866 2207 dc
877 2147 1099 2216 Subiectorum
1114 2172 1238 2218 vestro-

280 2235 356 2260 rum
366 2222 490 2258 dellens
500 2222 688 2268 permittitis
698 2223 803 2267 ipsum
814 2223 1034 2269 cognoscere
1046 2218 1090 2254 Et
1102 2231 1237 2255 omnem

274 2274 440 2334 justitiam
452 2268 744 2318 eJussuspenditis,
754 2271 790 2305 ἅ
803 2271 931 2316 prorsus
941 2271 1122 2306 evacuatis.
1144 2267 1239 2319 Qio-

281 2325 374 2360 niam
386 2324 488 2370 igitur
500 2321 744 2368 providendum
753 2318 852 2356 nobis
859 2320 932 2363 est,
958 2320 1000 2359 ne
1008 2320 1237 2366 appellationis

281 2375 422 2410 obtentu
433 2383 490 2409 aut
502 2372 674 2408 manifesta
685 2371 804 2408 deliaa
820 2370 1023 2407 remaneant
1035 2371 1236 2412 incorrecta,

281 2435 340 2461 aut
351 2423 483 2460 Subditi
498 2423 594 2463 vestri
605 2423 646 2457 de
669 2424 804 2462 suorum
825 2422 1012 2476 excelsuum
1032 2422 1231 2466 impunitate

282 2475 462 2515 laetentur,
487 2464 815 2508 Fraternitati¹vestrae
827 2482 883 2518 per
902 2464 1098 2517 Ape'stcslica
1119 2472 1239 2515 scripta

286 2523 507 2570 praecipiendo
528 2522 751 2566 mandamus,
777 2521 939 2568 quatenus
959 2523 983 2557 fi
995 2534 1052 2559 vos
1063 2522 1236 2566 Episcopa-

283 2584 356 2617 tus,
382 2584 439 2609 aut
462 2571 589 2608 Archi·
589 2546 751 2615 Diaconi
772 2535 868 2611 &stri
889 2566 1016 2607 Arc'h‘i·
1019 2560 1241 2607 ὓίιιεοιιιιιυε
1267 2613 1269 2617 ¹
1298 2622 1300 2624 .

284 2626 360 2660 suos
378 2624 579 2667 Apostolicae
600 2619 794 2666 proteffloni
813 2610 1040 2665 summunt,
1063 2623 1097 2657 &
1119 2622 1161 2656 ad
1183 2633 1236 2656 au-

283 2673 445 2724 dientiam
466 2672 608 2708 nostram
630 2671 819 2719 appellant,
844 2683 975 2716 propter
992 2670 1058 2707 hoc
1079 2683 1308 2770 menagii
1267 2698 1270 2705 ,

285 2734 361 2759 tum
375 2722 502 2758 Archi·
491 2723 712 2767 E-piscopum
735 2718 921 2766 nullatent‘is
943 2716 1109 2766 impedire
1111 2731 1143 2757 te

285 2774 353 2815 tis,
380 2773 453 2819 quo
451 2772 569 2807 minus
579 2773 620 2808 de
639 2772 742 2807 causis
759 2771 812 2806 vel
829 2771 1007 2807 exceffibus
1021 2772 1235 2818 Subditorum

285 2819 464 2859 vestrorum
487 2824 688 2869 cognoscere
709 2822 841 2864 valeat,
869 2822 940 2857 ’ὄε“
932 2832 1023 2865 Juxta
1044 2823 1236 2858 meritorum

288 2874 483 2919 qualitatem
495 2874 579 2917 ipsos
591 2872 703 2908 debita
723 2871 1004 2908 animadversione
1025 2872 1156 2917 punire,
1180 2885 1236 2909 aut

287 2924 389 2960 etiam
399 2924 544 2958 excelsus
554 2923 697 2965 vestros,
721 2924 744 2958 fi
757 2922 815 2968 qui
833 2919 997 2958 manifesti
1009 2920 1237 2960 sunt'&noto-

287 2975 331 3010 rii
343 3000 354 3016 ,
379 2972 430 3008 bis
440 2973 608 3018 dumtaxat
618 2973 764 3018 exceptis
774 2998 787 3015 ‚
811 2973 905 3018 super
915 2972 1034 3018 quibus
1044 2973 1091 3009 est'
1099 2969 1238 3019 appella-

290 3025 342 3059 tio
355 3024 561 3068 interposita,
586 3021 795 3070 poffitdign‘e
805 3021 986 3068 corrigere,
1013 3024 1240 3069 &quodin‘ju

289 3074 338 3108 ste
349 3075 466 3109 fastum
490 3075 557 3117 est,
582 3073 625 3110 ad
647 3073 851 3110 rectitudinis
870 3074 1035 3119 tramitem
1056 3074 1238 3112 revo‘care

284 3124 420 3162 ‘Datum
432 3124 614 3173 Anaguiae,
640 3126 786 3162 secundo
803 3125 883 3162 ldus
891 3122 996 3170 Maii.

1308 473 1462 573 VlX
1486 476 1573 521 apud
1585 477 1774 512 Dominum
1788 464 2151 510 Meldensemffiduum
2162 484 2249 518 pere-

1460 538 1578 568 emm,
1603 527 1637 561 &
1653 537 1729 560 ecce
1747 536 1822 559 cum
1845 525 1946 560 literis
1956 522 2074 559 vestris
2098 521 2246 562 wilhel-

1306 587 1378 611 mus
1389 539 1551 613 Dugretent
1562 575 1718 611 Kalendis
1731 575 1856 620 Aprilis
1866 575 1998 611 advenit
2007 599 2016 607 .
2043 574 2099 610 Ad
2109 583 2249 618 quarum

1306 628 1539 672 susceptionem
1552 639 1618 662 non
1631 627 1743 661 minus
1761 626 1960 670 gratulatus,
1985 624 2083 667 quarn
2104 623 2246 659 devotus

1305 676 1345 712 ad
1366 677 1632 721 obsequendum,
1658 678 1691 711 in
1715 675 1877 717 crastino,
1900 677 1923 710 fi
1948 686 2059 710 tamen
2079 674 2248 709 anteluca-

1306 737 1385 761 num
1396 727 1570 762 crastinum
1582 729 1649 762 dici
1662 726 1801 767 debeat,
1828 725 1933 772 primo
1951 723 2060 760 habita
2083 723 2254 760 sacratim-

1305 780 1362 811 tnae
1373 777 1437 812 diei
1448 788 1642 820 reverentia
1669 788 1800 822 accepta
1813 777 1854 813 ab
1866 777 2054 822 Episcopo,
2080 772 2250 810 cuiadha'r-

1304 827 1438 869 rebam,
1463 827 1711 869 benedictione,
1753 826 1912 862 mandato
1932 827 2037 861 vestro
2063 821 2251 875 instantiffi-
2278 847 2280 851 «

1303 889 1389 912 mam
1411 871 1615 913 adhibiturus
1631 878 1859 922 diligentiam,
1885 877 2118 921 sylvanectum
2130 873 2206 909 veni
2233 897 2247 914 ,

1304 927 1490 972 ibidemque
1501 928 1689 963 Dominum
1702 929 1828 973 Regem
1845 929 2047 963 Francorum
2070 927 2112 961 de
2124 923 2251 969 perqui-

1303 979 1406 1013 rendo
1442 976 1725 1022 vobis-hospitio,
1760 985 1883 1022 quanta
1904 976 2000 1022 potui
2022 975 2223 1011 humilitate
2236 997 2250 1015 ,

1303 1029 1462 1063 conveni.
1490 1029 1593 1063 Solita
1606 1028 1690 1063 mihi
1714 1025 1881 1071 respondit
1903 1025 2134 1073 benignitate,
2158 1022 2252 1070 quod

1303 1078 1345 1114 de
1366 1078 1469 1113 vestro
1491 1078 1626 1123 negotio
1649 1078 1692 1112 ita
1713 1077 1796 1111 inter
1818 1076 2007 1111 Dominum
2027 1075 2175 1119 Papam,
2213 1073 2249 1109 δε

1303 1129 1407 1173 ipsum
1420 1138 1639 1167 convenerat,
1665 1126 1755 1169 quod
1770 1138 1825 1161 vos
1837 1127 1937 1169 usque
1953 1126 1996 1161 ad
2019 1124 2152 1160 Vallem
2173 1124 2255 1159 San·

1301 1181 1356 1212 stae
1367 1179 1502 1219 Mariae,
1528 1178 1748 1212 Cistercienlis
1760 1177 1897 1212 Ordinis
1921 1175 2163 1211 Monasterium
2177 1179 2252 1217 pro-

1303 1229 1341 1273 Ρὲ
1352 1229 1583 1270 pontisaram,
1610 1226 1761 1262 accedere
1771 1226 1952 1266 deberetis,
1981 1225 2093 1269 ibique
2106 1222 2252 1258 subfiste-

1302 1291 1355 1320 re,
1380 1278 1486 1314 donec
1498 1290 1539 1312 ex
1550 1277 1719 1312 communi
1730 1277 1866 1311 consilio
1878 1275 2024 1321 proprius
2034 1272 2248 1309 evocemini.

1301 1329 1375 1364 Nec
1384 1329 1586 1364 effeintcrim
1600 1329 1691 1372 super
1713 1326 1859 1371 hospitio
1882 1326 1986 1361 vestro
1998 1323 2142 1373 multum
2161 1321 2251 1357 labo·

1301 1380 1461 1421 randum,
1488 1390 1563 1413 cum
1575 1389 1685 1413 utrum
1707 1378 1784 1412 illuc
1807 1379 1907 1421 usque
1927 1374 2117 1414 veneritis,
2142 1373 2178 1407 fit
2202 1372 2252 1406 in·

1301 1439 1444 1464 certum.
1474 1430 1527 1463 Ad
1544 1427 1612 1462 haec
1626 1427 1701 1462 cum
1717 1427 1948 1471 subjunxissem
1961 1424 2168 1461 necessariam
2178 1423 2251 1457 fore

1303 1481 1432 1514 interim
1446 1477 1580 1523 hospitii
1596 1479 1688 1513 vestri
1699 1478 1947 1523 providentiam
1968 1485 2099 1532 propter
2119 1483 2253 1509 tantum

1301 1530 1530 1574 undecumque
1540 1529 1756 1569 concursum,
1785 1528 1859 1562 nen
1880 1525 1965 1562 forte
1989 1524 2164 1565 veneritis,
2190 1533 2253 1557 vos

1300 1580 1334 1613 δε
1350 1579 1445 1613 vestri
1467 1578 1642 1613 inhoneste
1666 1579 1864 1624 vagemini,
1892 1575 2060 1621 respondit
2081 1575 2147 1615 se,
2173 1571 2252 1608 eum

1301 1628 1340 1663 ad
1364 1626 1429 1662 hoc
1451 1633 1584 1661 ventum
1610 1628 1728 1666 suerit,
1763 1637 1896 1670 operam
1916 1627 2090 1666 daturum,
2125 1632 2163 1658 ut
2183 1631 2253 1658 tam

1302 1680 1393 1722 super
1403 1677 1550 1721 hospitio
1571 1676 1671 1720 quam
1685 1651 1778 1715 aliis,
1807 1685 1904 1718 prout
1924 1674 2058 1708 vestram
2069 1671 2162 1707 decet
2185 1668 2255 1706 Est·

1300 1728 1512 1766 cellentiam,
1550 1726 1758 1774 provideatur
1780 1725 1891 1758 vobis.
1922 1722 2020 1758 Nihil
2053 1721 2195 1767 amplius
2203 1720 2257 1767 ab

1299 1787 1339 1809 eo
1352 1775 1442 1818 potui
1452 1781 1666 1816 extorquere,
1693 1772 1768 1807 licet
1781 1773 1883 1807 multa
1898 1773 2083 1806 institissem
2094 1770 2254 1816 improm-

1300 1836 1385 1860 tate.
1415 1822 1521 1858 Unde
1543 1835 1612 1868 quae
1639 1821 1820 1857 hactenus&
1846 1833 1899 1856 me
1909 1819 2040 1857 circaid
2063 1822 2129 1855 aaa
2142 1822 2256 1863 sunt,

1301 1875 1394 1910 vobis
1404 1873 1573 1919 fignifico,
1599 1873 1736 1908 vestram
1760 1872 1940 1907 desiderans
1959 1897 1971 1913 ,
1996 1871 2018 1905 si
2034 1870 2166 1915 placet,
2192 1870 2254 1907 ite-

1299 1924 1371 1960 ιὺιιι
1393 1924 1506 1959 audire
1518 1923 1745 1958 voluntatem.
1774 1924 1907 1958 Domus
1918 1920 2040 1956 Fratris
2065 1920 2132 1956 mei
2150 1919 2254 1955 vestra

1299 1975 1370 2016 est,
1395 1972 1567 2009 sedaloco
1588 1973 1748 2018 colloquii
1776 1972 1873 2007 distat
1894 1972 1998 2007 tribus
2019 1971 2139 2006 leucis.
2176 1971 2254 2029 Eg?

1299 2035 1409 2060 tamen
1431 2022 1562 2057 interim
1584 2022 1673 2068 quod
1687 2033 1800 2066 potero
1814 2022 1952 2063 faciam,
1979 2022 2012 2056 δε
2028 2020 2135 2056 modis
2143 2021 2255 2069 omni-

1265 2101 1269 2114 ,.
1300 2075 1362 2110 bus
1379 2073 1592 2118 propinquius
1615 2073 1708 2108 vobis
1731 2072 1911 2118 hospitium
1933 2070 2151 2118 perquiram.
2186 2070 2252 2107 sed

1300 2124 1455 2159 Mandati
1470 2123 1568 2158 vestri
1593 2123 1774 2158 adventum
1787 2124 1890 2159 serum
1912 2123 2051 2158 accuso
2078 2120 2253 2157 Accelera-

1300 2176 1326 2209 ri
1339 2184 1422 2219 rogo
1435 2173 1630 2215 Nuncium,
1654 2169 1704 2219 ut
1711 2173 1904 2208 acceleretur
1920 2173 2118 2219 negotium.
2144 2170 2254 2206 Tem-

1299 2236 1357 2269 pus
1378 2224 1468 2258 enim
1491 2222 1585 2258 breve
1598 2223 1670 2265 est,
1693 2223 1726 2257 &
1747 2225 2048 2264 tumultustantus,
2075 2231 2113 2257 ut
2124 2221 2182 2256 vix
2202 2220 2252 2256 lo-

1299 2287 1355 2310 cus
1367 2283 1496 2318 pateat,
1522 2274 1579 2318 qui
1592 2273 1657 2317 jam
1670 2274 1786 2308 nonsit
1810 2271 2011 2319 'occupatus
2037 2271 2159 2312 Valeat
2178 2268 2251 2321 'Dp-

1299 2326 1410 2360 minus
1424 2335 1515 2358 meus
1525 2321 1752 2358 chariffimus.

1955 2416 2126 2459 xxm

2107 2522 2229 2554 Inimici

1449 2421 1854 2464 EPlsToLA

1323 2518 1494 2560 Alexandro
1506 2524 1623 2566 Papa,
1650 2524 1685 2556 (5
1696 2521 1828 2555 omnibus
1841 2520 2083 2560 Cardinalibus,

1443 2573 1565 2608 Thomae
1581 2570 1800 2613 cantuariensis
1820 2570 1935 2605 Archi·
1949 2569 2105 2617 Epiftopi.

1425 2672 1643 2709 EDlClNAE
1671 2670 1997 2716 potiustcmpusest‚
2021 2671 2121 2714 quam
2141 2679 2253 2711 quere·

1438 2726 1488 2758 lae.
1514 2724 1605 2767 Nam
1618 2722 1757 2766 peccatis
1768 2721 2003 2766 exigentibus'
1994 2732 2078 2755 inter
2090 2718 2247 2756 malleum

1296 2766 1497 2810 &incudem
1511 2774 1612 2818 polita
1632 2773 1676 2808 est
1700 2774 1805 2806 sansta
1827 2781 1929 2806 mater
1942 2771 2103 2810 Ecclefia,
2129 2770 2164 2805 &
2188 2769 2249 2803 nisi

1297 2826 1427 2860 Divina
1441 2826 1616 2868 supeream
1631 2822 1777 2867 respiciat
1789 2821 1953 2856 miseratio
1977 2845 1989 2862 ,
2014 2822 2113 2857 ictum
2134 2818 2248 2853 mallei
2318 2848 2322 2853 .

1298 2876 1344 2911 est
1355 2875 1500 2909 sensura.
1528 2873 1860 2909 Crebrescenteenim
1881 2870 2171 2906 Schismatieorum
2193 2880 2249 2911 ne-

1300 2921 1435 2970 qu'itia,
1456 2935 1515 2968 pro
1528 2924 1603 2959 fidei
1614 2924 1675 2958 suae
1683 2922 1868 2956 defensione
1881 2923 1916 2956 δ(
1927 2932 2039 2955 amore
2048 2919 2175 2965 justitiae
2186 2918 2250 2953 Pa·

1300 2986 1348 3012 ter
1358 2961 1494 3011 Patrum
1505 2974 1616 3009 exulat
1640 2973 1658 3006 a
1693 2972 1815 3016 patria,
1844 2970 1930 3008 &no
1951 2971 1991 3005 ad
2011 2971 2184 3015 propriam
2203 2966 2250 3004 se-

1300 3026 1376 3069 dem
1403 3024 1484 3060 liber
1507 3025 1537 3060 ei
1551 3033 1659 3068 pateat
1681 3022 1857 3068 regressus,
1895 3020 2044 3065 prohibet
2064 3018 2249 3056 Pharaonis

1302 3077 1431 3111 animus
1453 3073 1643 3122 induratus.
1670 3071 1810 3107 Accedit
1834 3070 1971 3114 adhoc,
1998 3071 2087 3117 quod
2105 3070 2250 3121 Cantua-

1303 3125 1408 3161 rienfis
1421 3124 1563 3159 Ecclesia
1580 3123 1694 3157 tamin
1716 3121 1935 3166 spiritualibus
1945 3135 2041 3166 quam
2062 3123 2097 3156 in
2119 3130 2250 3162 tempo·-

1304 3174 1424 3217 talibus
1443 3173 1667 3210 miserabiliter
1699 3173 1907 3207 imminuitur
1929 3197 1939 3212 ,
1975 3173 2055 3207 dum
2076 3170 2247 3214 tamquam

1305 3237 1392 3261 navis
1404 3237 1439 3260 ιιι
1450 3224 1532 3259 mari
1549 3223 1688 3271 proprio
1712 3223 1848 3258 Restore
1859 3221 2010 3258 destituta
2030 3222 2189 3261 fluctuat,
2214 3218 2248 3254 &t

1306 3275 1409 3311 ventis
1419 3272 1619 3319 exponitur,
1645 3272 1725 3307 dum
1735 3273 1803 3317 ejus
1816 3273 1930 3307 Pastor
1940 3273 2022 3308 infra
2035 3271 2178 3306 nationis
2188 3270 2249 3304 suar

1305 3326 1461 3362 terminos
1477 3324 1583 3368 Regia
1593 3323 1751 3367 potestate
1763 3334 1847 3357 rema
1854 3333 1926 3356 nere
1939 3321 2146 3367 prohibetur.
2174 3314 2249 3365 Qui

1307 3373 1570 3411 suo&Eccleliae
1582 3374 1664 3417 sure,
1692 3374 1802 3408 nostro
1823 3374 1923 3407 etiam
1949 3373 2116 3416 periculo,
2140 3380 2250 3415 poena-

1234 3439 1236 3441 ·
1307 3431 1377 3461 rum
1403 3425 1436 3459 δι
1460 3414 1610 3459 laborum
1632 3425 1739 3458 secum
1776 3435 1838 3458 nos
1855 3422 2011 3467 exposuit
2041 3419 2210 3457 acerbitati
2237 3442 2250 3459 ,

1310 3487 1380 3513 ιιοιι
1406 3468 1630 3517 considerans,
1653 3473 1815 3520 quoniam
1837 3471 1977 3528 blandiri
1996 3481 2146 3558 open-teg,
2182 3480 2251 3503 non

2131 3530 2210 3559 etra-
