2358 3776
0 3380 4 3531 ι

115 1808 256 1843 ,testatur
265 1806 469 1841 Christianus
479 1803 578 1838 Orbis
607 1802 869 1836 2Convenerunt
886 1801 963 1835 eu'm
986 1825 998 1842 ,
1034 1810 1070 1835 ut

239 120 282 179 ς»
350 84 744 175 {HOMAE
814 112 1742 175 CANTUARIENSIS.

121 216 376 267 prohibitionem
399 218 464 252 Dei
491 228 558 252 non
579 214 752 260 loquantur
777 212 862 246 bona
883 222 956 246 cum
994 220 1063 255 pro-

120 273 234 310 ximo,
259 264 392 304 &mala
414 269 473 302 sint
497 268 530 301 in
555 263 708 301 cordibus
734 273 849 297 eorum
871 286 878 293 .
917 261 1063 297 Subinde

118 330 238 354 amatas
261 345 271 360 ,
306 317 381 358 sed,
417 317 504 351 unde
524 316 639 361 gratias
666 312 830 358 agendum
858 311 908 345 est
949 311 1026 345 Deo
1051 337 1062 355 ,

117 369 232 409 falsas,
258 370 291 402 &
317 367 577 413 quascaptivusa
591 360 718 407 Pyratis
730 362 899 396 consuevit
914 364 1062 404 porresto

116 420 228 453 audire
250 419 387 464 jugulo,
413 417 588 452 subtexunt
622 415 769 447 historias
791 436 802 451 ,
831 410 949 455 quibus
978 411 1060 453 justi-

116 470 216 504 ficant
240 469 368 503 causam
391 468 484 513 impii
500 487 513 508 -,
550 467 583 499 δε
614 465 728 499 dicunt
753 463 876 496 bonum
902 460 1023 495 malum
1050 486 1061 502 ,

117 520 151 553 ἃ
176 520 303 553 malum
322 518 444 554 bonum
476 539 486 557 ,
523 515 610 549 unde
630 524 686 557 per
719 512 984 554 consequentiam
1015 522 1060 545 ra-

119 570 221 604 tionis
243 569 375 604 tandem
398 562 726 601 videantur‘inferre:
766 565 845 595 Reus
869 560 908 600 est
934 568 1061 603 mortis,

118 624 171 661 qut
190 619 378 653 contradlxit·
396 614 537 659 caesaern
557 607 682 648 Nonne
703 611 785 652 ille,
809 621 906 654 quem
919 612 1063 656 praefigu·

117 671 203 705 savit
228 666 454 711 Achitophel,
477 664 572 710 Judas
592 662 739 708 proditor
754 685 765 702 ,
794 672 861 695 non
886 661 988 695 modo
1011 662 1062 705 Ju-

120 720 195 753 daeis
218 720 250 752 in
272 715 494 752 nece-Christi
514 741 525 755 ‚
563 714 616 749 sed
650 714 685 747 δε
709 709 826 746 Scribis
856 711 966 745 vestris
991 736 1002 753 ,
1025 713 1061 746 &

120 767 281 811 phariseis
293 767 490 811 proditionis
500 765 533 798 δε
547 763 709 808 parricidii
728 761 945 803 relinquentes
956 772 1064 795 exem-

118 818 232 862 plum,
257 818 298 851 ad
308 817 474 851 Christum
495 812 621 848 acceffit
650 810 767 846 humili
789 811 984 846 salutatione
1004 810 1062 845 ho-

120 877 240 901 norans
251 863 711 908 Dominum&Magistrum,
738 860 870 903 dicens,
897 866 961 896 Ave
983 861 1062 894 Rab-

121 916 173 950 bi?
202 916 245 951 Et
262 926 359 959 quem
379 914 477 949 verbo
500 912 658 957 prodebat
681 913 717 947 ἃ
737 912 851 946 osculo
878 935 889 952 ‚
924 911 1064 946 subinde

120 976 196 1002 cum
232 965 351 1011 gladiis
384 965 417 1000 δε
452 962 587 997 fustibus
623 961 767 997 militurn
805 986 816 1002 ,
850 960 969 1006 qulbus
1011 961 1062 995 isti

115 1015 195 1051 freti
216 1016 312 1057 sunt,
339 1015 459 1060 fugatis
478 1013 643 1057 discipulis
663 1012 696 1046 &
718 1012 862 1055 dispersis
879 1036 890 1052 ‚
917 1011 1007 1046 trusit
1021 1011 1062 1045 ad

121 1065 292 1110 Principes
311 1063 521 1100 Sacerdotutn
539 1088 551 1104 ‚
584 1071 622 1096 ut
645 1061 714 1096 illic
736 1066 922 1106 argueretur
943 1086 953 1101 ,
990 1063 1022 1095 δε
1045 1060 1063 1093 a

123 1116 207 1149 falsis
241 1115 490 1150 convinceretur
521 1112 655 1147 testibus
673 1136 686 1153 ‚
718 1111 872 1146 Pater-nas
893 1137 903 1151 ,
940 1110 1064 1154 qua&

123 1166 272 1200 Avorum
303 1166 377 1199 sunt
406 1189 421 1205 ,
454 1173 611 1198 evacuare
641 1162 726 1205 leges
747 1186 758 1203 ‚
794 1162 827 1195 ὅς
874 1161 963 1205 leges
995 1159 1066 1192 Cae-

126 1216 203 1248 saris
238 1218 429 1259 impugnare
466 1226 478 1246 ,-
517 1212 607 1258 Qia
638 1213 726 1244 suam
747 1212 823 1244 Deo
846 1211 1025 1254 imaginem
1054 1232 1065 1247 ,

123 1264 259 1298 deducis
291 1266 419 1298 ratione
444 1262 580 1296 Caesaris
617 1284 630 1300 ,
669 1258 806 1302 docebat
839 1260 900 1292 esse
931 1258 1063 1291 redden-

123 1313 199 1347 dam
238 1337 249 1353 ,
275 1323 310 1347 ut
330 1323 401 1347 reus
424 1310 585 1344 videretur
607 1308 781 1351 impietatis
810 1331 823 1348 ‚
859 1309 935 1351 quia
969 1307 1065 1341 oblo·

121 1362 302 1408 quebatur,
330 1359 546 1399 reclamabat,
573 1357 931 1401 immoderepugnabat
944 1357 1063 1400 iniqui-

121 1415 180 1449 tati
202 1436 211 1444 .
238 1413 367 1447 Dicunt
389 1411 477 1444 enim
499 1434 511 1451 ,
538 1409 592 1442 sed
611 1419 674 1452 qua
694 1407 891 1442 conscientia
909 1431 921 1448 ,
946 1405 1064 1441 viderit

121 1462 215 1496 Deus
233 1463 267 1496 ὃ(
287 1462 432 1506 judicem
460 1463 618 1492 Dominum
639 1461 745 1501 Regem
768 1469 824 1491 non
849 1459 973 1500 quidem
992 1466 1066 1489 nun-

122 1515 216 1554 qutim
232 1513 354 1555 peccaffe
375 1512 519 1549 dicimus,
544 1507 602 1551 sed
617 1506 738 1550 semper
763 1516 909 1549 paratum
942 1509 1067 1540 Domino

118 1560 298 1606 saissfacere
313 1586 323 1601 ,
347 1559 522 1602 confidenter
546 1561 674 1591 dicimus
690 1560 723 1591 ὁ*
731 1559 936 1603 praedicamus
951 1582 958 1588 .
974 1555 1067 1588 Nun·

122 1609 202 1656 quid
229 1623 296 1646 non
318 1613 415 1646 facies
439 1608 614 1643 meretricis
632 1609 716 1641 fasta
737 1607 783 1640 est
807 1608 852 1640 eis
874 1631 885 1646 ,
919 1607 953 1640 δι
978 1607 1069 1640 frons

124 1662 298 1699 adamante
319 1660 451 1698 durior,
478 1668 514 1692 ut
537 1668 605 1691 non
626 1654 813 1691 erubescant
842 1656 1069 1695 confidenter,

124 1721 160 1744 ut
184 1711 296 1753 ajunt,
316 1709 481 1753 praedicare
513 1707 739 1741 innocentiam
773 1705 921 1740 hominis
942 1729 954 1746 ‚
977 1705 1070 1747 cujus

125 1760 287 1794 malitiam
309 1760 343 1792 δε
378 1758 564 1799 iniquitates
583 1754 676 1786 novit
702 1755 716 1794 ,‘
739 1755 886 1796 praedicat
904 1776 920 1792 ‚
955 1754 989 1786 dc
1009 1753 1071 1786 de-

124 1858 247 1892 dicitur
281 1880 296 1896 ,
333 1853 486 1899 Episcopi
521 1850 760 1890 Londom'enfis
786 1852 820 1885 ὄσ
850 1850 1071 1885 Hereforden-

123 1908 166 1942 sis
201 1931 214 1947 ‚
238 1905 354 1949 quibus
372 1906 407 1939 se
442 1930 453 1945 ,
481 1913 517 1938 ut
537 1902 628 1944 ajunt
662 1922 675 1942 -,
702 1901 743 1935 ad
758 1912 892 1935 omnem
914 1900 1071 1944 justitiam

124 1955 248 1991 obtulit
283 1981 291 1988 .
343 1955 469 1989 Nonne
515 1953 708 1995 Episcopus
738 1951 979 1986 Londonienfis
1015 1951 1072 1985 ille

120 2007 191 2046 est,
219 2007 275 2050 qui
296 2006 418 2049 primus
442 2006 478 2038 in
500 2002 623 2047 Anglia
651 2001 744 2036 scidit
780 2001 929 2035 Ecclesiae
965 2001 1073 2033 unita-

124 2067 212 2095 tem,
239 2055 327 2097 quod
348 2051 723 2092 omnes-noverunt,‘&
751 2048 1072 2093 *Archi-Episcopan-

125 2106 182 2147 di,
209 2105 297 2150 quod
323 2105 452 2149 plurimi
474 2104 691 2148 suspicantur,
718 2101 900 2135 ambitione
921 2102 1036 2134 trastus
1063 2124 1072 2139 ‚

122 2155 232 2191 notius·
251 2155 420 2190 discordiae
441 2155 546 2189 fomes
567 2152 713 2196 inprimis
725 2149 1073 2185 exstitit&ineentor?

128 2205 259 2240 Nonne
294 2206 404 2248 Stylus
437 2205 503 2248 ipse
536 2202 705 2237 convincit
738 2198 943 2243 Achirophel
978 2223 988 2240 ,
1038 2199 1072 2232 ἅ.

122 2254 269 2295 Doech‚
295 2265 435 2297 quorum
457 2253 572 2297 spiritu
593 2252 703 2295 plenus
727 2251 772 2284 est
794 2276 805 2291 ,
842 2251 878 2285 in
902 2248 962 2283 hac
998 2249 1074 2292 Epi·

125 2305 209 2338 stola
231 2302 411 2347 expressisse
431 2325 442 2342 ,
480 2301 733 2336 communicatis
754 2298 805 2334 his
825 2323 836 2340 ‚
861 2309 929 2344 quae
951 2299 1074 2343 fingere

128 2354 236 2400 potuit
261 2365 302 2389 ex
321 2352 435 2396 sp'sitn
454 2354 538 2392 suo,
564 2352 620 2393 qui
644 2349 887 2384 neutroeorum
901 2349 933 2382 in
954 2349 1074 2383 talibus

129 2414 233 2439 rerum
253 2400 452 2446 experientia
473 2400 705 2444 comprobatur
726 2398 859 2433 inferior
891 2401 904 2432 ?
930 2398 1020 2434 Nam
1042 2399 1074 2432 δε

129 2452 263 2497 loquela
285 2451 356 2495 ejus
376 2452 481 2496 ipsum
503 2450 713 2485 manifestum
745 2449 824 2483 facit
842 2473 852 2481 s
889 2448 963 2483 Nec
994 2459 1075 2483 curo

127 2504 170 2538 de
202 2501 382 2536 mendaciis
401 2525 414 2542 ,
447 2511 516 2543 quae
551 2502 643 2544 super
675 2500 812 2533 introitu
847 2498 952 2532 vestro
981 2499 1075 2532 inter-

72 2578 79 2599 ᾗ
129 2554 233 2588 serere
267 2552 359 2585 ausus
390 2550 435 2584 est
455 2575 466 2590 ,
504 2552 580 2593 quia
612 2550 746 2594 praesqns
779 2548 888 2583 audivi
918 2549 952 2582 ἀ
974 2548 1041 2581 vidi
1068 2573 1075 2580 .

62 2604 68 2613 ”
129 2603 226 2641 Solus
257 2601 313 2636 ille
343 2600 477 2635 verbum
507 2600 672 2634 electionis
704 2598 811 2633 vestra:
845 2609 973 2643 gratum
1008 2608 1074 2632 non

130 2651 267 2692 habuit,
292 2651 350 2695 qui
373 2661 436 2694 prae
454 2650 571 2684 caeteris
595 2648 748 2682 omnibus
770 2672 782 2691 ,
807 2650 896 2689 quod
926 2659 967 2682 ex
995 2647 1077 2682 mul-

128 2704 174 2738 tis
194 2701 312 2736 claruit
333 2701 369 2736 dc
388 2700 483 2735 claret
503 2699 634 2742 Judiciis
648 2722 658 2738 ,
683 2707 719 2731 ut
744 2698 778 2731 in
801 2697 916 2731 Sedem
939 2697 1073 2731 vestram

131 2752 360 2791 induceretur,
379 2750 550 2794 adspiravit
575 2774 582 2781 .
623 2748 704 2782 Non
725 2757 834 2781 tamen
866 2748 924 2781 diu
941 2746 1077 2791 obloqui

129 2804 225 2839 ausus
245 2802 313 2841 est,
339 2800 410 2835 aliis
433 2798 644 2844 arguentibus
672 2796 889 2831 ambitionem
919 2798 952 2831 ὃς
976 2796 1078 2839 impu-

130 2853 278 2887 dentiam
310 2850 378 2894 ejus
416 2876 422 2882 .
462 2847 635 2897 Qidquid
661 2847 740 2891 ergo
771 2845 903 2881 haberet
939 2847 1041 2881 animi
1068 2871 1078 2886 ‚

131 2912 231 2946 quem
253 2901 294 2935 de
314 2900 515 2935 conscientia
536 2899 657 2941 judicat
680 2899 771 2936 Deus
793 2920 805 2936 ‚
831 2897 865 2931 in
886 2896 998 2940 primis
1023 2897 1077 2931 eli·

131 2947 286 2997 gentium
305 2950 368 2984 fuit
382 2975 392 2990 ,
416 2951 448 2985 ὅ(
472 2949 622 2984 electioni
646 2948 732 2981 fastae
754 2945 819 2980 fere
839 2945 991 2981 omnibus
1010 2947 1079 2990 plus

134 3000 291 3045 applausit
321 3025 328 3032 .
373 3000 466 3048 Qid
494 2999 600 3033 dicam
636 2998 677 3032 de
707 2996 936 3031 Herefordenfi
972 3020 981 3038 ,
1023 2997 1079 3030 nisi

133 3049 227 3097 quod
246 3050 468 3093 aliquamdiu,
494 3049 550 3083 etsi
572 3059 639 3083 non
665 3048 776 3092 magni
805 3071 816 3087 ‚
854 3045 943 3080 stetit
967 3055 1079 3082 tamm

131 3100 271 3142 alicujus
291 3097 434 3133 nominis
453 3099 567 3134 umbra
591 3123 602 3138 ,
639 3098 812 3141 antequam
846 3097 975 3131 sciretur
1011 3097 1082 3140 quis

136 3151 236 3187 esset?
264 3148 333 3183 Hic
353 3157 462 3183 autem
485 3149 543 3183 sub
567 3147 705 3183 obtentu
724 3147 793 3189 ejus
818 3171 828 3187 ,
854 3146 930 3190 quia
967 3146 1082 3180 littera·

136 3213 189 3235 tus
207 3199 349 3234 creditur
371 3197 413 3232 ab
433 3194 507 3238 his,
532 3199 588 3241 qui
611 3199 728 3232 litteras
762 3199 917 3241 ignorant
949 3207 1004 3230 aut
1033 3198 1082 3239 ip·-

136 3253 228 3290 sum,
256 3251 347 3283 suam
370 3248 486 3282 volunt
510 3247 599 3290 impii
633 3247 790 3282 malitiam
823 3247 977 3290 pisturare
996 3271 1006 3285 ,
1045 3256 1082 3280 ut

134 3301 286 3334 videatur
307 3299 566 3333 consentaneum
589 3298 708 3331 rationi
732 3293 754 3339 ,'
779 3296 939 3340 quidquid
960 3296 1081 3329 littera-

131 3361 187 3385 tus
210 3351 245 3383 ἀ
271 3348 424 3392 antiquus
446 3348 568 3382 dierum
590 3346 765 3391 Episcopus
776 3346 977 3391 approbavit.
993 3344 1083 3390 Ergo

134 3400 204 3434 istis
222 3398 351 3433 duobus
372 3399 561 3442 respondere
581 3422 592 3439 ‚
622 3396 673 3430 vel
693 3397 856 3432 sentcntiae
885 3406 998 3431 eorum
1029 3395 1084 3429 ad-

125 3449 299 3497 -quiescere
343 3448 388 3483 est
431 3449 564 3484 transire
613 3445 768 3483 omnine
803 3447 839 3483 in
889 3445 1083 3483 sententhm

166 3511 170 3514 ·
215 3496 319 3539 Christ.
335 3502 414 3543 Lupi
437 3503 537 3544 Opsra
583 3501 663 3533 Tom.
686 3500 731 3531 X.

1892 134 1993 177 161'

1122 211 1361 248 Londoniensis
1395 235 1408 252 ,
1446 222 1484 246 ac
1517 211 1540 245 si
1571 212 1606 246 in
1639 214 1794 254 Caes'arem
1825 227 2076 265 computarem»

1121 264 1156 299 δε
1187 261 1343 296 Bibulum
1367 286 1374 293 .
1413 261 1526 296 Ethici
1555 261 1710 307 siquidem
1743 271 1932 305 meministis
1954 286 1964 306 :
1992 275 2066 304 Non

1123 312 1228 346 Bibulo
1249 314 1416 355 quidquam
1440 321 1533 355 nuper
1559 338 1570 353 ‚
1613 315 1675 359 sed
1709 316 1826 357 Caesare
1856 322 1964 363 gestum
1989 321 2026 361 est
2050 347 2059 353 ,

1123 367 1209 396 Nam
1231 361 1341 394 Bibulo
1356 362 1469 406 gestum
1491 361 1615 405 Consule
1648 364 1695 396 nil
1727 371 1846 398 memini
1866 393 1873 399 .
1909 371 1983 418 Qa
2014 382 2070 404 au⁴

1122 424 1187 447 tem
1209 412 1415 455 impudentia
1438 412 1593 447 dixerunt
1614 437 1625 453 ‚
1651 413 1684 447 &
1705 438 1717 455 ‚
1745 424 1788 448 ne
1815 415 1909 450 verba
1934 421 1975 452 ⁴in
1995 429 2072 454 ven*

1122 472 1173 497 tos
1207 464 1431 496 evanescerent
1470 486 1481 502 ‚
1508 463 1710 507 scripserunt¹
1731 488 1744 505 ‚
1780 465 1870 508 quod
1916 468 2070 502 omnibns

1121 512 1239 547 falsum
1262 513 1324 546 esse
1348 512 1516 546 innotuit:
1542 514 1628 555 ‚Quia
1651 517 1719 547 Rex
1740 539 1752 555 ,
1777 525 1878 558 quem
1903 513 2073 557 impatien-

1124 563 1280 596 tissimum
1302 563 1365 597 esse
1391 561 1502 596 nullus
1524 561 1662 606 ambigit
1685 588 1696 604 ‚
1727 573 1854 607 gratum
1889 562 1980 597 babet
2011 565 2074 597 cum

1121 617 1278 653 corripitur
1298 635 1310 651 ,
1351 613 1386 646 o·
1419 613 1501 646 dulce
1528 620 1622 654 putat
1645 611 1815 656 obsequium
1835 640 1846 656 ,
1872 615 1937 647 ctam
1973 625 2075 647 mone-

1122 667 1172 697 t'ur
1192 669 1230 695 ¹ut
1245 668 1375 706 corrigat
1389 686 1399 701 ,
1419 661 1449 703 fi
1465 662 1542 704 quid
1561 663 1687 705 deliquit
1702 667 1735 695 in
1757 665 1875 697 Deum?
1900 665 1932 696 δι’
1961 665 2037 705 qued
2060 689 2072 704 ,

1123 713 1298 755 inquiunt,
1324 723 1362 746 ac
1382 712 1404 745 fi
1426 711 1566 746 dubium
1589 713 1628 746 sit
1645 712 1693 746 eis
1716 712 1809 748 illum
1844 713 2014 755 deliquisse
2038 714 2077 747 iu

1123 761 1309 798 Dominum
1347 786 1359 802 ‚
1407 761 1464 803 qui
1490 762 1640 796 Ecclefiae
1662 761 1844 797 libertatem
1868 763 2040 808 impugnat
2065 788 2077 803 ‚

1122 814 1223 847 avitas
1256 811 1474 855 perversitates
1508 812 1692 857 Evangelio
1721 811 1845 847 Christi
1878 815 2003 857 praefert
2040 813 2078 847 &

1123 861 1345 896 samstionibus
1375 860 1508 895 Patrum
1529 887 1540 903 ‚
1579 863 1614 896 δε
1635 871 1671 897 ut
1692 860 1734 897 de
1758 862 1854 899 vobis
1880 872 2005 898 taceam
2041 863 2077 897 ὃς

1124 911 1284 950 Clericis,
1307 922 1391 954 quos
1412 911 1528 955 injuste
1547 912 1730 957 proscripsit
1749 937 1761 954 ‚
1786 914 1844 957 qui
1870 912 2077 949 mulierculas

1114 964 1155 998 -&
1172 960 1338 1007 'parvulos‘
1352 962 1386 995 in
1408 962 1502 996 cunis
1524 966 1718 998 innocentes
1741 964 1837 998 omni
1872 964 1991 998 solatio
2016 961 2078 996 de-

1114 1012 1276 1052 stituta,
1302 1011 1371 1046 non
1392 1021 1460 1046 tam
1482 1012 1604 1047 crudeli
1638 1014 1797 1048 sententia
1825 1038 1835 1054 ,
1868 1014 1966 1056 quam
1995 1012 2078 1047 insa·

1128 1061 1182 1097 nia
1211 1063 1373 1106 compulit
1403 1062 1534 1097 exulare
1561 1088 1569 1095 .
1610 1063 1681 1111 Qii
1717 1063 1897 1099 schismatis
1930 1065 2075 1098 furorem

1126 1113 1190 1156 jam
1209 1112 1453 1157 pene-sopitum
1478 1113 1635 1147 excitavit
1651 1137 1661 1153 ,
1683 1114 1718 1148 δε
1747 1114 1914 1149 roboravit
1936 1137 1948 1154 ‚
1974 1108 2008 1147 δὲ
2032 1117 2081 1146 ἰ’ῑ·

1127 1163 1276 1200 suscitata
1302 1162 1464 1205 procella,
1503 1172 1571 1204 quae
1593 1165 1659 1207 jam
1692 1163 1869 1208 plurimum
1904 1164 2079 1208 detumuee

1127 1222 1198 1251 rat,
1227 1223 1344 1249 navem
1367 1210 1615 1254 Apostolicam,
1643 1218 1802 1255 quantum
1833 1216 1865 1247 in
1902 1213 1972 1257 ipso
1994 1211 2039 1246 est
2067 1235 2080 1250 ι

1126 1271 1201 1295 cum
1221 1260 1357 1294 Christo
1380 1261 1546 1294 submersit
1566 1286 1577 1301 ,
1605 1261 1709 1294 immo
1731 1264 1764 1295 ὃς
1789 1261 1895 1296 adbuc
1923 1262 2040 1307 mergit
2068 1285 2079 1293 .

1128 1308 1300 1358 Qidsiam
1320 1310 1428 1352 quaeso
1446 1309 1572 1343 ducunt
1596 1311 1629 1342 in
1649 1311 1815 1355 crimine,
1838 1312 1896 1354 qui
1930 1311 1996 1345 hoc
2018 1310 2083 1344 esse

1129 1358 1355 1394 innocentiam
1372 1357 1559 1402 'gloriantur
1581 1360 1595 1392 ?
1622 1359 1693 1393 Aut
1718 1361 1879 1404 numquid
1918 1359 1986 1396 haec
2014 1371 2085 1404 pro-

1130 1408 1320 1450 bationibus
1342 1409 1495 1453 indigent
1509 1434 1520 1449 ‚
1548 1420 1620 1453 quae
1641 1410 1785 1444 mundus
1807 1411 1946 1455 agnovit
1966 1436 1975 1451 ‚
2012 1416 2085 1454 qux

1130 1460 1164 1493 in
1192 1458 1256 1492 suis
1288 1457 1458 1492 doloribus
1490 1459 1523 1493 ὅ(
1557 1460 1732 1494 tormentis
1762 1460 1983 1494 indesinenter
2011 1461 2084 1493 sen-

1130 1510 1170 1542 tit
1192 1510 1226 1543 &
1249 1508 1413 1549 Ecclesia,
1440 1519 1512 1551 quae
1532 1509 1736 1550 quotidianis
1759 1521 1864 1543 rerum
1877 1512 2080 1552 experimen-

1115 1560 1173 1591 ¹tis
1194 1560 1266 1592 luce
1285 1557 1403 1592 clarius
1424 1558 1563 1600 patent?
1593 1558 1655 1592 Sed
1688 1559 1709 1591 si
1730 1565 1838 1601 corripi
1867 1560 1949 1593 dulce
1989 1567 2087 1601 putat

1131 1606 1294 1650 obsequium
1332 1631 1343 1646 ,
1383 1607 1518 1651 planum
1553 1609 1597 1641 est
1630 1619 1687 1642 eos
1719 1610 1888 1652 amplioris
1919 1611 1982 1643 effe
2017 1604 2089 1652 per-

1133 1657 1217 1691 fidiae
1259 1680 1271 1697 ‚
1306 1657 1363 1700 qui
1407 1657 1594 1691 Dominum
1627 1659 1721 1690 suum
1759 1681 1772 1698 ,
1807 1658 1899 1701 cujus
1930 1659 2090 1702 obsequio

1132 1716 1252 1750 corpus
1278 1705 1482 1740 devoverunt
1512 1706 1546 1737 ἀ
1580 1707 1723 1737 animam
1758 1730 1770 1745 ,
1808 1717 1875 1740 tam
1910 1709 2090 1742 enormiter

1135 1756 1304 1797 patiuntur
1327 1758 1447 1787 errare.
1478 1753 1563 1787 Sane
1582 1752 1754 1797 impletum
1776 1755 1822 1790 est
1845 1757 1881 1790 in
1914 1758 1960 1791 eis
1988 1756 2091 1790 hodie

1135 1802 1366 1846 propheticum
1401 1801 1503 1837 iliud,
1547 1803 1644 1846 ,Quafi
1673 1805 1778 1846 vulpe!
1810 1811 1843 1839 in
1879 1805 1994 1850 deserto
2025 1815 2094 1848 pro·

1131 1851 1233 1895 pheta
1255 1858 1299 1885 tui
1319 1850 1438 1895 Israel,
1463 1852 1540 1887 cum
1562 1853 1603 1887 ad
1641 1854 1881 1890 subversionem
1906 1857 2061 1891 Ecclefiae
2082 1880 2095 1897 ,

1138 1903 1193 1947 qui
1212 1901 1506 1946 prophetarum-in
1527 1913 1564 1937 ea
1585 1903 1697 1937 locum
1720 1914 1832 1938 tenent
1862 1929 1874 1945 ‚
1906 1906 2090 1941 dolositatis

1138 1955 1199 1989 suae
1219 1953 1576 1997 multipliceslaqueos
1597 1963 1711 1988 texant
1735 1977 1743 1984 .
1781 1953 1891 1989 Dulce
1925 1955 2096 1991 salutario-

1140 2003 1189 2036 nis
1224 2002 1641 2047 praemittunt-alloquimn
1662 2028 1675 2045 ,
1712 1998 1866 2039 devotam
1900 2005 2093 2049 profitentes

1140 2052 1362 2086 obedientiam
1378 2077 1388 2092 ,
1411 2053 1578 2098 auxilium¹
1597 2055 1630 2088 ὅ(
1651 2053 1824 2089 consilium
1838 2055 2066 2099 promittentes
2079 2081 2091 2097 ,

1139 2112 1175 2135 ut
1211 2103 1412 2137 transeuntes
1442 2112 1498 2146 per
1530 2103 1708 2155 nubeculas
1743 2106 1910 2139 rationum
1932 2130 1942 2145 ‚
1972 2107 2004 2139 δε
2030 2117 2096 2140 ver·

1139 2151 1187 2185 bis
1219 2153 1377 2196 legitimis
1411 2151 1579 2202 abutentes
1615 2179 1625 2195 ,
1663 2156 1697 2189 in
1733 2155 1941 2199 dispendium
1975 2156 2095 2205 legis,

1139 2201 1271 2235 tandem
1294 2202 1436 2236 inferant
1460 2215 1467 2234 ;
1505 2206 1584 2245 Κᾲιιι
1609 2204 1647 2244 est
1679 2211 1785 2241 mortis
1809 2229 1820 2246 ,
1844 2206 1976 2249 crucifige
1992 2231 2002 2245 ,
2029 2217 2097 2239 cru-

1137 2250 1218 2294 cifige
1240 2262 1306 2283 eum
1321 2276 1328 2282 .
1356 2255 1464 2292 Neque
1488 2259 1567 2285 enlm
1608 2254 1767 2296 reservetis
1788 2255 1888 2297 bunc,
1910 2254 2096 2299 [9413θῶ-

1138 2300 1206 2332 bam
1220 2325 1227 2332 .
1256 2300 1340 2334 Ecce
1362 2302 1621 2344 qnam⁴salutem
1639 2303 1729 2337 Patri
1750 2304 1930 2341 desiderant
1954 2331 1965 2347 ‚
1992 2316 2092 2348 quam

1140 2351 1216 2384 fidei
1240 2350 1420 2386 devotione
1444 2350 1628 2395 adimplent
1649 2352 1897 2397 obedientiam,
1935 2368 1999 2400 qua
2022 2356 2094 2391 dili-

1139 2399 1251 2445 gentia
1274 2410 1387 2444 pacem
1409 2401 1493 2435 inter
1514 2403 1671 2447 Regnum
1690 2405 1741 2438 'dc
1775 2406 2002 2440 Sacerdotium
2038 2418 2092 2439 cu-

1139 2449 1234 2493 piunt
1255 2451 1440 2485 reformari.
1470 2453 1512 2486 Et
1536 2451 1670 2495 quidem
1691 2451 1759 2486 haec
1782 2465 1848 2487 tam
1875 2454 1966 2487 vobis
1992 2456 2091 2495 quam

1139 2498 1317 2540 omnibus,
1343 2502 1482 2537 causam·
1497 2501 1532 2535 δε
1554 2501 1735 2536 Historiam
1769 2504 2013 2547 proscriptionis
2035 2515 2094 2538 no·

1140 2549 1209 2584 strae
1242 2550 1503 2595 intelligentibus
1540 2573 1551 2590 ,
1586 2551 1669 2584 dista
1698 2552 1762 2586 esse
1795 2563 1863 2586 non
1901 2553 2021 2589 dubito
2050 2565 2092 2588 ex

1142 2599 1349 2640 abundanti,
1376 2599 1431 2634 sed
1453 2598 1631 2644 impietatis
1657 2600 1690 2634 &
1709 2600 1800 2640 doli,
1827 2603 2037 2645 impudentiae
2056 2602 2092 2638 ἀ

1140 2650 1282 2685 falsitatis
1312 2649 1485 2685 attendens
1515 2649 1710 2691 cumulum,
1746 2651 1891 2695 profecto
1928 2663 1987 2687 nec
2019 2654 2089 2687 ani-

1140 2710 1231 2734 mum
1255 2724 1265 2739 ,
1295 2710 1354 2733 nec
1376 2699 1542 2733 calamum
1578 2700 1672 2743 potui
1693 2701 1868 2736 continere
1889 2727 1896 2734 .
1924 2703 2014 2737 Nam
2036 2703 2091 2738 etsi

1141 2761 1255 2784 natura
1280 2756 1404 2793 negat,
1430 2750 1510 2783 facit
1545 2749 1734 2795 indignatio
1768 2750 1905 2787 verbum
1939 2753 2091 2787 adversus

1143 2800 1311 2834 malitiam
1338 2799 1371 2833 δε
1395 2799 1634 2843 impudentiam
1659 2811 1773 2835 eorum
1794 2824 1805 2841 ,
1829 2813 1969 2846 quorum
1990 2814 2099 2844 omne<-

1141 2850 1176 2883 in
1202 2848 1355 2894 praecipiti
1376 2849 1497 2885 vitium
1519 2849 1633 2892 stetit,
1659 2862 1694 2885 ut
1720 2852 1871 2894 nequitia:
1896 2863 2010 2887 eorum
2033 2854 2090 2887 vix

1141 2899 1266 2943 aliquid
1302 2897 1395 2941 possit
1428 2899 1545 2934 addere
1582 2924 1593 2942 ‚
1628 2910 1685 2935 aut
1718 2903 1819 2936 etiam
1861 2904 2051 2948 excogitare
2077 2928 2089 2944 ,

1141 2948 1322 2994 quamlibet
1343 2946 1495 2990 subtilis,
1520 2950 1554 2984 δε
1576 2951 1610 2985 in
1637 2950 1729 2986 malis
1756 2953 1967 2987 inveniendis
1995 2963 2089 2997 argu-

1142 3010 1175 3033 ta
1199 2998 1383 3042 posteritas.
1410 2999 1473 3034 Sed
1495 3000 1576 3043 quid
1601 3002 1635 3035 in
1658 3001 1709 3035 his
1739 3013 1849 3037 motor
1871 3004 1883 3036 ?
1903 3002 2088 3036 'Retribuat

1143 3049 1317 3090 eisDeus,
1343 3048 1507 3093 &plane‚
1535 3050 1591 3083 nisi
1605 3051 1723 3085 veritas
1735 3053 1822 3095 ipsa,
1844 3051 2088 3096 quodimposii-

1143 3098 1209 3133 bile
1233 3099 1303 3139 est,
1330 3108 1473 3134 vertatur
1502 3101 1536 3133 in
1573 3101 1766 3144 salsitatem,
1793 3102 1949 3137 retribuet
1984 3101 2084 3137 abun-

1142 3148 1257 3183 danter
1278 3147 1476 3184 facientibus
1499 3149 1534 3183 ὅ(
1554 3149 1744 3185 foventibus
1771 3152 1952 3196 nequitiam
1967 3151 2060 3184 istam
2074 3174 2083 3183 .

1143 3198 1215 3233 Vos
1239 3209 1350 3233 autem
1365 3223 1376 3239 ‚
1402 3209 1439 3232 ut
1464 3197 1548 3232 mihi
1574 3200 1677 3236 visum
1695 3202 1764 3242 est,
1803 3203 1925 3237 litteris
1943 3201 1976 3234 δε
1999 3200 2090 3234 mali-

1143 3248 1195 3283 tiae
1218 3259 1332 3282 eorum
1355 3248 1599 3291 prudentiffime
1618 3251 1651 3284 ὅ(
1671 3251 1906 3297 elegantissime
1925 3249 2088 3291 respondi·

1145 3299 1222 3339 stis,
1248 3299 1283 3333 ἀ
1307 3299 1450 3342 argutias
1474 3310 1612 3339 eorum,
1639 3300 1697 3334 diu
1729 3301 1933 3343 excogitatas
1970 3299 2005 3333 δε
2026 3299 2088 3333 ela-

1146 3348 1275 3383 boratas
1308 3372 1319 3388 ‚
1345 3348 1436 3381 velut
1469 3359 1656 3383 aranearum
1690 3349 1857 3383 cassiculos
1890 3348 2088 3383 validissimis

1146 3396 1332 3432 rationibus
1359 3396 1546 3432 dissolv-istis
1564 3424 1572 3432 .
1616 3399 1659 3431 Et
1692 3398 1768 3431 licet
1797 3396 2025 3442 grandiuscula
2059 3399 2095 3430 fit

1110 3461 1118 3465 ·
1151 3447 1325 3493 Epistola,
1349 3457 1420 3490 quae
1446 3458 1556 3483 tamen
1588 3447 1760 3482 necessaria
1791 3447 1860 3488 sola
1889 3448 2060 3491 eaequitur
2086 3470 2097 3486 ‚

1620 3497 1654 3530 Ο
1705 3507 1725 3546 3
1926 3496 2041 3532 vellem
