2358 3776
358 81 460 131 Μή

422 173 847 234 ἘΡιεΤοιΑ
947 184 1064 228 Lxr.

345 302 425 334 Bm
431 295 566 332 bolomaeo
585 292 751 337 Exonienfi
771 293 861 328 Arche
873 310 886 320 ·
897 296 1173 340 DiaconoJoannes

636 343 864 385 saresberienfis
877 369 892 403 ..

293 483 296 485 Α
353 445 563 491 -GGLESIA
590 446 624 480 in
634 422 722 480 atsto
734 443 802 486 est,
826 443 860 479 δε
878 453 922 478 ex
942 442 1133 480 diffenfione
1160 446 1224 480 Re·
1267 433 1269 439 ¹

372 494 764 545 rgnirScSacetdotiieam
774 492 919 538 undique
944 504 1095 538 premunt
1118 507 1223 541 angw

282 549 350 583 stiae
358 573 366 582 .
395 549 485 583 Nam
497 558 539 590 qu
545 557 596 580 am
608 545 682 579 Rex
692 545 822 590 perimit
833 568 845 586 ,
865 544 922 578 illa
934 545 1086 579 vendicat
1096 545 1224 580 liberta-

284 606 372 633 tem.
400 598 468 631 Etfi
480 596 575 630 vellet
595 596 725 631 astatus
744 595 794 631 sui
816 593 1007 630 defensione
1027 597 1165 636 ceffare,
1190 597 1225 631 δι

271 647 493 693 ,adquiescere
503 644 698 691 juffionibus
708 655 922 690 tyrannorum
935 668 947 686 ,
965 645 1060 681 illico
1075 645 1226 691 indigna·

287 699 419 733 tionem
430 696 633 741 Apostolicae
642 697 734 732 Sedis
755 696 934 739 exciperet.
961 695 1025 730 Sed
1046 697 1124 740 quia
1154 698 1226 731 lon·

285 747 330 794 ge
362 747 564 783 tolerabilius
590 746 638 783 est
671 746 815 781 incidere
866 747 902 780 in
934 746 1086 782 manibus
1115 744 1222 781 homi-

284 793 392 839 num,
416 797 513 843 quam
526 797 749 842 derelinquere
767 796 894 841 Legem
911 795 978 831 Dei
989 820 1002 838 ,
1028 797 1220 832 officiofiffi-

282 857 378 883 mum
389 847 724 884 &confiliofiffimum
737 854 853 891 reputo
864 871 876 889 ,
902 857 972 882 non
993 846 1096 882 modo
1117 848 1221 883 facul-

280 898 635 934 tates&fallacisdona
653 899 793 932 fortunae
814 908 874 941 pro
893 895 1014 933 tuenda
1035 896 1184 933 libertate
1207 923 1218 939 ,

279 958 343 994 pro
353 947 498 994 Legibus
510 947 657 985 Paternis
668 972 679 990 ,
699 947 853 992 exemplo
870 948 1060 983 Sanctorum
1080 959 1222 993 expone·

279 1009 340 1040 te,
365 997 420 1034 sed
432 998 468 1033 &
487 999 594 1044 ipsum
611 1009 729 1042 corpus
740 1023 752 1041 ,
778 996 867 1043 quod
886 998 1147 1044 quibuscumque
1167 998 1220 1032 fla-

280 1047 379 1093 gellis
397 1058 552 1084 atteratur
575 1074 588 1091 ‚
614 1048 874 1094 quibuscumque
894 1048 1134 1092 Tyrannorum
1156 1059 1221 1083 car-

277 1097 427 1133 nificinis
437 1108 626 1143 torqueatur
634 1099 676 1135 ad
686 1100 841 1143 praesens,
864 1099 970 1135 velint
991 1100 1102 1134 nolint
1123 1099 1222 1143 perse-

277 1156 431 1190 cutoreS,
450 1149 816 1193 ,pulchrius&fortius,
842 1160 939 1194 prout
966 1151 1081 1184 merita
1092 1149 1222 1192 praeces-

276 1197 397 1240 serint‚
423 1199 644 1244 glorificatum
667 1203 704 1235 in
726 1199 784 1236 illa
805 1199 858 1234 die
875 1200 1021 1236 restituet
1031 1198 1184 1234 Christus
1209 1223 1220 1240 ,

277 1258 339 1292 pro
350 1249 443 1293 cujus
453 1250 518 1284 fide
529 1251 563 1285 δε
574 1250 766 1286 obedientia
791 1262 879 1285 nunc
910 1249 1078 1285 salubriter
1087 1247 1222 1292 exponi-

276 1306 334 1333 tur
346 1323 358 1340 ,
382 1309 439 1334 aut
450 1299 640 1343 deponitur.
670 1300 733 1334 Sed
755 1301 811 1334 etfi
830 1299 970 1343 eo'usque
980 1299 1221 1342 Tyrannorum

280 1348 385 1383 rabies
414 1348 609 1390 invaluerit,
635 1348 742 1383 facilis
758 1349 805 1383 est
821 1349 940 1392 jactura
955 1346 1136 1393 sepulchri,
1164 1347 1221 1383 ubi

277 1397 366 1433 coelo
403 1398 525 1444 tegitur
544 1423 557 1440 ,
582 1398 642 1443 qui
660 1409 728 1433 non
747 1396 848 1433 habet
864 1410 1003 1434 urnam.
1031 1397 1222 1434 Confilium

278 1447 316 1482 in
327 1447 490 1492 ambiguis
507 1448 680 1484 dumtaxat
689 1446 788 1483 habet
810 1448 941 1490 locum,
967 1458 1029 1483 nec
1045 1448 1140 1484 debet
1160 1450 1223 1483 effe

276 1496 496 1541 ambiguum,
523 1497 806 1542 quod-gerendum
815 1497 988 1540 proescribit
997 1497 1050 1533 lex
1072 1497 1198 1531 Divina
1212 1516 1221 1529 =.

275 1546 369 1581 Nam
382 1556 442 1580 nec
463 1545 642 1582 minimum
662 1544 704 1580 de
724 1546 888 1582 mandatis
910 1547 1000 1588 Dei,
1028 1545 1053 1580 fi
1076 1545 1168 1590 quod
1178 1555 1223 1581 ta·

277 1607 354 1631 rnen
368 1620 380 1636 ,
405 1593 494 1640 quod
507 1596 564 1630 vix
573 1594 761 1636 credimuS,
787 1605 924 1639 parvum
933 1595 981 1631 est
993 1620 1007 1637 ,
1027 1605 1087 1640 pro
1097 1604 1224 1640 tempo-

277 1646 338 1682 rali
351 1647 420 1681 vita
434 1671 446 1688 ,
470 1645 594 1681 nedum
605 1656 663 1689 pro
673 1644 840 1681 mundana
863 1644 1056 1690 supellectili
1067 1645 1119 1680 vel
1140 1656 1223 1680 vana

270 1698 388 1742 ,quiete
397 1694 571 1731 confiliose
579 1694 750 1729 deseritur.
778 1695 916 1729 Nam&
939 1695 1081 1731 minima
1100 1696 1223 1731 servata

278 1747 383 1781 vitam
404 1745 601 1789 acquirunt,
627 1744 664 1778 δι
684 1744 872 1788 plerumque
893 1743 1049 1788 Martyrii
1080 1744 1223 1789 gloriam

276 1803 521 1842 promerentur.
549 1794 711 1838 Negleeta
722 1792 798 1828 vero
808 1804 851 1829 ex
871 1793 1010 1828 crimine
1030 1793 1223 1841 inobedien-

279 1845 376 1882 tiae&
394 1852 605 1887 contemptus
624 1845 783 1888 ingerunt
804 1852 964 1878 mortem.
992 1843 1134 1887 Capram
1157 1843 1223 1878 avi-

279 1896 390 1932 culam
401 1905 478 1930 cum
495 1893 595 1938 pullis
612 1892 721 1928 occidi
740 1891 896 1938 prohibet
913 1891 1099 1934 Dominus,
1128 1892 1224 1938 subji—

278 1947 369 1982 ciens
386 1944 553 1990 praemium
565 1943 628 1977 esse
639 1941 736 1987 hujus
745 1968 757 1985 ,
783 1943 807 1977 fi
819 1943 1014 1978 mandatum
1025 1942 1223 1984 observetur,

278 2004 316 2032 ut
327 1996 432 2041 longo
448 1994 540 2030 vivas
549 2004 716 2037 tempore.
743 1991 846 2041 Quod
858 1992 993 2037 quidem
1015 1991 1113 2035 adjici
1134 2004 1225 2028 man-

280 2047 368 2083 datis
388 2042 460 2080 aliis
479 2043 574 2080 facile
595 2054 665 2079 non
688 2045 848 2087 reperies,
872 2042 933 2077 nisi
953 2042 1010 2078 ubi
1030 2042 1162 2077 Patrem
1191 2043 1226 2078 δε

280 2098 429 2133 Matrem
440 2095 587 2140 praecepit
597 2092 751 2129 honorari
763 2119 771 2126 .
799 2092 889 2128 Idem
899 2104 980 2138 ergo
992 2093 1161 2138 magno&
1179 2094 1224 2135 ei,

279 2146 374 2193 quod
395 2146 574 2181 minimum
593 2145 745 2185 videtur,
770 2143 944 2179 subintulit
963 2144 1131 2188 praemium
1149 2167 1177 2185 „
1189 2152 1226 2177 ut

279 2197 433 2240 doceret,
459 2196 618 2243 quoniam
639 2196 673 2232 δι
694 2194 828 2229 minimi
846 2193 991 2238 diligens
1019 2192 1224 2228 observantia

283 2249 359 2283 vite
369 2247 597 2291 promeritoria
607 2246 672 2281 est.
699 2243 861 2289 Nunquid
874 2255 945 2279 non
962 2243 1121 2284 scriptum
1133 2242 1179 2276 est
1207 2255 1220 2275 .-

285 2301 437 2343 ,Quoniam
458 2304 510 2341 qui
530 2303 657 2331 minima
667 2294 810 2338 spernit,
830 2292 982 2334 paulanm
1002 2291 1119 2324 decidet
1141 2302 1152 2333 ;
1191 2292 1226 2325 es·

284 2354 335 2393 qui
352 2354 386 2382 in
409 2349 518 2381 modico
540 2346 640 2389 fidelis
662 2343 701 2383 est
726 2365 737 2382 ,
765 2341 857 2385 super
877 2341 973 2375 multa
1003 2339 1184 2381 constituitur
1209 2341 1223 2375 ἔ

282 2398 360 2435 Nec
383 2396 449 2434 hoe
458 2396 621 2436 dixerim,
648 2392 740 2439 quod
763 2401 880 2427 omnes
899 2390 1029 2436 capiant
1049 2390 1135 2426 istud
1158 2401 1227 2426 ver·

283 2448 364 2485 bum
383 2473 395 2490 ,
421 2456 478 2481 aut
493 2444 583 2490 quod
595 2456 660 2489 ego
678 2440 818 2478 minima
836 2441 1013 2488 diligenter
1022 2439 1188 2476 observem
1213 2465 1226 2483 ,

287 2498 347 2542 qui
360 2496 438 2541 saepe
448 2493 641 2532 multumin
657 2492 785 2538 magnis
794 2491 955 2537 delinquo
976 2493 1011 2527 δε
1037 2491 1188 2526 maximis
1214 2505 1226 2524 .-

286 2548 446 2595 fiquidem
457 2544 649 2583 obedientia
668 2543 852 2578 maximum
861 2543 907 2577 est
919 2541 1111 2577 mandatum
1122 2566 1135 2582 ,
1160 2542 1227 2576 fine

287 2599 382 2642 cujus
399 2597 604 2643 diligentiori
615 2592 761 2629 custodia
774 2592 907 2627 salutem
919 2593 1144 2636 proverstorum
1155 2592 1226 2626 nul-

289 2649 343 2686 lus
366 2649 558 2691 assequitur.
585 2645 712 2680 Melior
730 2643 778 2678 est
800 2642 891 2677 enim
907 2641 1096 2678 obedientia
1128 2641 1226 2687 quam

290 2698 450 2738 victimae,
477 2697 559 2730 ficut
568 2706 609 2728 ex
631 2694 864 2728 laterecritnen
887 2692 1052 2728 ariolandi
1071 2692 1117 2728 est
1137 2704 1225 2737 repu-

288 2760 392 2795 gnare
406 2772 418 2788 ,
445 2744 573 2789 &quafi
584 2744 685 2777 scelus
695 2743 888 2777 idololatrix
898 2743 988 2777 nolle
1008 2742 1225 2785 adquiescere.

292 2800 339 2835 Et
350 2807 387 2833 ut
398 2795 438 2831 ad
456 2793 634 2831 obediendi
652 2793 809 2828 virtutem
818 2792 935 2827 fortius
955 2793 1132 2833 animeris,
1156 2795 1227 2829 Do-

294 2848 381 2884 mini
409 2847 506 2890 Papae
521 2856 555 2880 te
577 2842 724 2878 munivit
742 2840 941 2883 authoritas,
966 2844 1047 2879 ficut
1069 2842 1168 2879 habes
1186 2855 1227 2878 ex

294 2898 412 2937 litteris
422 2921 434 2938 ,
459 2907 540 2941 quas
551 2893 728 2937 Episcopo,
738 2892 937 2936 Vigornenfi
949 2894 1070 2938 scripfit
1081 2918 1094 2935 ,
1115 2895 1228 2929 consu·

296 2949 380 2985 lenti
400 2959 442 2982 an
455 2946 496 2980 ad
517 2944 752 2988 Episcopatum
771 2943 863 2976 suum
882 2943 989 2987 potius
1009 2945 1113 2979 redite
1133 2943 1227 2980 debe·

296 3008 346 3036 ret
358 3021 370 3039 ‚
393 2998 428 3033 &
447 2996 551 3041 Regis
570 2992 706 3039 obsequi
725 2992 908 3033 voluntati,
935 3004 977 3027 an
998 2994 1134 3030 affistere
1155 2994 1227 3029 Do·

297 3050 393 3087 mino
409 3045 632 3082 Cantuarienfi
644 3069 656 3087 ,
679 3054 738 3088 pro
748 3042 896 3077 libertate
907 3042 1054 3077 Ecclefiae
1065 3045 1098 3079 &
1121 3045 1230 3080 defen-

298 3101 390 3136 smne
401 3098 534 3133 Divinae
543 3094 660 3140 Legis,
686 3093 799 3130 omnia
821 3093 912 3136 supra
931 3093 1030 3137 quam
1041 3095 1108 3129 dici
1120 3096 1231 3138 poffiz,

298 3148 441 3196 pericula
462 3146 498 3182 in
510 3147 544 3181 se
555 3147 588 3180 δε
599 3145 664 3179 suis
674 3143 800 3178 fortiter
810 3141 1000 3177 sustinenti.
1031 3143 1231 3189 Exemplum

298 3201 482 3237 litter-arum
503 3196 638 3233 inferius
660 3194 835 3237 subjeetum
845 3192 909 3227 est,
937 3193 1156 3228 Executorem
1179 3206 1234 3228 vo·

303 3248 441 3287 luntatis
464 3249 527 3282 suae
547 3256 580 3280 te
596 3246 693 3280 faeiat
715 3243 903 3285 Dominus,
927 3243 1042 3278 &eam
1053 3241 1130 3279 fidei
1143 3245 1234 3278 forti-

303 3300 452 3335 tudinem
480 3297 516 3332 &
545 3293 813 3341 perseverantiam
846 3292 996 3328 conferat
1013 3318 1024 3335 ,
1063 3303 1101 3333 ut
1121 3294 1233 3329 fratres

304 3361 430 3384 coaevos
450 3349 484 3383 δε
497 3348 639 3392 posteros
652 3346 685 3379 in
705 3344 824 3379 timore
842 3343 1004 3386 Domini,
1031 3343 1168 3379 &cultu
1188 3344 1234 3389 ju-

307 3399 401 3437 Ritiae
411 3398 544 3434 feliciter
564 3398 668 3439 valeas
678 3393 830 3431 roborare
840 3417 849 3427 .

979 57 1150 109 EP'I
1183 59 1370 112 STo
1401 58 1443 112 L
1477 65 1537 112 AE

1371 229 1375 233 .
1436 193 1850 232 EPISTULA
1918 200 2091 240 mxu„

1426 297 1598 331 Alexandro
1618 300 1716 340 Papae
1732 296 1924 340 carnotensis
1944 279 2089 338 Eleare.
2128 324 2131 327 »

1370 395 1586 433 CCLESIAE
1613 398 1774 434 Romanae
1796 399 1883 435 filius
1905 423 1920 442 ,
1941 400 2025 435 ficut
2042 399 2079 434 in
2106 400 2221 449 Matris

1396 449 1586 485 successibus
1609 458 1699 484 totus
1719 449 1834 485 exulto
1847 474 1859 492 ,
1885 450 1927 486 fic
1945 450 1980 485 in
2003 450 2138 486 adversis
2155 453 2221 496 eins

1294 495 1668 542 mihicaromacetatur‚
1694 501 1728 535 ὃ(
1750 501 1910 546 affligitur
1930 500 2081 546 spiritus,
2106 501 2141 536 δι
2158 501 2224 539 aui-

1294 555 1352 581 mae
1361 550 1569 594 meaerequies
1578 550 1720 586 omnino
1729 550 1929 597 denegatur.
1957 550 2147 587 cumcuim
2170 560 2223 585 ne-

1293 597 1413 633 ceffitas
1429 599 1471 633 ad
1490 599 1711 635 obediendum
1735 602 1934 646 Apostolicae
1956 602 2032 638 sedi
2054 600 2165 637 fideles
2174 612 2227 636 ur-

1292 657 1367 691 geat
1377 649 1558 690 universos,
1585 663 1637 686 me
1649 653 1706 697 qui
1719 650 1755 686 in
1778 649 1900 688 Christi
1920 652 2104 688 ministerio
2122 651 2229 687 vestre

1293 697 1362 732 sum
1373 710 1516 735 creatura
1529 702 1693 745 specialis,
1715 704 1813 738 arelat
1826 702 1961 738 devotio
1973 700 2161 743 charitatis,
2188 709 2228 736 ut
2247 731 2249 733 ,

1292 758 1347 791 per
1367 749 1504 794 gratiam
1514 747 1580 786 Dei
1594 763 1701 796 neque
1712 764 1800 788 mors
1822 765 1928 799 neque
1939 753 2007 788 vita
2019 752 2115 796 posfit
2125 753 2144 786 a
2158 751 2229 786 Ro·
2246 777 2250 782 .

1291 810 1394 833 manae
1406 798 1576 841 Ecclefiae,
1600 803 1634 838 δε
1658 803 1758 838 vestra
1777 803 1937 839 fidelitate
1955 803 1991 838 δε
2010 803 2171 847 obsequio
2183 802 2229 836 se·

1291 859 1415 892 parare.
1443 849 1551 886 Unde
1559 851 1601 887 ad
1620 853 1811 888 Dominum
1833 866 1944 889 meum
1959 852 2159 889 fiducialiter
2178 851 2229 885 lo·

1292 909 1370 942 quar
1382 923 1395 940 ,
1419 911 1490 945 quae
1502 900 1542 936 ad
1558 901 1699 947 gloriam
1719 903 1807 947 ejus,
1833 905 1869 939 ἀ
1882 903 1985 939 totius
2007 901 2156 938 Ecclefiae
2166 899 2229 935 ho-

1290 959 1403 985 norem
1415 951 1574 994 pertinere
1583 961 1673 987 cetto
1695 954 1814 989 certius
1822 955 1886 988 est.
1916 954 2005 988 Inter
2026 952 2140 989 omnia
2159 950 2228 986 Re·

1289 1009 1354 1043 gna
1374 1000 1491 1035 mundi
1502 1013 1571 1036 non
1586 1001 1631 1035 est
1640 1013 1682 1035 ex
1694 1003 1798 1036 animi
1810 1004 1876 1037 mei
1884 1002 2044 1039 sententia
2056 1003 2227 1049 Regnum,

1288 1048 1380 1091 quod
1399 1049 1498 1084 fidem
1513 1051 1716 1086 finceriorem
1728 1074 1739 1090 ‚
1761 1048 1954 1088 charitatem
1975 1053 2229 1092 ferventiorem,

1288 1098 1500 1134 devotionem
1519 1100 1702 1136 uberiorem
1720 1100 1921 1145 Apostolicae
1931 1101 2008 1136 Sedi
2027 1103 2152 1146 semper
2173 1113 2230 1136 ex—

1288 1147 1455 1191 hibuerit,
1479 1161 1577 1194 quam
1598 1151 1817 1186 Francorum.
1846 1152 1929 1186 Non
1952 1150 2095 1186 estinter
2118 1149 2230 1195 Reges

1287 1199 1322 1233 ἃ
1334 1199 1507 1243 Principes
1517 1224 1529 1241 ,
1556 1200 1614 1244 qui
1622 1200 1797 1246 benignius
1809 1202 1964 1236 exaudiat
1976 1211 2085 1245 preces
2101 1200 2229 1239 vestras,

1288 1249 1346 1293 qui
1368 1250 1532 1283 mandatis
1555 1248 1687 1286 obediat
1707 1249 1889 1294 humilius,
1916 1252 1974 1296 qui
1995 1250 2173 1286 Ecclesiam
2193 1249 2230 1283 δε

1288 1299 1375 1333 viros
1385 1298 1624 1334 Ecclefiasticos
1644 1301 1796 1335 devotius
1806 1300 1949 1336 honoret
1961 1326 1973 1342 ‚
1999 1302 2033 1336 &
2056 1299 2227 1335 studiosius

1289 1357 1417 1384 tueatur
1429 1372 1442 1390 ‚
1468 1348 1743 1384 Christianiffimo
1755 1351 1848 1396 Rege
1861 1351 1973 1386 nostro
1983 1374 1992 1385 .
2018 1352 2102 1385 Non
2112 1350 2157 1385 est
2167 1350 2231 1383 Ec·

1288 1398 1383 1434 clefia
1395 1423 1408 1440 ,
1434 1410 1506 1442 quae
1517 1398 1676 1434 Romanae
1690 1400 1837 1435 Ecclefiae
1844 1402 1942 1436 fuerit
1953 1400 2108 1437 utiliorin
2121 1397 2232 1435 omui·

1289 1447 1348 1482 bus
1365 1448 1527 1493 angustiis
1546 1447 1612 1482 suis
1624 1472 1636 1489 ,
1673 1450 1773 1491 quam
1795 1450 1989 1484 Gallicana.
2015 1450 2230 1494 Supplicave·

1288 1507 1366 1533 runt
1388 1496 1483 1532 vobis
1495 1496 1635 1531 Ecclesia
1647 1497 1680 1532 δε
1691 1498 1766 1533 Rex
1777 1509 1836 1542 pro
1847 1498 2002 1534 Domino
2016 1499 2236 1534 Caumarien.

1288 1547 1336 1587 fi,
1363 1546 1423 1590 quiv
1437 1558 1496 1590 pro
1517 1546 1667 1582 libertate
1686 1547 1835 1583 Ecclefiae
1854 1549 1889 1584 δι
1912 1548 2092 1593 majestatis·
2121 1549 2228 1583 vestra:

1288 1595 1453 1642 dignitate
1474 1597 1598 1632 tuenda
1619 1597 1709 1632 Exul
1729 1599 1763 1632 δε
1781 1599 1972 1643 proscriptus
1987 1599 2053 1643 jam
2073 1608 2230 1643 quartum

1289 1645 1401 1690 explet
1423 1656 1568 1681 annum.
1595 1645 1681 1693 Agit
1696 1648 1784 1692 apud
1807 1659 1865 1683 vos
1884 1659 2001 1684 eontra
2011 1660 2089 1683 eum
2109 1658 2229 1691 tyran·-

1290 1707 1353 1731 nus
1364 1720 1376 1739 ,
1404 1695 1555 1732 Ecclefiae
1575 1698 1759 1742 persecutor
1770 1698 1978 1740 manifestus,
2005 1697 2108 1732 hostis
2118 1696 2230 1743 Regni

1290 1747 1514 1787 Francorum,
1538 1747 1631 1790 cujus
1652 1746 1972 1791 iniquitasomnibus
1994 1759 2073 1783 nota
2091 1748 2137 1783 est
2150 1771 2163 1788 ,
2194 1747 2231 1782 δὲ

1263 1821 1265 1824 .
1290 1804 1402 1829 tamen
1420 1795 1513 1839 quod
1532 1795 1641 1830 dicere
1652 1797 1852 1832 verecundor
1863 1822 1875 1838 ,
1901 1798 1935 1832 ὃ(
1947 1799 2047 1832 doleo
2066 1797 2230 1837 accidiffe,

1289 1844 1456 1895 praeva‘luit
1468 1842 1623 1880 hastenus
1635 1845 1670 1879 in
1681 1846 1851 1882 malitia&
1862 1848 2007 1882 vanitate
2020 1849 2075 1881 sua
2088 1873 2097 1880 .
2122 1846 2229 1890 Siqui-

1288 1892 1365 1929 dem
1377 1905 1480 1939 nuper
1491 1893 1568 1930 cum
1588 1894 1631 1931 ad
1649 1896 1853 1941 colloquium
1874 1896 2142 1933 Christianiffimi
2164 1897 2230 1932 Re·

1290 1944 1342 1989 gis
1364 1944 1549 1985 accederet,
1573 1945 1607 1980 δε
1628 1956 1684 1988 pet
1694 1946 1864 1982 Comitem
1882 1948 2115 1982 Flandrensem
2131 1971 2143 1987 ‚
2168 1946 2229 1991 'qui

1291 1994 1372 2028 illue
1387 1994 1578 2028 Dominum
1599 1994 1868 2031 Cantuariensem
1892 2007 2031 2032 traxerat
2052 2021 2064 2039 ,
2088 1997 2130 2032 de
2150 2007 2230 2040 pace

1298 2043 1445 2077 Ecclefiae
1466 2043 1673 2079 reformanda
1683 2045 1929 2089 sollicitaretur,
1956 2047 2078 2082 litteras
2090 2046 2230 2091 Aposto-

1293 2092 1416 2127 licasin
1441 2093 1607 2129 audientia
1630 2094 1867 2138 Episcoporum
1879 2099 2035 2138 suorum,
2061 2098 2097 2131 δι
2118 2105 2230 2140 proce-

1293 2154 1365 2177 rum
1389 2143 1456 2189 legi
1476 2145 1557 2179 fecit
1574 2167 1586 2184 ,
1613 2144 1731 2188 quibus
1751 2145 1948 2182 statuebatur
1967 2170 1980 2188 ,
2016 2157 2058 2181 ne
2078 2146 2229 2190 praefatus

1294 2192 1534 2228 Cantuarienfis
1553 2194 1706 2238 inipsum
1718 2206 1774 2230 aut
1795 2204 1910 2232 terram
1921 2199 2011 2232 suam
2030 2196 2229 2232 sententiam

1292 2244 1374 2277 serre
1385 2244 1502 2292 possit,
1529 2254 1586 2280 aut
1606 2245 1741 2288 aliquod
1764 2257 1940 2290 gravamen
1960 2246 2061 2283 alicui
2087 2247 2228 2290 persona

1290 2290 1331 2327 de
1352 2302 1433 2327 terra
1450 2295 1505 2329 sua
1526 2295 1669 2335 inferre,
1694 2295 1800 2331 donec
1811 2297 1964 2332 redeatin
1984 2296 2122 2342 gratIam
2138 2296 2229 2340 ejus.

1290 2341 1369 2389 Qo
1379 2343 1496 2377 audito
1518 2343 1809 2380 Christianiffirnus
1832 2347 1906 2381 Rex
1924 2347 2078 2382 confusus
2098 2346 2167 2386 est,
2192 2346 2229 2382 &

1291 2401 1400 2426 totum
1413 2391 1569 2437 Regnum
1579 2417 1591 2434 ,
1617 2395 1793 2436 omnesque
1802 2396 1880 2429 Filii
1893 2397 2041 2430 Ecclefiae
2050 2396 2230 2430 doluerunt

1291 2442 1395 2477 virum
1406 2441 1527 2486 justum
1538 2466 1550 2484 ,
1576 2442 1773 2478 Pontificem
1791 2444 2021 2479 Reverendum
2032 2443 2098 2479 fine
2118 2445 2227 2480 cauffa

1291 2490 1464 2536 suspendi,
1489 2491 1575 2527 &ab
1587 2492 1780 2537 Apostolica
1805 2493 1887 2529 Sede
1909 2495 2052 2529 manasse
2069 2495 2226 2538 scriptum

1291 2552 1359 2578 tam
1383 2542 1599 2587 perniciosum
1620 2543 1793 2587 exemplo.
1822 2544 1927 2578 Anno
1948 2543 2109 2587 praeterito
2129 2543 2227 2588 Joan·

1289 2605 1349 2628 nes
1357 2592 1399 2628 de
1420 2592 1616 2628 oxeneford
1643 2594 1865 2638 graviffimum
1884 2591 2018 2637 quidem
2038 2593 2226 2628 scandalum

1289 2643 1468 2684 excitavit,
1495 2644 1549 2677 sed
1561 2643 1645 2676 illud
1665 2641 1752 2676 nihil
1771 2643 1813 2677 ad
1833 2643 1942 2678 istud.
1966 2643 2226 2678 Sententia'Do-

1290 2694 1376 2728 mini
1394 2694 1498 2738 Regis
1516 2692 1562 2727 est
1573 2716 1585 2733 ,
1609 2691 1729 2736 quodsi
1751 2704 1859 2737 preces
1877 2693 1946 2738 ejus
1964 2693 2099 2728 nolletis
2130 2692 2228 2728 audi·

1290 2755 1348 2786 re,
1372 2744 1479 2779 cauffa
1500 2743 1567 2778 Dei
1593 2754 1664 2777 non
1691 2743 1735 2777 fic
1750 2743 1855 2778 fuerat
1873 2743 2087 2788 opprimenda
2106 2768 2118 2785 ,
2163 2750 2226 2780 nee

1290 2804 1382 2829 erant
1394 2792 1502 2829 danda
1520 2791 1650 2828 duriora
1663 2817 1674 2833 ‚
1700 2793 1816 2837 quibus
1829 2793 2006 2828 Ecclesiam
2023 2793 2195 2828 ventilaret
2210 2818 2223 2835 ,

1290 2855 1415 2880 cornua
1432 2843 1617 2889 peccatori:
1652 2853 1723 2876 non
1743 2853 1811 2877 erat
1832 2843 1992 2878 innocens
2025 2843 2059 2876 in
2079 2844 2186 2878 mensa
2210 2867 2224 2884 ,

1291 2894 1397 2929 immo
1416 2893 1503 2928 inter
1526 2903 1641 2928 manus
1653 2891 1758 2936 Regis
1779 2892 2044 2928 Christianiffimi
2065 2893 2223 2937 jugulan-

1291 2945 1371 2979 dus.
1399 2943 1444 2978 Et
1456 2944 1547 2986 quod
1566 2953 1633 2977 tam
1654 2941 1759 2987 Regis
1769 2941 1866 2986 quam
1879 2943 2058 2978 nostratum
2068 2944 2222 2978 omnium

1292 3004 1415 3029 mentes
1424 2993 1531 3039 magis
1549 2992 1731 3032 exulcerat,
1757 2992 1954 3027 efficaciores
1972 2992 2127 3028 dicuntur
2147 2993 2222 3028 fuis·

1293 3045 1325 3079 se
1345 3043 1465 3088 injuriae
1485 3043 1521 3078 δε
1553 3041 1827 3078 comminationes
1854 3042 2044 3088 Anglorum
2063 3068 2076 3085 ,
2121 3053 2222 3088 quam

1293 3095 1492 3129 Francorum
1511 3093 1628 3129 sincera
1641 3091 1742 3133 fides,
1767 3091 1903 3127 devotio
1922 3095 2065 3136 fervens,
2091 3093 2127 3128 δε
2142 3094 2221 3138 juge

1293 3143 1505 3187 obsequium.
1531 3142 1774 3182 Promiseratis,
1801 3141 1921 3185 Pater,
1945 3143 2221 3187 fiteminiscipla-

1295 3206 1368 3234 cet,
1393 3193 1546 3229 Domino
1565 3192 1654 3237 Regi
1674 3217 1686 3233 ,
1721 3193 1821 3228 toties
1842 3205 1901 3237 pro
1921 3194 2223 3237 Archi-Episcopo

1297 3243 1519 3281 Cantuarienfi
1540 3242 1755 3286 supplicanti,
1780 3242 1870 3286 quod
1880 3244 1911 3278 ei
1922 3243 2080 3287 justitiam
2090 3243 2222 3279 exhibe·

1296 3296 1390 3336 retis,
1416 3293 1550 3338 &quod
1569 3304 1786 3328 memoratum
1809 3294 1955 3329 nostrum
1974 3294 2102 3339 Regem
2124 3294 2224 3328 laetifi·

1296 3354 1445 3385 caverat,
1471 3343 1684 3388 poeceperatis
1704 3368 1715 3386 ,
1742 3354 1779 3377 ut
1801 3342 2102 3388 Archi-Episcopo
2121 3345 2221 3379 Com-

1297 3394 1509 3443 provinciales
1538 3393 1696 3441 Episcopi
1733 3394 1957 3432 obedientiam
1990 3391 2184 3430 exhiberent
2210 3417 2221 3427 .

2084 3444 2185 3481 Nunc
