2358 3776
390 113 393 117 ·
405 91 503 147 346,

460 218 492 254 ε
519 215 549 253 1>
575 192 865 252 rsa-'ons
963 209 1125 248 arr-vm„

376 318 507 355 Thomas
528 307 1031 405 Cantauriezfisiprcpflfflffiscopus
1054 308 1211 352 Albanenfi

724 372 750 406 p
777 372 807 394 co
827 371 843 394 o
855 383 864 394 .

420 458 614 506 TI'OSUM
637 462 682 497 est
693 462 729 497 in
739 460 856 497 auditu
867 460 934 506 ejus
944 459 1039 495 verba
1050 460 1252 504 pretendere,

444 520 551 564 quiex
564 514 674 559 paucis
683 512 786 547 multa
797 510 995 556 perpendere
1005 511 1176 545 consuevit
1187 534 1198 551 ,
1221 511 1253 544 &

316 558 472 616 magistra
481 565 641 602 charitate
652 563 780 598 Amicis
790 562 871 607 justa
881 560 1069 606 petentibus
1087 572 1156 595 non
1170 561 1250 595 dees

315 623 367 657 fe.
395 617 500 666 Qod
520 617 555 650 in
579 613 733 650 multis&
745 612 873 658 magnis
893 612 1079 656 frequenter
1089 611 1212 653 experti
1241 634 1252 650 ,

316 669 362 706 ad
373 669 480 703 finum
492 664 684 701 Clementiae
694 664 803 698 vestrae
811 664 950 697 latorem
964 661 1250 706 presentium,cum

315 719 414 757 omni
426 715 545 753 fiducia
555 714 752 751 destinamus
767 737 778 754 ,
804 723 870 747 tarn
881 711 988 756 ipsum
1005 712 1103 756 quim
1123 710 1249 755 petitio·

314 780 376 804 nes
385 792 398 810 ,
422 778 503 813 quas
514 777 568 811 per
577 777 652 800 eum
662 764 814 799 Domino
824 762 917 806 Papae
930 761 1124 806 porrigimus
1144 785 1156 802 ,
1182 761 1250 794 san-

316 818 423 854 &itari
434 817 541 854 vestrae
550 813 750 851 affeauofius
767 812 1037 848 commendantes
1051 836 1064 853 ,
1089 811 1123 846 ὅ(
1135 822 1251 855 rogan-

314 878 365 904 tes
384 866 562 908 attentius,
588 876 624 900 ut
647 875 699 899 eas
719 862 851 898 dileetio
863 862 963 897 vestra
987 862 1081 897 solita
1100 861 1249 896 bonitate

311 917 444 953 studeat
465 925 670 962 promovere.
696 912 873 954 Audieris,
898 913 920 946 fi
936 912 1060 957 placet,
1086 911 1212 953 abipso
1235 934 1247 952 ‚

311 968 459 1014 qualiter
478 978 553 1003 cum
575 965 727 1000 Domino
751 963 845 1009 Rege
863 962 1054 1008 Anglorum
1079 961 1248 996 fecerimus

310 1029 428 1063 pacem
440 1017 482 1053 ad
492 1015 654 1058 honorem
665 1013 750 1054 Dei,
777 1013 812 1048 ἃ.
835 1023 872 1048 ut
893 1014 1076 1057 speramus,
1102 1010 1247 1045 Ecclefiae

308 1067 513 1107 utilitatem,
534 1067 568 1102 &
590 1064 793 1099 dilatandam
818 1064 903 1108 apud
925 1058 1245 1107 Anglosauthorita-

308 1115 589 1160 temApostolicae
599 1113 707 1150 Sedis.
735 1114 890 1149 Nuucius
911 1112 1074 1157 supplebit
1096 1121 1209 1147 caetera
1235 1135 1247 1153 ,

309 1175 383 1212 que
391 1164 446 1202 hic
457 1166 595 1201 scienter
605 1165 638 1199 ἀ
649 1164 692 1199 de
701 1162 860 1199 industria
879 1165 1056 1200 reticentur
1066 1186 1075 1195 .

460 1261 869 1303 uulsToLA

403 1364 536 1406 thanas
565 1358 784 1403 Canruaerienfis
844 1359 962 1394 Archi·
976 1359 1140 1404 Episcopus

435 1407 437 1412 ’
605 1410 748 1453 Hostlsnfi
769 1409 920 1453 Episcopo
934 1434 943 1442 .

965 1261 1091 1299 XLIX.
1129 1295 1132 1298 .

367 1509 497 1549 lcUT
521 1509 564 1546 ad
580 1508 692 1545 locum
705 1532 717 1550 ,
737 1505 828 1543 unde
837 1515 960 1542 exeunt
970 1530 983 1547 ,
993 1503 1132 1541 flumina
1143 1517 1244 1541 rever·

394 1572 531 1603 tuntur,
555 1570 593 1596 ut
606 1560 722 1593 iterum
736 1559 839 1593 fluant
850 1581 862 1599 ,
882 1557 923 1592 sic
935 1556 976 1590 ad
992 1556 1135 1601 agendas
1146 1557 1242 1601 pieta·

302 1615 335 1656 ti
348 1614 456 1649 vestrae
465 1612 584 1658 gratias
596 1609 690 1644 flexis
699 1609 839 1653 genibus
850 1606 969 1642 mentis
983 1605 1139 1640 debemus
1148 1618 1242 1641 acce-

303 1663 404 1706 dere,
433 1673 471 1698 ut
484 1673 537 1707 per
552 1670 612 1696 vos
624 1659 659 1694 in
676 1657 858 1693 ministerio
872 1656 1021 1695 Ecclesiae
1032 1655 1242 1698 roboremur,

304 1717 385 1760 quia
395 1713 456 1749 ista
465 1712 672 1747 miseratione
684 1708 755 1750 post
772 1708 883 1741 Deum
896 1708 977 1740 vires
989 1706 1189 1749 accepimus,
1202 1718 1243 1740 ne

304 1765 497 1800 caderemus
507 1762 542 1795 iu
553 1768 654 1795 manu
665 1755 793 1791 hostili.
817 1756 929 1790 Amici
941 1754 1042 1788 nostri
1055 1756 1089 1789 δι
1101 1757 1242 1798 proximi

303 1812 411 1851 nostri
431 1812 589 1846 steterunt
609 1817 724 1842 contra
746 1817 807 1842 nos
818 1829 831 1847 ,
864 1806 1103 1850 persecutorum
1116 1805 1243 1849 gladios

301 1861 507 1902 acuentes,&
516 1869 553 1895 ut
563 1868 625 1894 nos
636 1855 914 1891 confunderent&
924 1855 1243 1898 conoererent,etiam
1263 1860 1267 1864 '

303 1912 366 1950 sub
379 1912 452 1957 ipsis
462 1910 537 1946 fasti
547 1910 623 1944 sunt
636 1905 672 1944 in
684 1915 796 1941 arcum
809 1914 962 1949 pravum.
974 1903 1035 1938 Sed
1048 1903 1128 1938 fides
1138 1905 1241 1939 vestra

304 1963 345 2000 in
366 1962 501 1997 camino
521 1956 744 1995 tribulationis
771 1955 887 1990 nostrae
907 1954 940 1989 δι
951 1954 1088 1997 pressura
1099 1951 1244 1987 Ecclesiae

302 2014 428 2057 semper
437 2010 624 2047 examinata
633 2006 782 2043 clarescit
792 2029 804 2046 ,
824 2005 859 2041 ἀ
869 2003 1009 2038 charitas
1023 2014 1092 2037 non
1103 2012 1244 2046 quaerens

304 2074 377 2109 qux
388 2064 444 2097 sua
455 2062 547 2102 sunt,
573 2060 627 2095 sed
641 2068 709 2102 quae
722 2053 951 2100 Iesu-Christi,
979 2052 998 2086 a
1011 2052 1107 2087 Patre
1121 2053 1244 2088 miseri-

302 2113 494 2149 eordiarum
504 2109 650 2146 obtinuit
661 2118 775 2150 pacem
786 2131 798 2147 ‚
811 2115 909 2149 quam
921 2102 1071 2138 Mundus
1081 2102 1158 2138 dare
1173 2114 1242 2138 non

303 2172 432 2208 poterat
443 2171 500 2197 aut
510 2162 647 2205 sperare.
660 2157 734 2192 Nos
744 2157 834 2191 enim
847 2155 888 2189 ad
899 2154 1086 2190 Dominum
1096 2151 1242 2187 nostrum

303 2214 437 2258 Regem
447 2212 579 2257 Angliae
589 2211 622 2245 in
636 2208 824 2245 humilitate
832 2204 942 2240 debita
955 2201 1157 2243 accedentes,
1166 2212 1242 2236 cum

305 2274 348 2298 eo
359 2264 497 2298 fecimus
507 2273 619 2306 pacem
632 2285 644 2302 ,
669 2257 762 2300 cujus
773 2264 966 2304 tamentota
977 2252 1153 2285 substantia
1171 2250 1240 2285 sub·

306 2313 388 2347 sistit
409 2312 444 2346 in
466 2314 539 2354 spe,
565 2312 619 2343 sed
631 2303 846 2354 quaeauthore
862 2303 937 2336 Deo
956 2311 1025 2334 uon
1036 2299 1219 2356 confundet
1230 2324 1239 2332 .

307 2362 401 2398 Nam
412 2370 449 2396 ut
459 2371 506 2395 res
517 2361 669 2403 sequatur
680 2378 694 2397 ‚
721 2354 778 2397 qui
794 2351 872 2387 fecit
882 2375 894 2391 ,
919 2350 984 2393 ipse
994 2348 1139 2393 perficiet
1152 2373 1160 2382 .
1187 2349 1240 2383 In-

304 2411 434 2447 stabant
443 2409 547 2452 aliqui
557 2417 672 2441 eorum
684 2428 696 2444 ,
719 2403 820 2438 etiam
845 2401 902 2446 qui
916 2400 1078 2435 columnae
1094 2396 1241 2433 Ecclefiae

304 2460 501 2496 videbantur
512 2482 523 2499 ,
549 2466 587 2491 ut
610 2466 671 2490 nos
691 2453 724 2486 ἀ
747 2460 853 2485 totam
865 2451 992 2484 causam
1004 2448 1068 2483 Dei
1080 2450 1242 2483 conferre·

306 2511 426 2546 musin
438 2506 607 2544 arbitrium
618 2504 688 2550 ejus
698 2526 710 2543 ,
735 2500 813 2535 seda
826 2499 920 2534 nobis
930 2523 943 2540 ,
970 2500 1044 2533 Deo
1058 2498 1202 2542 propitio
1229 2523 1240 2540 ,

307 2572 371 2598 nee
380 2561 555 2596 obtentum
564 2555 610 2591 est
624 2581 635 2597 ,
662 2564 723 2588 nec
733 2549 938 2586 obtinebitur
953 2572 965 2590 ‚
983 2557 1019 2582 ut
1030 2549 1240 2593 quaestionem

307 2610 506 2646 damnorum
517 2633 527 2649 ,
554 2617 624 2651 quae
638 2602 781 2639 Ecclesiae
793 2599 904 2635 Dei&
925 2597 1021 2633 nobis
1037 2598 1133 2633 illata:
1145 2599 1218 2633 sunt
1228 2623 1240 2641 ,

310 2669 367 2696 aut
377 2659 541 2703 querelam
553 2652 828 2690 consuetudinum
840 2673 852 2690 ‚
875 2647 980 2684 imm&
990 2647 1098 2692 potius
1116 2648 1241 2683 abufio-

311 2721 393 2744 num
406 2733 418 2749 ,
443 2717 499 2743 aut
522 2705 651 2739 Divinae
672 2702 771 2746 Legis
780 2726 791 2742 ‚
818 2698 920 2734 velint
943 2699 1053 2733 nolint
1073 2696 1238 2744 Principes

311 2758 462 2794 fidelibus
480 2753 686 2790 observanda
706 2750 888 2786 custodiam
907 2749 942 2783 in
955 2747 1124 2783 arbitrium
1136 2747 1240 2783 homi-

313 2810 364 2847 nis
374 2809 580 2844 conseramus
588 2829 597 2837 .
626 2801 842 2851 Qantalibet
852 2799 945 2834 enim
953 2797 1098 2834 Potestas
1110 2798 1239 2833 Divini-

310 2869 365 2895 tus
376 2858 527 2893 ordinata
538 2854 646 2889 minor
656 2853 701 2887 est
716 2863 757 2885 eo
769 2877 779 2892 ,
807 2849 864 2895 qui
875 2849 1018 2883 instituit
1029 2860 1099 2883 eam
1112 2872 1123 2889 ,
1135 2849 1169 2883 &
1182 2849 1238 2883 irn-

314 2906 547 2954 poenitentibus
561 2913 689 2948 peccata
700 2898 822 2935 dimitti
835 2911 904 2934 non
927 2900 1014 2943 posse
1037 2899 1238 2943 perspicui&

316 2957 462 3006 perpetui
473 2956 552 3002 juris
563 2953 607 2988 est
619 2976 628 2985 .
657 2953 700 2987 Et
712 2951 735 2986 si
746 2959 793 2985 res
803 2949 909 2984 ablata
930 2948 972 2984 ab
994 2960 1035 2983 eo
1057 2949 1076 2982 a
1098 2960 1165 2993 quo
1179 2948 1239 2984 sol-

313 3008 421 3046 venda
432 3006 499 3046 est,
526 3014 593 3038 non
605 3002 776 3041 reddatur,
801 2998 928 3034 constat
950 2999 1151 3041 poenitentiae
1162 2999 1238 3033 veri-

313 3056 419 3100 ?utem
431 3067 499 3091 non
519 3051 662 3090 exhiberi
674 3077 686 3093 ,
710 3050 765 3087 sed
786 3048 922 3085 exerceri
934 3049 1127 3093 figmentum
1147 3049 1237 3084 mali-

281 3107 287 3126 ³
313 3103 370 3147 tia:
386 3104 556 3142 mendacio
569 3103 723 3146 palliatae,
750 3110 829 3142 aut,
853 3108 889 3132 ut
900 3099 1005 3132 verius
1025 3098 1148 3133 dissum
1158 3100 1197 3134 fit
1225 3123 1237 3139 ,

315 3148 365 3197 bis
377 3157 527 3202 polluta.
555 3154 650 3186 Error
663 3151 820 3197 siquidem
833 3147 984 3194 pristinus
993 3149 1168 3190 perseverat
1181 3173 1192 3190 ,
1202 3149 1235 3183 &

316 3221 402 3245 nova
413 3203 526 3244 fraude
546 3201 699 3238 calcatius
720 3200 903 3235 cumulatur
914 3223 922 3230 .
949 3197 1062 3240 Cetera
1077 3198 1236 3242 supplebit

316 3259 470 3294 Nuneius
481 3280 493 3297 ‚
518 3264 615 3297 quem
626 3253 659 3286 ἃ
674 3251 845 3294 petitiones
855 3273 866 3289 ,
882 3258 959 3293 quas
971 3257 1022 3290 per
1030 3258 1104 3281 eum
1120 3249 1236 3282 Domi-

318 3321 362 3343 no
385 3310 479 3357 Papa
499 3303 694 3350 porrigimus
710 3325 723 3342 ,
749 3298 941 3332 Paternitati
965 3296 1069 3331 vestras
1090 3297 1237 3332 desidera-

317 3369 389 3396 mus
401 3353 555 3394 attentius
565 3349 784 3388 commendari
798 3373 809 3390 ,
832 3347 864 3381 &
878 3342 1078 3393 promoveri.

997 72 1550 129 EPISTOL'AE

1512 191 1971 249 rsursToLA'v
2010 214 2050 252 1...

1437 308 1567 344 Thomas
1594 312 1821 354 Cantaurienfis
1849 314 2122 360 Archi-Epifiopus

1593 362 1772 398 VVa‘lhelmo
1798 363 1941 407 Papienli
1950 391 1958 398 .

1354 457 1536 496 USTUM
1563 460 1632 503 est,
1659 473 1697 498 ut
1719 463 1863 499 Ecclesia
1886 465 2147 508 cantuariensis,
2175 477 2246 510 qun

1377 510 1446 552 post
1457 511 1567 546 Deum
1579 511 1679 547 vestra
1690 513 1722 547 δι
1744 524 1921 557 paucorum
1943 514 2138 550 Amicorum
2152 516 2244 551 indu·

1318 559 1388 593 :tria
1408 559 1442 594 &
1461 559 1570 597 labore
1592 563 1682 597 venit
1704 563 1745 597 ad
1762 574 1894 608 portum
1917 565 2012 599 vobis
2031 567 2065 600 ἀ
2087 566 2199 600 vestris
2214 569 2246 603 in

1313 608 1408 644 omni
1427 608 1607 647 devotione
1623 613 1656 647 δε
1677 611 1885 649 exhibitione
1909 613 2058 658 obsequii
2081 617 2113 650 se
2142 615 2250 660 obno-

1314 658 1401 693 xiam
1413 664 1641 707 recognoscat·
1667 663 1758 698 Nam
1780 664 1865 699 inter
1887 667 2062 709 praecipuos
2074 666 2109 700 dc
2121 666 2244 710 primos

1313 709 1452 744 Amicos
1461 711 1494 745 δε
1506 712 1670 747 Dominos
1683 714 1779 748 vobis
1789 714 2012 758 adscripsimus
2023 739 2035 756 ,
2061 715 2153 759 quod
2178 716 2249 751 Dei

1312 769 1472 803 praeeunte
1494 762 1619 796 auxilio
1641 774 1749 808 erepta
1770 764 1815 799 est
1828 764 2072 800 &tribulatione
2086 765 2247 800 malorum

1310 809 1468 844 &dolore
1481 834 1488 843 .
1509 809 1681 848 Tranfistis
1702 825 1762 858 pro
1789 825 1828 849 ea
1854 815 1956 850 maria
1970 839 1983 856 ,
2009 815 2245 859 penetrastis&

1311 860 1475 903 superastis
1503 860 1624 905 Alpes,
1650 863 1684 897 in
1708 862 1852 907 partibus
1872 865 1990 898 nostris
2012 865 2179 910 pugnastis
2201 865 2243 899 ad

1310 909 1444 951 bestias,
1470 910 1503 944 δε
1515 911 1549 945 in
1562 914 1627 955 ipsa
1639 913 1741 947 Curia
1752 937 1764 954 ‚
1790 914 1848 948 ubi
1867 914 2006 949 validius
2027 916 2061 950 &
2077 915 2180 950 acrius
2191 927 2246 949 ex-

1309 960 1557 1005 pugnabamur,
1583 960 1661 1005 saepe
1686 963 1789 997 &diu
1811 965 1960 1006 portastis
1981 963 2111 1009 pondus
2135 965 2199 999 diei
2213 965 2247 1000 &

1307 1009 1418 1044 aestus:
1442 1011 1475 1044 δε
1487 1008 1618 1045 taudem
1629 1011 1705 1055 quia
1715 1011 1808 1047 labor
1819 1012 1921 1047 vester
1931 1023 1999 1047 erat
2013 1015 2047 1047 in
2061 1015 2218 1050 Domino
2234 1037 2247 1054 ,

1311 1060 1643 1103 sapienter&utiliter
1654 1061 1877 1105 triumphastis
1890 1087 1899 1095 .
1925 1062 2087 1096 Sensimus
2107 1062 2172 1098 hoc
2186 1075 2246 1100 nu-

1309 1120 1363 1152 per
1375 1111 1409 1144 in
1421 1109 1599 1145 concordia
1610 1134 1622 1151 ,
1647 1122 1746 1156 quam
1757 1112 1914 1146 inivimus
1923 1121 2000 1146 cum
2014 1110 2167 1151 Domino
2180 1112 2243 1147 Re·

1307 1171 1350 1204 ge
1362 1159 1513 1204 Angliae,
1539 1160 1632 1204 cujus
1644 1161 1781 1196 formam
1793 1186 1805 1204 ,
1829 1161 1850 1195 si
1864 1163 1967 1206 placet
1980 1186 1990 1201 ,
2016 1160 2035 1194 a
2058 1161 2160 1196 latore
2176 1173 2247 1204 pra:-

1308 1211 1449 1245 sentium
1460 1210 1601 1245 audiatis
1610 1235 1622 1252 ,
1647 1212 1682 1247 δε
1693 1212 1864 1255 petitiones
1876 1236 1892 1253 „
1914 1223 1995 1256 quas
2007 1222 2063 1255 per
2074 1222 2151 1252 eum
2167 1210 2247 1248 Do-

1308 1259 1400 1293 mino
1423 1258 1471 1295 Pa
1492 1261 1749 1306 aeporrigimus,
1773 1261 1868 1296 solita
1877 1261 2030 1297 bonitate
2054 1272 2248 1306 promoveas

1308 1310 1348 1343 tis
1356 1332 1369 1350 ,
1379 1272 1587 1352 habeazisque
1597 1308 1768 1345 hominem
1779 1312 1937 1346 attentius
1950 1309 2243 1349 commendatum-

1453 1434 1455 1437 ,
1479 1405 1510 1440 E
1534 1407 1562 1441 P
1588 1408 1605 1442 1
1629 1408 1652 1442 S
1676 1408 1714 1441 T
1738 1408 1773 1442 0
1799 1409 1829 1443 L
1856 1408 1889 1442 A
1988 1410 2057 1445 LI.

1411 1502 1544 1541 thomas
1570 1505 1798 1548 cantuariensis
1826 1503 1916 1549 Archi
1930 1520 1942 1532 ι
1954 1504 2124 1551 Episcopus

1587 1555 1748 1596 Hyacinthe
1763 1556 1930 1590 Cartiman
1944 1581 1953 1590 .

1367 1656 1381 1690 1
1404 1655 1608 1692 laborantem
1633 1655 1830 1701 Agricolam
1851 1665 1983 1700 oportet
2012 1655 2153 1701 primum
2176 1656 2251 1702 post

1391 1705 1533 1743 redditas
1546 1707 1623 1742 Deo
1637 1707 1795 1752 primitias
1818 1706 1912 1742 edere
1923 1729 1933 1745 ‚
1959 1706 2162 1750 justiffimum
2180 1708 2250 1749 est,

1303 1767 1340 1790 ut
1351 1757 1486 1792 vestram
1498 1757 1691 1792 charitatem
1703 1781 1715 1797 ,
1740 1767 1811 1802 qum
1825 1756 1865 1798 iu>
1874 1756 2100 1792 sublevatione
2112 1757 2145 1794 S.¹
2161 1756 2250 1795 Cane

1304 1806 1471 1839 tuarienfis
1485 1806 1632 1840 Ecclesiae
1645 1807 1709 1841 fere
1718 1805 1786 1848 jam
1812 1807 1996 1849 pereuntis,
2023 1806 2094 1850 plus
2121 1806 2155 1840 &
2176 1806 2251 1840 diu·-

1303 1854 1367 1889 tius
1391 1854 1455 1897 jam
1479 1855 1659 1896 laboravit,
1686 1855 1719 1889 δε
1742 1855 1831 1898 quod
1856 1856 1962 1900 magis
1974 1854 2019 1889 est
2034 1880 2045 1896 ‚
2071 1855 2247 1895 fidelius&

1303 1904 1465 1944 efficacius
1479 1929 1490 1946 ,
1505 1904 1623 1939 laboris
1641 1905 1686 1938 sui
1701 1903 1742 1939 ab
1752 1915 1788 1939 ea
1801 1904 1834 1937 in
1849 1907 1944 1939 omni
1959 1905 2135 1950 gratiarum
2148 1907 2252 1939 astio-

1305 1964 1346 1986 ne
1359 1952 1613 1988 &exhibitione
1632 1952 1779 1997 obsequii
1793 1953 1957 1997 percipere
1980 1955 2124 1990 stulius.
2157 1955 2250 1990 Nam

1305 2002 1382 2037 cum
1404 2002 1544 2038 aliorum
1575 2003 1770 2037 Amicorum
1801 2001 1864 2037 fere
1885 2003 2041 2038 omnium
2064 2003 2146 2039 fides
2170 2006 2249 2046 esset

1305 2053 1494 2092 exinanita,
1519 2054 1722 2088 vosillotum
1735 2053 1864 2087 animos
1884 2052 1903 2087 a
1925 2053 2193 2096 pusillanimitate
2210 2055 2247 2089 in

1305 2103 1392 2146 spem
1405 2102 1552 2137 erexistis
1566 2128 1576 2143 ,
1602 2102 1764 2137 solidastis
1777 2112 1893 2136 manus
1913 2102 2083 2136 dissolutas
2096 2127 2107 2145 ,
2135 2113 2246 2148 genua

1305 2151 1424 2186 debilia
1438 2151 1612 2186 roborastis
1622 2175 1634 2191 ‚
1657 2152 1689 2186 dc
1701 2151 1856 2186 attentius
1868 2152 1999 2186 auditor
2010 2151 2099 2186 verbi
2113 2175 2125 2192 ,
2153 2164 2245 2188 verus

1304 2201 1426 2236 Christi
1448 2201 1623 2246 discipulus
1637 2227 1649 2243 ,
1673 2203 1806 2236 consors
1829 2200 2008 2244 Apostoli,
2034 2201 2133 2238 haeres
2144 2201 2244 2244 Petri,

1304 2253 1414 2287 fratres
1427 2252 1545 2287 vestros
1556 2277 1568 2294 ‚
1593 2253 1650 2297 qui
1661 2252 1701 2286 ad
1715 2250 1839 2286 cultum
1860 2250 1990 2294 justitia
2002 2275 2013 2292 ,
2037 2251 2071 2285 δι
2087 2261 2240 2296 patrona·

1303 2311 1371 2335 tum
1399 2302 1548 2337 Ecclefiae
1569 2300 1779 2347 praeordinati
1799 2311 1889 2335 erant
1917 2325 1928 2341 ‚
1955 2301 2108 2346 exemplo
2129 2302 2247 2337 confir-

1304 2351 1458 2385 mastis&
1480 2352 1598 2387 verbo.
1626 2352 1812 2395 Experierat
1835 2351 1924 2385 enim
1951 2350 2108 2386 Sathanas
2131 2352 2245 2386 Eccle-

1303 2400 1379 2434 siam
1391 2400 1576 2434 Romanam
1599 2401 1635 2434 in
1659 2399 1873 2435 tribulatione
1893 2399 2015 2440 vestra,
2045 2401 2123 2435 sicut
2137 2400 2170 2435 ὃς
2186 2414 2245 2435 ηο-

1303 2449 1364 2485 stra
1375 2473 1387 2491 ,
1412 2460 1449 2485 ut
1460 2460 1531 2484 eam
1543 2449 1696 2483 cribraret
1709 2450 1749 2482 sic
1757 2460 1793 2482 ut
1802 2450 1973 2490 triticum„
1997 2450 2031 2482 δε
2043 2450 2115 2482 suos
2129 2451 2244 2492 proba-

1302 2509 1350 2534 ret
1365 2523 1377 2541 ,
1401 2499 1435 2534 &
1448 2499 1658 2534 convinceret
1678 2497 1842 2533 infideles.
1875 2496 1937 2531 Sed
1963 2496 2111 2532 Christus
2122 2499 2163 2532 de
2176 2500 2242 2543 ipsa

1303 2551 1486 2585 tentatione
1509 2559 1700 2593 proventum
1718 2556 1870 2592 operatus
1891 2546 1937 2580 est
1961 2546 2099 2592 laetum,
2123 2547 2157 2582 ’ἃ
2180 2550 2242 2593 utiq

1303 2600 1367 2634 lem
1387 2597 1538 2634 fidelibus
1559 2599 1734 2639 universis,
1760 2596 1813 2631 sed
1831 2595 1926 2630 vobis
1945 2596 2001 2638 qui
2038 2596 2120 2631 alios
2151 2595 2244 2642 'supe-

1302 2650 1392 2684 rastis
1403 2650 1439 2683 iu
1451 2648 1516 2683 fide
1526 2672 1537 2689 ‚
1563 2658 1622 2691 prae
1632 2648 1753 2682 caeteris
1765 2646 1964 2692 gloriosum.
1996 2644 2070 2680 Nos
2083 2647 2171 2681 enirn
2186 2660 2241 2692 pet

1302 2699 1442 2746 gratiam
1461 2698 1528 2733 Dei
1548 2699 1582 2732 &
1605 2698 1740 2732 vestram
1754 2721 1765 2738 ,
1792 2707 1867 2730 cum
1897 2696 2047 2730 Domino
2064 2696 2156 2740 Rege
2169 2698 2238 2732 An·

1302 2750 1434 2795 glorum
1446 2750 1583 2784 fecimus
1605 2758 1741 2791 pacem,
1767 2747 1806 2780 ad
1833 2745 1992 2779 honorem
2017 2744 2108 2787 Dei,
2133 2748 2165 2781 &
2180 2749 2240 2782 Ec.

1302 2800 1425 2840 cleliae,
1449 2810 1485 2833 ut
1497 2799 1678 2842 speramus,
1705 2797 1901 2836 utilitatem,
1926 2794 2015 2837 cujus
2040 2796 2177 2830 formam
2193 2798 2239 2832 la-

1302 2859 1354 2884 tor
1366 2849 1567 2893 praesentium
1594 2847 1687 2883 vobis
1709 2854 1852 2889 exponet
1866 2870 1878 2887 ,
1901 2855 2000 2885 quem
2023 2843 2238 2883 desideramus

1304 2900 1397 2933 vobis
1418 2897 1578 2933 attentius
1601 2895 1822 2932 commendari
1844 2915 1856 2933 ,
1882 2893 2104 2937 &petitiones
2119 2920 2130 2936 ,
2155 2895 2234 2939 quas

1302 2948 1444 2985 habetin
1458 2946 1632 2989 manibus,
1654 2957 1718 2992 qua
1728 2943 1943 2980 consuevistis
1963 2943 2138 2987 industria,
2162 2958 2235 2991 pro.

1303 3010 1428 3035 moveri
1441 3025 1449 3032 .

1460 3099 1491 3133 E
1516 3098 1544 3133 Ρ
1569 3097 1587 3132 1
1609 3096 1632 3131 S
1656 3094 1695 3129 T
1718 3096 1751 3130 Ο
1777 3093 1808 3128 L
1834 3092 1868 3128 A
1969 3093 2041 3130 Lu.

1303 3200 1468 3234 Alexandro
1478 3201 1571 3242 Papae
1581 3193 1708 3230 Thomas
1720 3195 1942 3239 Cantuarienfis
1954 3193 2214 3237 Archi-Eptfivpus
2227 3198 2242 3240 ,J

1303 3298 1417 3384 EX
1433 3310 1522 3342 quo,
1546 3296 1643 3332 Pater
1661 3320 1673 3337 ,
1698 3296 1735 3331 in
1757 3296 1888 3331 auribus
1915 3294 2021 3341 Regis
2042 3291 2226 3339 Angloruzn

1405 3347 1672 3384 comminationis
1682 3346 1879 3391 Apostolicae
1889 3346 1969 3381 tuba
1981 3344 2156 3381 consonuit
2172 3368 2182 3384 ,
2195 3344 2228 3376 δε

1254 3433 1263 3444 ,
1301 3412 1368 3437 tam
1378 3397 1458 3442 fibi,
1481 3397 1678 3442 quamtertae
1699 3399 1759 3433 sua:
1781 3397 1981 3434 severitatem
2001 3394 2150 3431 Ecclesiae
2161 3402 2225 3426 cre-

2074 3462 2077 3465 ·
2098 3440 2179 3477 d'sslit
