2358 3776
508 117 549 162 S.
605 112 908 169 THOMAE
948 107 1350 159 CANTUAR
1399 106 1533 162 1113.
1585 114 1689 162 111.

278 255 363 303 ne
388 237 560 291 ts‘ro
585 251 672 290 LA
745 247 888 294 dxxiv.

218 355 409 392 Alexander
444 354 533 398 Papa
559 351 708 387 Thornae
734 345 1002 390 Cantuarienli„

427 404 531 440 Archi
540 421 552 428 ·
565 401 733 447 Episcopo
745 423 754 433 .

122 508 291 542 Alexander
300 504 466 549 Epist-aput
477 529 488 546 ‚
515 505 626 537 Servus
645 503 802 536 servorum
827 500 884 531 Det
895 521 905 535 ,
931 507 1059 531 venera-

169 557 226 591 bila*
248 561 356 590 Fratri
375 554 515 595 Thema,
540 549 753 592 cantuariensi
774 544 1020 589 Archi-Episcopo
1046 572 1059 588 ‚

171 613 264 642 totius
275 609 390 650 anglia
403 607 538 638 anati
547 626 559 642 ‚
583 603 618 636 Θ
629 601 793 644 apostolicae
802 600 822 630 5
823 598 890 632 edis
903 600 1018 640 Legata
1043 621 1056 639 ‚

166 656 298 701 salutem
311 657 345 689 (5
355 653 542 698 apstolicam
554 651 786 686 benedifflmm
796 672 803 680 .

212 756 297 792 ΠΜ
322 754 477 790 Nuncios
490 763 565 788 tuos
575 751 615 786 ad
625 749 826 796 praesentiam
847 747 991 782 nostram
1001 747 1061 782 mi-

199 798 202 801 *
235 807 337 845 fiss‘es,
363 806 397 839 δε
415 802 613 839 chariffimus
637 800 724 834 filius
748 797 855 833 noster
878 799 911 832 in
926 797 1060 832 Christo

119 855 287 889 Hernicus
301 879 312 895 ‚
337 854 468 889 illustris
479 851 553 886 Rex
564 850 755 896 Anglorum
769 874 781 889 ,
804 849 951 893 proprios
963 847 1062 881 Nun-

120 902 192 946 cios
212 903 254 938 ad
275 902 390 939 sedem
411 901 641 945 Apostolicam
662 899 836 944 delegasset
862 923 875 939 ,
913 896 1060 932 mirabile

112 953 267 1007 gerimus
279 976 291 993 ,
316 951 407 997 quod
428 962 497 986 non
520 951 702 994 exspectato
724 949 830 984 reditu
850 948 1060 983 Nunciorum

115 1012 260 1043 ,tuorum
283 1026 296 1044 ,
321 1013 382 1037 nec
405 1001 546 1047 cognito
564 999 704 1034 consilio
723 998 836 1034 nostro
862 1023 874 1039 ,
898 995 1058 1042 quaslibet

120 1050 277 1098 personas
299 1052 413 1097 Regni
434 1051 542 1094 aliqua
565 1050 725 1085 sententia
746 1048 903 1095 gravasti.
933 1047 1059 1082 Verum

117 1102 244 1145 licette
256 1102 392 1136 multam
406 1099 647 1145 providentiam
670 1099 703 1134 δε
723 1099 987 1142 σίῐειιιτιίρεᾶαπι
1008 1096 1063 1131 ha·

115 1151 199 1188 bere
211 1152 440 1186 discretionem
464 1161 533 1184 non
555 1149 761 1190 dubitemus,
789 1150 868 1192 quia
890 1159 999 1182 tamen
1012 1147 1061 1181 sae·

120 1200 199 1246 pins
222 1200 417 1245 contingere
438 1200 540 1241 solet,
567 1199 657 1243 quod
668 1200 740 1244 quis
760 1197 877 1233 melius
900 1198 934 1230 in
954 1196 1060 1229 aliena

122 1262 225 1294 quam
242 1251 277 1284 in
297 1251 424 1296 propria
446 1250 539 1284 causa
564 1248 674 1288 videt,
702 1258 765 1283 nos
791 1246 984 1281 sententiam
1006 1256 1061 1283 tua

122 1299 324 1335 authoritate
345 1296 473 1342 propria
494 1298 639 1333 revocari
662 1297 808 1330 volentes
829 1318 842 1335 ‚
865 1294 1061 1328 Frater-nita-

122 1359 194 1384 tem
207 1359 296 1383 tuam
309 1357 502 1387 monemus,
513 1345 715 1380 consulimus
723 1367 736 1385 ‚
745 1343 898 1378 volumus
907 1366 918 1383 ‚
943 1344 979 1377 δι
989 1341 1062 1377 hor-

123 1408 260 1443 tamur,
282 1407 318 1432 ut
328 1393 595 1442 adverincendam
616 1393 773 1430 duritiam
796 1392 923 1438 Regis,
948 1392 1062 1436 &ejus

121 1448 273 1494 animum
284 1445 503 1491 mitigandum
517 1468 527 1485 ,
554 1445 749 1479 sententiam
761 1443 861 1487 ipsam
872 1442 1056 1485 suspendas,

122 1495 295 1541 quousque
307 1507 348 1529 ex
360 1493 568 1537 responsione
582 1493 792 1527 Nunciorum
818 1492 1000 1527 nostrorum
1010 1503 1064 1535 co·

123 1546 291 1594 gnoscas,
317 1557 359 1580 an
374 1544 461 1578 idem
476 1544 549 1579 Rex
562 1554 594 1578 te
605 1543 660 1577 sibi
674 1542 884 1577 reconciliare
905 1542 1003 1582 velit,
1029 1542 1064 1576 ἀ

125 1594 171 1631 ad
183 1594 358 1630 Ecclesiam
369 1604 459 1629 tuam
473 1618 485 1634 ,
507 1594 588 1627 sicut
598 1594 711 1633 decet,
733 1593 766 1627 δε
778 1592 874 1626 nobis
896 1591 965 1635 spes
985 1591 1066 1626 fasta

126 1645 199 1686 est,
223 1655 395 1680 revocare.
423 1644 528 1678 Decet
549 1643 639 1677 enim
663 1654 724 1677 nos
738 1666 750 1684 ,
774 1642 808 1676 ἀ
827 1651 861 1676 te
873 1642 1004 1685 ipsum5
1029 1649 1067 1675 ut

125 1694 173 1731 ad
196 1694 429 1730 emolliendam
449 1692 684 1728 authoritatem
696 1692 791 1736 ipfius
802 1690 932 1726 duobus
954 1691 1004 1725 vel
1015 1691 1068 1733 tri·

124 1744 192 1780 bus
211 1743 375 1779 mensibus
392 1743 635 1787 exspestemus,
660 1743 694 1777 ἀ
718 1743 763 1778 ita
786 1741 941 1776 duritiam
952 1741 1067 1784 eiusin

124 1793 341 1838 benignitate
351 1793 385 1826 δε
398 1791 649 1826 mansuetudine
662 1791 837 1824 toleremus
849 1813 859 1828 ,
886 1790 974 1830 quod
997 1788 1069 1822 nul-

126 1839 164 1877 1²
190 1842 221 1877 ei
240 1851 403 1875 remanere
427 1840 521 1882 poffit
541 1840 689 1879 occafio,
715 1850 778 1882 qua
800 1838 913 1871 debeat
937 1838 1070 1880 pacis&

129 1890 319 1928 concordia
341 1889 466 1925 bonum
489 1888 572 1922 inter
583 1898 616 1922 te
635 1889 668 1922 δι
690 1888 794 1931 ipsum
818 1886 1071 1931 quomodolibet

131 1940 300 1987 praepediri
314 1964 323 1974 .
350 1938 433 1974 Sane
455 1938 478 1972 fi
501 1938 639 1973 confilio
658 1938 694 1973 δε
719 1936 865 1972 hortatui
877 1936 989 1971 nostro
1000 1948 1070 1971 non

130 1990 267 2027 duxeris
278 1989 551 2034 adquiescendum
565 2012 576 2029 ,
601 1987 635 2020 ὅ(
656 1998 705 2021 res
728 1998 797 2021 non
810 1987 990 2030 processerit
1002 1988 1071 2029 jux·

133 2051 169 2077 ta
177 2035 412 2075 desiderium&
425 2037 674 2072 aessimationem
686 2047 776 2070 tuam
790 2060 801 2075 ,
828 2037 880 2070 sed
902 2038 936 2070 in
948 2046 1074 2069 contra-

134 2091 222 2126 rium
246 2114 259 2131 ,
284 2088 374 2132 quod
402 2097 524 2123 avertat
548 2087 715 2123 Dominus
739 2111 750 2127 ‚
777 2086 926 2125 cesserit,
951 2085 984 2119 id
1005 2096 1071 2119 non

130 2139 235 2175 nobis
246 2140 406 2183 imputare
417 2136 568 2173 debebis·
597 2136 820 2171 Veruntamen
833 2136 907 2169 fiad
925 2135 1076 2170 exhorta-

133 2189 264 2225 tionem
302 2188 445 2223 nostram
466 2188 500 2223 &
524 2186 764 2231 suggestionem
786 2185 997 2220 Nunciorum
1019 2195 1076 2218 no·

137 2239 278 2275 strorum
302 2237 499 2272 sententiam
514 2236 732 2280 suspenderis,
760 2236 794 2270 ἀ
815 2236 890 2270 Rex
904 2236 938 2269 in
952 2236 1007 2269 sua
1020 2235 1077 2269 du·

139 2288 215 2325 ritia
227 2288 442 2322 &severitate
452 2286 645 2330 perstiterit,
670 2286 845 2328 antequam
869 2284 968 2319 iidem
981 2285 1077 2319 Nun-

140 2337 216 2373 ciia
228 2347 262 2372 te
273 2337 424 2373 recedant
435 2359 447 2375 ,
473 2336 496 2370 fi
511 2335 558 2371 tui
569 2334 694 2371 confilii
709 2336 805 2370 fuerit
822 2336 856 2370 ἀ
869 2334 1045 2370 voluntatis
1065 2357 1077 2375 ,

140 2388 339 2424 sententiam
368 2386 471 2430 ipsam
505 2385 730 2420 indubitanter
752 2385 869 2428 poteris
891 2395 1040 2420 revocare
1067 2397 1078 2418 .-

141 2437 232 2482 quod
254 2437 276 2470 fi
302 2436 437 2475 seceris,
463 2434 560 2470 nobis
581 2434 718 2469 minime
737 2432 937 2478 displicebit.
967 2432 1076 2468 Immo

140 2485 204 2521 tibi
221 2510 233 2526 ,
258 2484 435 2520 secundum
447 2484 537 2527 quod
550 2485 695 2519 decuerit
707 2509 718 2524 ,
744 2484 762 2517 a
786 2484 881 2519 nobis
903 2485 1078 2519 confilium

140 2536 351 2570 &auxilium
372 2534 552 2570 tribuetur.
580 2535 707 2570 Datum
730 2533 936 2575 Beneventi,
961 2532 1076 2569 Kalen·

141 2585 194 2620 dIs
207 2585 284 2630 Julii
298 2609 306 2618 .
717 2622 719 2625 ι

277 2684 307 2718 Ε
332 2682 360 2717 P
385 2682 402 2716 1
428 2684 450 2718 S
476 2683 513 2717 T
537 2684 571 2716 O
598 2682 628 2717 L
655 2682 687 2716 A
811 2684 948 2718 XXV.

242 2886 277 2920 D
303 2895 366 2919 tuae
382 2882 588 2918 discretionis
613 2883 766 2917 notitiam
780 2882 928 2917 volumus
940 2882 1084 2926 perveni-

150 2785 318 2821 Alexander
331 2786 420 2827 Papa
430 2781 548 2817 Tbomae
557 2780 771 2824 cantuariens?
791 2782 878 2816 Archi
891 2802 902 2808 -
918 2781 1071 2825 Episcopo
1079 2806 1087 2815 .

268 2946 300 2968 re
310 2959 321 2975 ,
348 2946 408 2969 nos
421 2933 657 2967 venerabilibus
669 2932 821 2967 fratribus
833 2931 949 2966 nostris
964 2933 1085 2966 Vinto-

152 2982 252 3017 nienfi
265 2984 298 3017 δε
310 2979 508 3028 vigornensi
523 2983 691 3026 Episcopis
708 2984 742 3018 in
763 2982 933 3017 Mandatis
943 2982 1063 3017 dedisse
1075 3006 1085 3021 ,

154 3043 189 3066 ut
201 3032 219 3064 a
232 3033 351 3066 Nobili
362 3034 446 3067 Viro
468 3033 603 3067 Comite
622 3033 792 3079 Hugone,
821 3033 998 3067 sufficiente
1011 3044 1085 3066 cau-

154 3082 248 3116 tione
259 3093 404 3125 recepta,
429 3082 518 3128 quod
541 3094 657 3117 eorum
676 3085 767 3127 super
789 3081 839 3117 his
853 3106 863 3122 ‚
892 3094 949 3126 pro
967 3082 1084 3127 quibus

154 3132 460 3166 excommunicatus
480 3133 524 3167 est
540 3157 551 3174 ‚
578 3133 699 3177 parebit
721 3133 883 3167 Mandato
905 3157 916 3173 ,
941 3131 1081 3167 eundem

155 3182 197 3215 ab
206 3194 243 3216 ea
256 3181 439 3222 sententia,
465 3192 527 3224 qua
538 3191 688 3222 tenetur,
711 3184 805 3217 omni
825 3183 1084 3217 contradistione

156 3232 191 3265 &
210 3231 428 3274 appellatione
448 3232 587 3265 cessante
604 3232 773 3268 absolvant
787 3258 797 3273 ,
831 3233 862 3266 n&
874 3233 1015 3267 eundem
1029 3243 1083 3274 po·

158 3280 223 3314 flea
234 3281 381 3314 universa
392 3306 403 3322 ‚
426 3291 499 3325 quae
511 3280 689 3315 Canonicis
699 3283 738 3317 de
750 3281 925 3326 Pantaneja
938 3281 1083 3321 abstulit,

159 3341 217 3364 aut
239 3330 405 3374 Episcopis
428 3341 482 3373 per
500 3341 576 3364 eum
598 3331 705 3365 ablata
723 3343 893 3373 tenentur,
918 3332 973 3366 fibi
1001 3332 1083 3364 infra

160 3379 376 3424 quadraginta
387 3379 456 3413 dies
467 3381 633 3424 sequentes
643 3392 719 3415 curn
729 3381 917 3427 integritate
942 3381 1080 3416 restitue

161 3440 193 3468 re
214 3441 269 3475 per
293 3430 480 3464 cautionem
504 3441 674 3475 acceptam·
695 3433 893 3476 compellant
916 3445 926 3475 ς
964 3433 987 3466 si
1011 3428 1085 3465 vero

259 3479 367 3521 christ.
380 3482 460 3522 Lupi
469 3483 567 3523 Opera
577 3483 656 3515 Tom.
667 3482 709 3513 X.

1134 194 1256 233 Comes
1274 194 1315 229 ad
1337 194 1536 229 Mandatum
1548 195 1630 230 illud
1643 199 1878 238 restitutionem
1904 202 1989 237 infra
2000 212 2063 239 ter·

1134 245 1509 289 minumfibipraefixum
1522 256 1591 279 non
1613 247 1747 290 fecerit,
1772 253 1827 296 ipsi
1852 251 1995 287 eundem
2008 265 2064 288 ος.

1132 295 1304 331 casione&
1323 295 1548 340 appellatione
1568 294 1692 330 sublata
1715 298 1749 331 in
1775 303 1916 344 priorem
1927 313 2062 338 excom.

1129 346 1364 380 manicationis
1385 346 1582 381 sententiam
1608 344 1781 380 reducant.
1804 351 1908 398 Qod
1934 352 1955 386 fi
1970 352 2061 396 Epis.

1128 396 1202 440 copi
1216 396 1374 440 praelibati
1394 395 1572 439 adimplere
1593 395 1821 441 neglexerint,
1846 410 1883 432 tu
1906 412 2065 439 memora·

1127 456 1199 480 tum
1217 446 1387 481 Comitem
1410 446 1495 480 infra
1519 446 1655 490 triginta
1675 446 1745 493 dies
1768 445 1839 490 post
1868 451 2063 494 prascriptos

1126 495 1339 541 quadraginta
1359 496 1396 530 in
1419 495 1614 530 sententiam
1636 497 1806 540 pristinam
1829 494 1982 530 reducere
1993 511 2063 535 non

1124 546 1312 589 postponas.
1341 548 1377 582 Si
1387 554 1497 582 autem
1508 546 1615 590 Hugo
1627 545 1669 580 ad
1679 545 1934 582 satisfactionem
1953 548 2063 582 venire

1124 596 1283 638 voluerit,
1307 607 1343 632 tu
1364 608 1441 631 eum
1467 595 1689 631 satisfactione
1709 594 1859 631 exhibita
1883 594 1984 630 facias
2007 607 2064 639 per

1124 645 1224 680 alium
1235 648 1286 681 vel
1296 656 1393 691 perte
1405 646 1511 690 ipsum
1522 645 1662 679 absolvi.
1691 644 1818 681 Verum
1841 646 1863 679 fi
1886 644 1976 679 idem
1987 645 2062 680 Hu-

1123 707 1170 741 go
1180 697 1264 730 infra
1273 707 1398 730 annum
1410 696 1481 741 post
1497 697 1597 730 latam
1614 695 1649 729 i'n
1670 706 1746 731 eum
1766 694 1968 730 sententiam
1990 707 2062 730 non

1122 746 1308 789 resipuerit,
1333 755 1438 780 totam
1445 755 1564 780 terram
1574 745 1642 788 ejus
1652 755 1694 779 ex
1707 756 1787 780 tunc
1799 743 1975 780 interdicto
1988 744 2060 783 sub-

1121 796 1229 841 jicias.
1251 797 1378 832 Datum
1385 795 1538 832 Laterani
1549 820 1561 837 ‚
1581 794 1711 830 decima
1723 794 1888 830 Kalendas
1900 793 1988 832 Maii
1998 819 2032 831 ..,

1272 890 1687 935 EPISTOLA‘
1781 894 1914 932 XXVI.

1171 999 1238 1031 Rex
1250 998 1365 1041 Anglrae
1377 995 1714 1039 VVilbelmo-senonenfi
1719 995 1808 1031 Archi
1820 1015 1829 1022 -
1838 995 1993 1041 Episcopo
2002 1023 2011 1030 .

1229 1096 1472 1134 ENlENTES
1499 1098 1540 1133 ad
1577 1109 1630 1132 me
1654 1097 1784 1132 Nuncii
1806 1097 1948 1133 Domini
1967 1095 2063 1139 Papa

1254 1158 1312 1191 pro
1324 1149 1461 1192 negotio
1475 1172 1486 1188 ,
1512 1148 1601 1192 quod
1614 1149 1699 1183 inter
1709 1160 1761 1183 me
1772 1149 1805 1183 &
1827 1147 1931 1182 Archi
1947 1166 1958 1173 -
1971 1146 2061 1190 Epis-

1123 1208 1246 1240 copum
1259 1198 1530 1232 Cantuariensem
1542 1199 1677 1232 vertitur
1687 1223 1704 1239 ,
1724 1198 1800 1233 licet
1821 1200 1929 1242 aspera
1940 1198 1974 1231 δι
1987 1207 2062 1230 om-

1124 1246 1159 1279 ni
1177 1243 1298 1281 honori
1320 1259 1394 1281 meo
1416 1258 1581 1291 portarent
1595 1248 1760 1281 contraria
1788 1271 1799 1288 ,
1829 1259 1887 1289 pro
1909 1240 2057 1282 Domini

1124 1294 1220 1338 Papae
1229 1297 1428 1335 reverentia,
1453 1297 1487 1329 ὃς
1509 1297 1621 1328 sanam
1633 1296 1795 1329 Romana>
1813 1296 1962 1330 Eccleliae
1973 1294 2065 1329 debi-

1123 1354 1157 1378 ta
1167 1344 1366 1384 devotione,
1390 1341 1580 1379 honorifice
1594 1343 1739 1386 suscepi,
1763 1344 1796 1377 ἀ
1808 1355 1872 1388 qua
1883 1344 1997 1379 decuit
2009 1342 2062 1378 be-

1126 1393 1288 1438 nignitate
1297 1394 1434 1435 audivi,
1458 1393 1656 1428 Mandatum
1667 1393 1811 1429 Domini
1837 1395 1933 1438 Papae
1951 1393 2063 1429 mode·

1126 1444 1172 1481 ste
1182 1443 1362 1478 admodum
1374 1444 1573 1483 admittens,
1599 1443 1690 1486 quod
1709 1443 1767 1486 ipsi
1786 1443 1973 1478 deferebant
1986 1467 1999 1483 ,
2026 1444 2064 1477 li-

1129 1493 1181 1528 cet
1194 1493 1291 1528 mein
1303 1493 1384 1528 meis
1392 1503 1562 1537 gravatum
1575 1493 1726 1527 sentirem
1738 1515 1750 1532 ,
1770 1503 1853 1536 quos
1865 1493 1924 1536 ipsa
1932 1502 2063 1527 excom·

1132 1544 1316 1586 manicatos
1327 1541 1491 1580 habebant
1503 1567 1515 1583 ,
1540 1539 1796 1576 extraordinarie
1819 1542 2013 1586 praecipitata
2026 1542 2063 1576 in

1133 1593 1207 1631 illos
1227 1592 1410 1633 sententia,
1445 1592 1551 1637 magis
1569 1603 1611 1625 ex
1634 1593 1759 1635 impetu
1782 1593 1888 1627 animi
1909 1594 1942 1627 δε
1965 1602 2062 1626 motu

1133 1643 1276 1684 mentis,
1303 1643 1401 1686 quam
1412 1653 1455 1676 ex
1466 1642 1606 1677 rationis
1616 1641 1732 1676 librata
1751 1642 1904 1685 aequitate
1924 1643 1977 1677 vel
1986 1642 2067 1677 deli-

1135 1693 1310 1728 berationis
1325 1692 1479 1727 confilio-
1505 1691 1593 1724 Cum
1614 1701 1725 1724 autem
1746 1691 1840 1733 super
1866 1692 1930 1727 hoc
1940 1692 2066 1727 diutius

1135 1744 1240 1777 sermo
1249 1741 1445 1781 duceretur,
1471 1739 1550 1783 petii
1564 1747 1600 1772 ut
1612 1738 1816 1773 absolverent
1828 1763 1840 1779 ‚
1865 1751 1947 1784 quos
1957 1741 2014 1783 ipsi
2025 1742 2068 1774 sse

1135 1791 1255 1835 ligatos
1266 1789 1431 1823 habebant
1448 1813 1459 1830 ,
1485 1788 1584 1822 (iillis
1597 1788 1748 1823 securitas
1769 1789 1927 1832 juratoria
1949 1789 2071 1835 praesta-

1136 1850 1222 1875 retur
1229 1839 1271 1874 ab
1281 1838 1402 1874 eisdem
1414 1864 1425 1880 ‚
1452 1836 1541 1882 quod
1552 1838 1693 1872 absoluti
1707 1839 1849 1881 ipsorum
1860 1850 2008 1883 parerent
2023 1851 2070 1875 ar-

1138 1890 1255 1925 bitrio.
1295 1890 1389 1924 Hinc
1409 1899 1515 1923 autem
1537 1898 1648 1924 motus
1670 1886 1897 1924 vehementius
1916 1914 1928 1930 ,
1963 1890 2071 1933 juravi

1139 1940 1229 1982 quod
1241 1939 1427 1974 nullatenus
1441 1938 1766 1974 sacramentuminde
1786 1938 1989 1982 praestarent,
2017 1939 2072 1976 sed

1139 1991 1160 2023 fi
1174 1989 1319 2029 vellent,
1342 1988 1480 2024 aLaicis
1490 1988 1826 2032 fideiinterpositione
1846 2016 1857 2031 ,
1885 1989 1904 2023 a
1930 1990 2070 2024 Clericis

1140 2039 1174 2073 in
1187 2038 1287 2073 verbo
1309 2038 1452 2074 veritatis
1474 2039 1683 2081 promissione
1705 2041 1752 2074 eis
1774 2042 1978 2076 securitatem
2000 2040 2072 2074 fieri

1140 2089 1303 2128 facerem,
1328 2098 1366 2123 ut
1386 2100 1584 2123 mererentur
1607 2089 1730 2124 absolvi
1746 2108 1758 2123 v.
1798 2091 1859 2135 Ipsi
1876 2100 1985 2125 autem
2007 2090 2071 2124 effe
2138 2093 2149 2105 ¹

1141 2137 1207 2173 hoc
1218 2148 1412 2173 extraneum
1424 2138 1443 2172 ὲ
1463 2138 1700 2175 consuetudine
1717 2141 1891 2176 asserentes
1901 2165 1912 2181 ‚
1939 2141 1972 2175 ἀ
1984 2141 2002 2175 a
2014 2140 2073 2174 sibi

1141 2189 1287 2231 injunsto
1297 2199 1412 2224 tenore
1422 2189 1565 2224 alienum
1578 2191 1773 2225 affirmantes
1783 2191 1936 2226 dixerunt
1950 2216 1961 2231 ,
1980 2190 2073 2234 quad

1140 2238 1180 2273 ad
1192 2237 1256 2271 hoc
1267 2238 1406 2271 vestrum
1420 2238 1537 2274 habere
1550 2240 1670 2274 vellent
1680 2242 1851 2277 confilium
1864 2266 1876 2283 ,
1896 2240 1999 2285 qui&
2015 2240 2078 2274 At-

1140 2286 1435 2330 chi-Episcopus&
1454 2289 1650 2331 Apostolicae
1675 2292 1768 2326 Sedis
1793 2292 1939 2336 Legatus
1961 2289 2037 2325 estis
2062 2316 2074 2331 ,

1141 2349 1176 2373 ut
1188 2337 1210 2370 li
1220 2335 1288 2373 *hoc
1297 2348 1338 2371 ex
1349 2336 1453 2373 vestro
1472 2337 1627 2372 haberent
1638 2334 1779 2375 consilio
1790 2365 1801 2382 ,
1828 2353 1887 2384 pro
1896 2340 2079 2375 exeusatio-

1144 2400 1184 2423 ne
1202 2388 1247 2420 eis
1262 2385 1425 2425 sufficeret
1437 2411 1448 2428 ,
1473 2388 1495 2422 fi
1520 2388 1701 2431 aliquando
1720 2391 1982 2436 transgreffionis
2001 2401 2077 2434 pro-

1145 2449 1214 2482 pter
1235 2431 1300 2474 hdc
1315 2447 1524 2482 arguerentur
1534 2462 1542 2469 .
1570 2438 1714 2471 Mittunt
1741 2440 1851 2482 itaque
1876 2439 1917 2473 ad
1932 2450 1992 2472 vos
2002 2463 2013 2478 ‚
2038 2439 2074 2472 δα

1145 2498 1209 2532 ego
1221 2487 1360 2522 mitto&
1372 2498 1482 2531 precor
1492 2512 1503 2527 ,
1528 2485 1617 2529 quod
1631 2485 1749 2521 honori
1762 2499 1837 2522 meo
1848 2489 1883 2522 δι
1893 2488 2075 2522 commodo

1147 2537 1352 2573 consulentes
1365 2562 1376 2578 ‚
1398 2537 1438 2571 ad
1450 2537 1514 2570 hoc
1526 2536 1698 2570 confilium
1711 2538 1851 2572 vestrum
1870 2538 2042 2581 applicetis
2070 2563 2078 2571 .

1149 2588 1296 2623 Confido
1306 2596 1414 2622 autem
1425 2585 1612 2620 constanter
1621 2585 1663 2619 de
1676 2587 1769 2621 vobis
1779 2611 1790 2626 ,
1816 2599 1917 2630 quem
1929 2600 1985 2631 pro
1997 2589 2080 2622 sum-

1151 2650 1208 2673 mo
1220 2636 1508 2679 amicoamplestor
1517 2645 1594 2670 cum
1604 2634 1876 2672 abundantiffima
1887 2638 2079 2678 devotione,

1152 2688 1239 2733 quod
1263 2688 1296 2721 in
1320 2686 1384 2720 hoc
1406 2686 1441 2719 δε
1459 2685 1533 2720 aliis
1555 2686 1698 2730 negotiis
1709 2687 1831 2722 meis&
1846 2689 1983 2732 gratiam
2006 2687 2081 2722 ube-

1152 2750 1219 2774 rem
1229 2763 1239 2779 ,
1265 2738 1299 2771 &
1309 2735 1517 2780 diligentiam
1530 2736 1719 2780 vigilantem
1733 2760 1744 2776 ‚
1771 2739 1804 2771 ἀ
1818 2738 2031 2771 firmiffimam
2046 2738 2083 2771 fi-

1152 2788 1317 2823 delitatem
1328 2783 1522 2819 exhibebitis
1531 2810 1539 2819 .
1551 2786 1719 2821 Desiderio
1731 2798 1805 2821 meo
1818 2788 1998 2831 plurimum
2012 2788 2081 2821 suc-

1152 2838 1270 2872 ceffille
1280 2846 1479 2879 reputarem,
1504 2836 1532 2873 fi,
1554 2836 1722 2872 vobiscum
1746 2837 1836 2879 loqui
1855 2839 1975 2882 possem
1991 2863 2002 2878 ,
2028 2836 2081 2871 sed

1152 2888 1290 2923 aliorum
1310 2885 1521 2929 negotiorum
1540 2884 1692 2921 instantia
1714 2885 1778 2921 hoc
1801 2889 1841 2922 ad
1861 2889 1996 2932 praesens
2009 2882 2081 2921 fieri

1152 2936 1303 2981 prohibet
1314 2960 1322 2968 .
1349 2935 1433 2971 Peto
1446 2937 1557 2980 itaque
1569 2938 1728 2980 quatenus
1743 2937 1884 2982 aliquem
1905 2937 1946 2971 de
1968 2937 2076 2971 vestris

1150 2987 1191 3021 ad
1204 2998 1254 3021 me
1263 2985 1401 3020 mittatis
1410 3008 1422 3025 ,
1436 2997 1492 3030 per
1502 2997 1599 3031 quem
1613 2987 1740 3029 plenius
1751 2988 1850 3022 vestra
1862 2987 1944 3021 mihi
1962 2987 2074 3021 volun-

1149 3045 1197 3072 tas
1209 3035 1387 3072 innotescat
1398 3060 1410 3078 ,
1434 3036 1467 3072 δε
1480 3047 1551 3072 mea
1562 3036 1654 3072 vobis
1663 3042 1780 3081 pariter
1805 3039 1994 3072 notificetur
2006 3060 2014 3068 .

1945 3484 2048 3518 EPI-
