2358 3776
393 163 490 214 366
1004 149 1550 198 EP‘ISTOL‘AE

313 251 377 277 nee
387 238 476 274 aliud
487 246 665 282 reportant
676 262 684 272 .
712 234 861 286 Qandd
873 245 983 270 autem
1005 236 1136 270 venturi
1158 234 1220 278 lint
1249 259 1261 275 ,
1299 251 1301 254 ⁴
1324 233 1415 272 bone
1426 239 1520 273 famae
1530 237 1565 271 δε
1579 235 1713 282 integrae
1723 237 1915 282 opinionis,
1943 241 1995 276 vel
2007 242 2029 275 fi
2041 244 2107 280 fieri
2119 259 2186 283 non
2199 260 2253 292 po-

317 291 371 325 vel
387 289 466 334 qui,
495 289 645 324 nondum
656 290 819 323 credimus
841 285 1074 320 Cardinalibus
1097 286 1259 320 innotuis·
1322 287 1412 327 terit,
1440 299 1514 321 cum
1528 287 1654 322 duabus
1665 288 1737 323 aliis
1746 289 1786 324 de
1798 290 1978 325 Canonicis
1991 294 2054 326 suis
2069 317 2080 334 ,
2104 300 2160 339 qui
2183 301 2249 334 vita

316 341 350 375 se
362 365 370 373 .
396 339 459 374 Sed
473 350 562 374 nunc
574 350 641 373 non
653 348 783 382 oportet
795 346 854 368 vos
864 335 979 369 timere
991 336 1200 371 interdistum
1224 338 1258 369 in
1319 336 1353 371 ἀ
1375 339 1622 374 conversatione
1642 340 1677 373 ἀ
1712 339 1776 374 fide
1798 351 1866 375 non
1889 341 2070 377 habeantur
2088 343 2250 384 inferiores

241 387 246 390 ¹
316 389 445 435 Anglia
458 414 470 431 ‚
499 390 576 423 sicut
587 390 706 427 credo,
734 387 756 419 fi
781 385 855 418 Rex
867 384 1001 428 Legatis
1017 396 1126 428 parere
1149 386 1258 420 volue-
1321 389 1487 429 personis,
1513 389 1668 433 magistro
1680 389 1802 424 scilicet
1816 392 1983 427 vicario&
2006 394 2161 439 magistro
2184 398 2249 431 An.

315 440 360 475 rit
374 466 382 473 .
412 441 455 475 Et
467 440 633 474 Dominus
645 436 731 479 Papa
746 434 854 469 scribit
865 435 920 475 ei,
947 435 978 468 ἂ
994 434 1113 470 invitat
1129 447 1205 470 eum
1217 435 1259 470 ad
1320 436 1396 481 gelo
1408 460 1419 477 ,
1445 450 1500 472 aut
1511 439 1639 472 duobus
1651 439 1721 473 aliis
1733 463 1745 480 ,
1771 441 1829 484 qui
1839 442 1888 475 eis
1908 444 2032 477 meritis
2055 445 2247 489 aequiparen.

314 487 552 527 humilitatem.
576 487 639 522 Sed
660 489 715 520 vix
727 485 790 520 suit
800 485 1008 529 impetratum
1021 509 1033 526 ,
1058 496 1095 519 ut
1118 487 1150 520 ei
1174 487 1255 521 scri·
1320 497 1394 527 tur,
1420 499 1475 523 aut
1487 489 1575 523 fieos
1587 491 1753 533 praesentes
1768 489 1884 526 habere
1896 503 1965 526 non
1978 495 2121 536 potuerit
2137 519 2149 536 ,
2175 508 2249 531 cum

318 538 408 575 beret
422 564 430 572 ,
1318 536 1444 572 duobus
1454 539 1614 581 prioribus,
1626 541 1674 573 vel
1686 540 1872 577 Abbatibus
1883 542 2027 586 probatae
2040 544 2111 578 vitae
2121 555 2159 578 ac
2173 558 2253 580 con-

753 627 755 629 .
1319 588 1527 630 versationis,
1553 591 1593 624 de
1602 591 1720 634 quibus
1732 591 1902 626 verisimile
1911 593 1948 627 fit
1964 618 1976 634 ,
2001 596 2091 636 quod
2114 606 2183 629 non
2198 596 2253 630 de-

413 640 445 674 E
470 639 497 673 P
524 639 540 673 1
565 637 587 672 S
613 635 651 670 T
675 636 709 670 O
735 635 764 669 L
790 634 823 669 A
928 633 1003 669 LX
1015 634 1047 669 X
1061 632 1095 669 X
1108 632 1151 668 V.
1319 634 1416 672 beant
1427 638 1587 681 pejerare,
1612 652 1721 674 coram
1735 642 1849 683 potitis
1860 643 2074 678 sacrosanctis
2097 645 2249 690 Evange-
2268 638 2270 640 ¹

1319 686 1392 729 liis,
1416 687 1497 730 juret
1510 687 1598 733 quod
1610 703 1722 734 pravas
1736 691 1806 726 illas
1824 694 2100 736 consuetudines,
2127 706 2188 729 nec
2200 695 2250 738 ju·

342 741 513 777 Alexander
540 742 630 781 Papa
643 735 863 779 Rotbomageni
887 733 1004 769 Archi·
1016 733 1163 778 Episcopo
1193 737 1228 771 θ
1318 748 1465 772 ramento
1477 739 1614 781 praeflito
1629 765 1641 781 ‚
1667 753 1727 775 nec
1737 743 1801 776 fide
1820 743 1917 785 data,
1945 745 1997 778 seu
2009 746 2126 788 scripto
2145 746 2251 779 firma·
2278 772 2287 782 ,

620 783 768 826 Ambiensi‘
783 783 950 827 Episcopo.
1317 789 1421 829 verit,
1445 798 1549 832 neque
1559 791 1591 825 se
1605 792 1786 833 promiserit
1803 792 2001 829 servaturum
2014 819 2022 827 .
2049 794 2168 838 Neque
2179 795 2249 829 scri·

312 839 510 925 ETipsa
520 838 586 874 loci
600 838 749 871 vicinitas
760 836 794 870 ἀ
809 834 897 869 fama
912 835 1043 880 vulgata
1058 847 1112 879 per
1124 834 1250 870 Orbem
1316 849 1391 881 pto,
1423 838 1522 874 verbo
1533 863 1545 881 ,
1571 841 1620 874 vel
1641 842 1727 876 facto
1740 865 1751 881 ,
1778 843 1916 878 scienter
1938 843 2066 890 Regem
2089 856 2248 888 provoca-

418 902 476 927 vos
493 891 643 935 ignorare
666 898 733 920 non
759 887 903 928 patitur,
930 886 1106 928 quomodo
1130 886 1250 920 Frater
1316 887 1395 922 verit
1409 912 1420 928 ,
1446 900 1574 932 propter
1584 890 1673 933 quod
1695 894 1948 933 praenominatus
1973 892 2075 928 Archi
2090 913 2098 920 .
2114 894 2250 939 Episto.

310 944 420 979 noster
446 939 609 985 Rogerius
645 936 854 971 Eboracensis
878 935 988 979 *Archi
1002 954 1013 961 —
1032 935 1212 979 Episcopus
1238 960 1248 976 ,
1314 938 1506 981 pusoccisus
1522 941 1567 972 vel
1582 941 1679 974 fuerit
1690 940 1741 973 vel
1754 942 1786 974 'in
1801 953 1936 985 corpore
1956 955 2090 987 poenam
2111 945 2250 988 pertule-

309 993 510 1037 Apostolicae
523 990 615 1024 Sedis
638 987 803 1032 Legatus,
829 986 872 1021 ab
892 986 1005 1020 officio
1031 986 1150 1026 fuerit,
1182 987 1250 1029 qui·
1312 988 1371 1022 rit.
1399 984 1517 1031 Neque
1526 989 1646 1024 litteras
1660 990 1799 1030 vestras,
1825 992 1943 1032 quibus
1969 1005 2011 1027 ne
2032 994 2119 1028 Filio
2142 995 2246 1039 Regis

308 1044 446 1078 busdam
456 1035 895 1077 cauffisintervenientibus‚
916 1035 1105 1070 Pontificali
1121 1036 1247 1079 suspen·
1310 1039 1682 1082 coronamimponeret,
1708 1040 1948 1083 praecipiebatur
1962 1065 1973 1082 ,
1995 1043 2166 1085 receperit:
2195 1055 2250 1078 ne-

309 1093 380 1127 sus.
407 1091 460 1125 Ex
472 1101 537 1134 qua
549 1100 601 1130 re,
628 1089 707 1122 ficut
718 1087 736 1120 ὲ
751 1087 898 1130 pluribus
911 1086 1034 1120 dictum
1046 1086 1090 1119 est
1116 1086 1150 1120 ἀ
1173 1097 1244 1129 ptae·
1309 1100 1373 1132 que
1384 1098 1438 1123 eas
1449 1087 1505 1122 sibi
1515 1087 1709 1133 cognoverit
1724 1091 1902 1133 praesentari
1915 1115 1926 1131 ,
1952 1100 2009 1124 aut
2024 1091 2158 1125 scienter
2167 1094 2248 1127 fece-

308 1141 476 1181 dicatum,
504 1140 671 1182 contingit
685 1138 774 1181 quod
787 1136 867 1171 illud
892 1135 1163 1170 immaniffimum
1183 1138 1243 1171 sce·
1311 1142 1350 1172 rit
1364 1138 1540 1182 quominus
1555 1140 1976 1184 praesentataefuiffent,ipfi
1992 1141 2100 1176 nostra
2109 1141 2184 1176 freti
2195 1154 2249 1176 au·

308 1193 359 1227 lus
375 1193 408 1227 ὅ(
426 1189 605 1226 nefandum
629 1188 791 1232 flagitium
810 1188 852 1220 de
870 1188 985 1221 sanstae
1008 1186 1245 1220 recordationis
1309 1190 1466 1235 thoritate
1476 1188 1636 1223 officiisui
1651 1190 1898 1232 plenitudinem
1914 1191 2139 1227 incunctanter
2162 1192 2250 1227 resti—

309 1239 626 1285 Thomaquondam
641 1237 865 1271 Cantuariensi
878 1236 982 1270 Archi
998 1236 1166 1280 Episcopo
1178 1237 1241 1270 fue·
1307 1241 1422 1273 tuatis.
1452 1239 1558 1280 Sane,
1582 1240 1603 1272 fi
1627 1238 1679 1274 his
1701 1242 1903 1285 exequendis
1928 1241 2040 1285 aliquo
2062 1240 2249 1276 evidenti&

307 1295 349 1329 rit
362 1301 593 1337 perpetratum.
624 1287 713 1321 Nam
725 1298 801 1320 cum
814 1286 929 1319 illustri
945 1286 1132 1329 Anglorum
1155 1286 1241 1330 Regi
1307 1286 1480 1326 neceffario
1495 1289 1735 1330 impedimento
1747 1289 1895 1325 imerefle
1907 1291 2005 1325 ambo
2019 1302 2088 1326 non
2102 1292 2248 1335 potestis,

307 1343 502 1378 nunciatum
515 1338 621 1372 fuiss‘et
635 1359 646 1375 ‚
673 1334 760 1376 qudd
776 1336 924 1377 praefatus
939 1335 1180 1370 Cantuariensis
1191 1338 1221 1370 ei
1235 1358 1245 1375 ,
1305 1336 1386 1372 alter
1401 1337 1541 1371 vestrum
1554 1347 1630 1370 cum
1643 1337 1820 1382 Religiofis
1833 1362 1844 1378 ‚
1870 1340 1905 1373 ἀ
1929 1341 2098 1382 discretis,
2122 1342 2157 1376 δι
2182 1352 2248 1375 ma-

304 1395 339 1427 &
353 1393 474 1435 Regno
487 1390 545 1422 suo
558 1409 571 1426 ,-
594 1387 627 1419 &
657 1385 825 1427 Epist-opis
852 1394 977 1418 tantam
993 1385 1146 1427 injuriam
1165 1387 1243 1419 irro·
1303 1400 1376 1432 gnae
1388 1386 1599 1420 authoritatis
1612 1387 1690 1420 viris
1712 1382 1900 1422 Provinciae
1919 1389 2029 1430 illius,
2055 1392 2112 1433 qui
2134 1390 2248 1425 absens

307 1443 408 1486 gaffet
422 1462 432 1478 ,
445 1438 518 1471 Rex
531 1436 706 1468 intantum
718 1432 906 1465 turbatus&
918 1432 1110 1475 indignatus
1119 1457 1129 1473 ‚
1153 1435 1240 1477 quod
1303 1437 1400 1470 fuerit
1410 1457 1421 1473 ‚
1448 1446 1485 1467 ea
1498 1433 1678 1469 secundum
1691 1436 1781 1476 quod
1796 1435 1919 1469 dictum
1929 1437 1974 1469 est
1985 1459 1996 1476 ,
2009 1440 2167 1473 maturius
2177 1452 2250 1476 exe·

307 1489 445 1535 quidam
456 1487 497 1520 de
508 1480 791 1519 circumstantibus
802 1481 868 1524 ejus
878 1482 1144 1515 commotionem
1169 1494 1243 1525 per·
1302 1494 1418 1526 quatur
1426 1507 1433 1515 .
1448 1483 1574 1518 Datum
1584 1483 1771 1518 Tusculani
1784 1483 1915 1519 decimo
1928 1486 2251 1522 CalendasNovem-

303 1541 460 1584 cipientes
472 1560 483 1575 ,
507 1535 539 1568 ei
558 1533 708 1567 volentes
719 1531 845 1574 placere
860 1555 872 1571 ‚
896 1530 959 1564 inst
969 1532 1056 1565 inssu
1072 1531 1240 1567 diabolico
1304 1535 1370 1570 bris
1383 1558 1392 1568 .

306 1588 474 1636 praefatum
485 1582 750 1619 cantuariensem
765 1590 886 1615 armata
898 1591 995 1615 manu
1006 1581 1142 1627 aggressi
1153 1582 1242 1624 sunt,
1256 1627 1257 1633 1
1403 1582 1433 1618 E
1459 1582 1488 1617 P
1513 1583 1528 1617 l
1554 1584 1576 1619 S
1602 1582 1641 1617 T
1665 1583 1700 1618 Ο
1724 1583 1755 1618 L
1780 1583 1814 1620 A
1895 1583 1970 1619 Lx
1981 1585 2014 1620 X
2025 1586 2059 1621 X
2073 1585 2107 1622 V
2118 1584 2148 1619 1.

307 1640 458 1684 &ipsum
471 1660 482 1677 ,
509 1644 605 1679 prout
615 1631 718 1666 nostis
730 1656 741 1671 ‚
766 1632 917 1666 atrociter
934 1633 968 1666 in
982 1633 1110 1675 propria
1133 1632 1242 1667 Eccle-
1256 1660 1258 1663 .
2193 1659 2196 1663 f
2228 1656 2232 1661 ι

305 1689 350 1725 fia
361 1688 553 1723 occiderunt
564 1709 575 1725 ‚
601 1684 635 1717 in
647 1694 709 1727 qua
722 1680 865 1725 profestd
876 1681 1030 1716 deberent
1051 1684 1114 1717 effe
1138 1683 1240 1717 securi
1256 1703 1257 1706 =
1304 1682 1492 1720 Alexander
1502 1683 1590 1728 Papa
1609 1682 1873 1728 Rothomagenli
1893 1683 1997 1719 Archi
2013 1704 2025 1712 —
2037 1686 2246 1732 Episcopo&

305 1738 502 1775 homicidae.
528 1733 633 1780 Qod
645 1733 759 1775 utique
771 1730 863 1765 tanto
887 1732 999 1774 majori
1022 1733 1151 1767 animos
1174 1733 1242 1766 Au·
1579 1732 1753 1770 Ambienfi
1770 1734 1953 1779 Episcopo.
2157 1751 2178 1755 '¹
2197 1751 2204 1770 ·.

305 1789 470 1825 dientium
484 1782 698 1818 horribilitate
711 1782 894 1824 perfundit,
920 1781 954 1814 ἀ
966 1783 1012 1815 eis
1029 1803 1040 1821 ,
1062 1782 1119 1825 qui
1144 1792 1242 1816 tantae
1618 1784 1622 1787 ⁴

308 1836 490 1876 atrocitatis
500 1833 625 1868 occasio
639 1830 730 1865 fuisse
743 1832 898 1865 dicuntur
908 1855 919 1869 ,
935 1831 1095 1874 majorem
1107 1843 1239 1876 generat

308 1888 494 1926 infamiam,
509 1882 636 1927 quanto
645 1882 747 1915 scelus
757 1883 920 1914 crudelius
929 1881 961 1914 ἀ
973 1881 1099 1915 facinus
1110 1882 1241 1926 gravius

307 1948 491 1984 reputatur.
518 1932 644 1967 Verum
656 1930 730 1965 curn
744 1931 884 1974 praediffl
903 1931 1004 1974 Regis
1025 1931 1152 1965 Nuncii
1172 1932 1240 1964 nul-

1305 1833 1474 1868 Alexander
1485 1830 1654 1875 Episcopus
1667 1834 1780 1867 servus
1799 1835 1960 1869 servorum
1979 1837 2037 1868 Dee
2047 1859 2059 1876 ,
2085 1837 2247 1870 wanahi-

1351 1884 1430 1918 libus
1443 1882 1605 1916 Fratribus
1616 1879 1681 1925 suis
1693 1905 1705 1922 ,
1716 1884 1845 1916 &otrodo
1859 1883 2083 1929 Rotbomagenli
2093 1885 2206 1927 Archi
2226 1899 2228 1902 ·

1404 1929 1550 1976 Episcopo
1559 1953 1572 1970 ‚
1596 1932 1632 1965 <5
1643 1930 1790 1974 Episcopo
1804 1932 1969 1975 Ambienfi,
1990 1933 2122 1978 salutem
2132 1959 2146 1978 ,

307 1991 340 2025 12
357 1990 486 2024 ratione
497 1986 552 2019 sua
565 1983 582 2017 a
594 1981 689 2016 nobis
700 1983 825 2024 possent
837 1981 992 2015 instantia
1003 1980 1152 2015 obtinere
1163 2003 1174 2020 ,
1202 1991 1239 2015 ut
1256 1993 1259 2020 l
1515 1981 1551 2015 Θ
1561 1981 1756 2025 apostolicam
1769 1981 2006 2018 benedmionm
2016 2009 2027 2019 .

307 2040 452 2084 ejusdem
474 2032 765 2075 Archi-Episcopi
791 2055 802 2071 ,
832 2032 882 2065 vel
905 2030 1043 2065 aliorum
1066 2022 1260 2096 Episcopo-¹
2182 2056 2205 2067 ⁷.

307 2102 381 2126 rum
396 2115 406 2130 ,
432 2087 487 2131 qui
502 2096 561 2128 pro
582 2083 676 2118 causa
700 2081 795 2115 simili
819 2082 946 2116 fuerant
967 2080 1252 2115 excommunicati·
1407 2079 1500 2117 UIA
1527 2081 1768 2126 nonnunquam
1787 2082 2105 2119 evenitfacilitatem
2117 2086 2243 2125 veniae,

308 2142 358 2176 vel
374 2136 533 2173 interdicti
546 2134 778 2179 purgationem
791 2132 824 2165 in
838 2130 982 2175 partibus
1004 2131 1069 2164 illis
1092 2131 1243 2166 commit·
1431 2131 1509 2166 ficut
1521 2131 1676 2175 scriptum
1697 2133 1742 2167 est
1763 2155 1776 2173 ‚
1798 2133 2014 2175 delinquendi
2038 2134 2243 2170 incentivum

306 2200 445 2226 teremus
455 2213 465 2229 ,
493 2196 547 2230 per
558 2184 712 2219 Nuncios
725 2183 871 2225 proprios
900 2182 1022 2226 Regis,
1048 2180 1083 2214 ἀ
1108 2193 1162 2224 per
1174 2182 1243 2215 suas
1429 2180 1565 2225 praebere
1579 2205 1591 2222 ,
1603 2193 1645 2216 ne
1657 2181 1706 2215 vel
1719 2182 1936 2226 perniciosum
1945 2183 2150 2227 exemplofit
2159 2200 2177 2224 ,ι
2194 2186 2245 2220 vel

304 2242 340 2276 δι
349 2242 486 2274 aliorum
499 2245 695 2281 magnorum
708 2234 849 2267 virorum
864 2233 987 2267 litteras
1011 2230 1098 2264 idem
1125 2229 1242 2264 Archi·
1308 2231 1402 2266 nobis
1413 2232 1452 2266 ad
1469 2230 1663 2275 injustitiam
1675 2232 1790 2267 debeat
1802 2232 1957 2277 imputari
1969 2257 1981 2274 ,
2005 2234 2160 2269 nolumus
2172 2239 2194 2274 ',·
2206 2236 2244 2271 ut

307 2290 489 2333 Episcopus
501 2287 598 2319 nobis
608 2283 803 2328 significavit
814 2307 824 2322 ‚
851 2279 941 2324 quod
951 2280 996 2312 ob
1010 2279 1171 2312 fervorem
1191 2280 1241 2312 de·
1308 2282 1386 2315 alias
1410 2281 1602 2316 venerabilis
1624 2281 1736 2316 Frater
1761 2283 1870 2317 noster
1892 2282 2102 2318 Eboracensis
2127 2284 2244 2319 Archi-

306 2339 454 2375 votionis
465 2338 498 2371 ὅ(
517 2334 616 2373 fidei,
641 2343 738 2375 quam
751 2331 791 2363 ab
802 2329 896 2370 hujus
918 2327 1116 2361 turbationis
1140 2329 1242 2363 initio
1310 2331 1487 2373 Episcopus
1501 2355 1511 2371 ,
1542 2331 1617 2366 lice't
1627 2332 1731 2367 multa
1747 2332 1898 2366 instantia
1909 2333 2003 2367 aliter
2014 2334 2032 2368 a
2046 2333 2245 2369 nobisdebe-

310 2391 395 2426 circa
409 2386 511 2420 nos&
525 2382 699 2415 Ecclesiam
712 2380 803 2424 geffit
815 2403 826 2418 ,
856 2379 1044 2413 Fredericus
1064 2378 1168 2412 dictus
1181 2380 1242 2412 lm·
1310 2393 1342 2414 re
1350 2381 1418 2414 fieri
1434 2380 1644 2423 postulaverit
1655 2406 1665 2421 ,
1678 2382 1903 2416 innocentiam
1917 2383 2136 2426 demonstret,
2146 2385 2244 2429 quarn

304 2446 434 2484 perator
446 2433 628 2478 persecutor
653 2429 820 2467 Ecclesiae,
847 2427 904 2462 fibi
925 2428 1032 2462 noluit
1051 2451 1062 2468 ,
1090 2428 1180 2470 quod
1200 2428 1240 2462 ad
1308 2431 1382 2463 utei
1398 2454 1409 2470 ‚
1436 2430 1457 2463 si
1470 2427 1534 2463 hoc
1545 2430 1701 2464 feceritin
1726 2432 1920 2466 Cisrnarinis
1942 2426 2087 2474 partibus
2107 2434 2203 2468 liceat
2212 2435 2242 2468 e'i

308 2500 372 2524 nos
381 2486 483 2531 posset
505 2482 614 2516 venire
627 2504 637 2520 ,
664 2478 866 2512 securitatem
889 2477 1031 2520 praestare
1053 2501 1065 2517 ,
1091 2478 1167 2512 licet
1189 2490 1240 2512 vo·
1307 2478 1455 2514 officium
1469 2480 1562 2513 suum
1574 2489 1722 2514 exercere
1733 2503 1741 2512 .
1771 2479 1934 2522 Alioquin
1948 2491 2112 2523 veremur,
2126 2493 2168 2517 ne
2177 2483 2241 2525 jam

307 2538 469 2575 luntarius
480 2533 577 2571 effet,
602 2531 635 2564 ὅτ
651 2537 781 2572 paratus
793 2528 902 2561 venire
914 2551 924 2568 ,
949 2527 983 2562 δε
1003 2529 1035 2562 se
1056 2538 1166 2562 coram
1185 2540 1240 2563 no·
1310 2541 1422 2564 natum
1435 2528 1526 2563 ulcus
1539 2529 1574 2564 iri
1592 2529 1712 2564 saniem
1730 2531 1967 2572 computrescat
1980 2555 1988 2563 .
2016 2529 2124 2565 Vobis
2142 2532 2243 2577 igitui-

309 2589 360 2624 bis
372 2595 509 2632 purgare
518 2607 531 2623 ‚
544 2581 601 2615 nifi
612 2580 738 2614 viarum
749 2577 914 2612 obstacula
927 2587 1004 2611 eum
1016 2578 1220 2613 retardassent
1233 2602 1240 2610 .
1309 2591 1363 2623 per
1375 2578 1570 2623 Apostolica
1583 2579 1697 2621 scripta
1706 2577 1898 2613 mandamus
1909 2603 1920 2619 ,
1947 2589 1983 2614 ut
1992 2579 2153 2623 praesentis
2171 2593 2245 2626 pur-

310 2638 420 2674 Unde
431 2633 588 2679 quoniam
600 2630 695 2673 ipsius
709 2627 812 2662 Archi
825 2646 835 2652 —
849 2627 1005 2671 Episcopi
1019 2627 1116 2661 fidem
1136 2629 1169 2662 δε
1190 2627 1241 2662 de·
1308 2630 1454 2674 gationis
1468 2630 1602 2662 veritate
1614 2628 1783 2663 studiosius
1795 2628 1949 2674 inquisita
1961 2653 1974 2670 ,
1999 2630 2043 2664 sic
2061 2641 2171 2665 coram
2188 2643 2244 2667 vo·

309 2687 479 2722 votionem
491 2683 578 2716 eirca
590 2690 669 2717 nos,
694 2679 728 2713 &
750 2677 949 2718 Ecclefiam,
977 2678 1244 2721 pummdcsince-
1310 2678 1359 2714 bis
1383 2678 1594 2713 manifestum
1614 2678 1671 2712 fiat
1690 2690 1825 2713 examen
1839 2704 1850 2720 ,
1885 2689 1922 2714 ut
1945 2680 2102 2715 mandato
2128 2681 2240 2721 nostro

311 2748 381 2773 ram
391 2759 404 2777 ,
429 2728 715 2770 &immutabilem
727 2728 945 2771 comperimus
957 2751 969 2767 ‚
995 2739 1056 2762 nos
1068 2729 1126 2762 suae
1142 2726 1239 2763 devo·
1310 2729 1521 2764 Fraternitati
1533 2729 1640 2762 vestrae
1653 2730 1742 2772 super
1755 2729 1820 2763 hoc
1833 2741 1935 2773 nuper
1944 2729 2066 2765 directo
2087 2728 2174 2764 nibil
2186 2744 2242 2775 pe-

314 2787 418 2822 tionis
434 2783 560 2819 intuitu
577 2778 745 2823 provocati
758 2801 767 2816 ‚
793 2779 826 2813 &
845 2778 1104 2813 consideratione
1123 2778 1242 2821 praefati
1306 2777 1593 2823 nitusderogetur.
1619 2779 1762 2826 Qoties
1784 2779 1873 2814 enim
1896 2779 2033 2819 talium,
2059 2789 2241 2815 tantarum·

315 2835 419 2880 Regis
432 2832 620 2878 Anglorum
632 2851 643 2867 ‚
670 2828 724 2862 cui
736 2838 894 2871 quantum
905 2838 980 2862 curn
994 2827 1068 2862 Deo
1081 2828 1242 2871 &justitia
1304 2841 1368 2873 que
1378 2840 1486 2866 rerum
1495 2829 1611 2863 veritas
1621 2829 1667 2862 est
1681 2852 1692 2868 ,
1717 2830 1739 2862 fi
1762 2841 1830 2863 non
1857 2828 2050 2872 diligentior
2074 2829 2239 2866 afferenda

1304 2880 1429 2915 cautela
1442 2879 1492 2912 vel
1505 2878 1673 2923 inquisitio
1686 2880 1788 2913 causae
1809 2879 1954 2912 succurat
1973 2902 1984 2918 ,
2012 2880 2237 2921 periclitantur

1302 2929 1431 2973 praemia
1449 2928 1677 2973 cognoscentis
1693 2928 1728 2962 δε
1749 2927 1918 2971 opinionis
1941 2928 2036 2963 facile
2050 2931 2170 2973 poterit
2191 2931 2239 2975 in·

1278 2960 1290 3527 ί
1302 2990 1426 3016 currere
1436 2979 1630 3014 detrimenta
1641 3001 1650 3011 .

316 2885 485 2931 possumus
495 2905 506 2922 ,
531 2878 683 2914 volumus
694 2877 824 2920 placido
836 2878 930 2913 vultu
949 2878 1070 2912 deferre
1081 2902 1094 2919 ,
1120 2877 1241 2913 nihilo·

312 2928 594 2972 minus-inclinati
611 2952 623 2969 ‚
649 2927 755 2962 eidem
778 2928 837 2960 iter
863 2927 1015 2961 veniendi
1034 2929 1074 2962 ad
1097 2939 1157 2962 nos
1178 2929 1240 2963 cle-

310 2994 438 3023 menter
449 2983 483 3018 &
495 2976 638 3023 benigne
648 2977 707 3019 ,de
718 2979 887 3011 communi
897 2979 1044 3011 Fratrum
1055 2978 1239 3014 nostrorum

309 3034 451 3072 consilio
462 3056 473 3073 ‚
499 3029 698 3068 remisimus,
722 3026 757 3061 ἀ
768 3025 880 3068 vobis,
900 3027 941 3061 de
952 3038 1090 3070 quorum
1103 3029 1238 3071 pruden-

309 3088 358 3122 tia
368 3086 403 3120 ὅ(
412 3078 784 3118 honestateconfidimus
795 3101 806 3119 ‚
828 3077 999 3122 negotium
1009 3077 1074 3120 ejus
1085 3080 1239 3113 duximus

312 3129 611 3173 committendum.
637 3127 780 3171 Ideoque
816 3127 1022 3162 Fraternitati
1058 3129 1164 3163 vestrae
1186 3141 1238 3174 per

315 3183 510 3232 Apostoliea
523 3181 639 3223 scripta
663 3178 878 3218 mandamus,
903 3187 1059 3222 quatenus
1082 3178 1115 3210 in
1139 3179 1238 3213 confi-

1402 3074 1807 3115 EPISTOLA
1884 3076 2137 3114 Lxxxvu.

1303 3181 1472 3220 Alexandro
1487 3182 1583 3223 Papae
1593 3181 1688 3222 Roger
1693 3181 1740 3211 ius
1753 3176 1943 3221 Eboracenfis
1954 3176 2235 3222 Archi-Epifiopur.

315 3239 375 3272 nio
395 3244 482 3269 terrae
498 3230 600 3276 Regis
622 3229 819 3263 francorum
841 3228 875 3262 δε
899 3227 1000 3271 Regis
1024 3227 1174 3271 Angliae,
1202 3229 1237 3263 in

314 3283 457 3321 marchia
469 3281 621 3318 videlicet
633 3302 645 3320 ,
670 3279 705 3313 in
716 3288 819 3316 unum
831 3277 945 3320 pariter
957 3277 1054 3319 quam
1075 3277 1173 3311 citius
1185 3289 1239 3322 po-

314 3336 415 3371 teritis
434 3331 692 3369 convenientes,
719 3327 883 3372 praefatum
906 3325 1027 3360 Archi·
1042 3327 1238 3370 Episcopum

1363 3282 1377 3316 1
1399 3280 1483 3316 mihi
1498 3276 1608 3324 praest&
1615 3278 1690 3312 esset
1701 3278 1854 3313 facundia
1865 3300 1876 3317 ‚
1898 3289 1967 3321 quae
1977 3277 2177 3313 Tullianum
2186 3289 2234 3313 re·

1386 3331 1509 3367 doleret
1519 3328 1709 3371 eloquium,
1735 3326 1941 3372 nequaquam
1957 3329 2082 3371 posset,
2109 3328 2230 3362 dulcis—

1303 3384 1379 3417 sime
1396 3381 1514 3419 Pater‚
1538 3379 1682 3413 sufficere
1717 3376 1758 3413 ad
1796 3378 2042 3421 exprimendam
2082 3376 2230 3412 beneficii

1301 3431 1536 3476 quantitatem,
1560 3439 1656 3472 quam
1682 3429 1802 3463 innatae
1824 3427 1982 3462 bonitatis
2004 3426 2111 3461 vestrae
2136 3434 2231 3461 motu

1304 3481 1432 3528 proprio
1442 3478 1525 3515 mihi
1536 3490 1637 3523 nuper
1646 3476 1841 3514 exhibuistis
1857 3502 1866 3512 .
1895 3478 1972 3524 Ego
1985 3477 2074 3512 enim
2087 3477 2152 3520 jam
2177 3485 2231 3518 per

2063 3535 2189 3560 annum

317 3385 507 3421 convocetis
518 3407 529 3422 ,
554 3380 588 3415 &
609 3379 722 3414 accitis
742 3376 909 3412 vobiscum
933 3377 1009 3410 viris
1026 3376 1196 3421 Religiofis
1208 3379 1238 3412 ὅ(

317 3432 463 3473 discretis
473 3455 484 3470 ‚
509 3431 629 3464 (iidem
647 3427 942 3472 Archi-Episcopus
951 3437 1027 3460 cum
1038 3427 1163 3475 duabu-s
1176 3439 1235 3461 ma·

317 3481 484 3531 jodbus&
494 3479 682 3515 melioribus
692 3478 834 3523 personis
843 3475 987 3511 Ecclesia:
999 3478 1060 3511 suae
1070 3501 1083 3517 ‚
1102 3488 1170 3521 quae
1181 3478 1241 3513 fint
