2358 3776
387 115 489 169 362

320 203 411 231 rum:
440 186 600 234 quoniam
611 187 668 233 qui
689 183 897 223 Sacerdotem
917 185 1173 223 lamentabamur
1195 187 1257 231 pri-

320 241 440 282 mitus,
465 240 507 275 de
526 240 630 286 Regis
651 239 749 276 salute
770 239 1008 282 consequenter
1024 238 1182 282 coepimus
1203 239 1255 276 de-

322 295 468 340 sperate,
493 290 574 326 &in
584 292 716 325 alterius
736 301 814 324 nece
839 285 1063 329 miserabiliter
1084 300 1255 332 utrumque

320 342 531 380 credebamus
541 341 693 377 interiisse
706 365 714 373 .
741 336 844 374 Porro
863 337 1074 383 querentibus
1091 339 1219 377 Amicis
1243 362 1255 379 ,

321 395 355 430 δε
376 392 545 441 Episcopis
571 388 712 426 maxime
725 411 736 428 ‚
761 385 849 432 quod
873 398 948 422 eum
961 388 1003 422 ad
1019 390 1051 423 se
1061 389 1162 425 redire
1185 401 1253 425 non

319 445 537 491 permitteret,
564 437 771 482 responditse
791 446 934 473 metuere
946 449 987 473 ne
997 437 1121 475 sceleris
1142 442 1254 475 aueto-

319 507 369 532 res
389 492 610 534 &complices
621 488 736 523 veteris
758 489 902 524 rancoris
919 489 1124 526 confidentia
1149 491 1252 535 impu·

318 546 454 581 nitatem
466 541 524 575 fibi
537 537 930 583 criminispromififfent:
965 538 1044 575 licet
1063 540 1130 584 ipse
1151 552 1251 576 novas

313 592 505 631 inimicitias
526 589 709 627 recentibus
721 589 891 634 injuriis&
912 589 1138 634 frequentibus
1159 592 1251 633 male-

315 644 399 681 ficiis
409 651 609 685 compararat
626 664 638 682 ,
664 640 810 675 arbitrari
822 640 853 676 se
865 640 1011 676 nominis
1025 641 1072 676 sui
1084 642 1207 679 famam
1220 643 1252 677 &

314 695 455 741 gloriam
468 691 644 729 malediciis
664 690 912 726 AEmulatorum
922 691 1194 737 respergi-posse,
1219 693 1253 729 ὃς

316 743 465 789 confingi
477 742 511 779 id
522 754 563 776 ex
574 742 640 785 ejus
650 740 850 776 conscientia
862 741 1056 786 processisse,
1085 741 1137 777 sed
1148 745 1252 776 omni·

317 804 487 839 potentem
523 794 635 830 Deum
657 794 690 826 se
720 792 835 827 testem
855 792 1011 828 invocare
1047 792 1083 826 in
1106 793 1252 827 animam

314 846 424 887 suam,
455 842 545 890 quod
559 854 641 890 opus
661 841 861 883 nefandum,
887 853 948 879 nec
969 842 1023 878 sua
1046 842 1215 878 voluntate
1241 866 1253 883 ,

311 906 374 931 nec
383 894 583 931 conscientia
593 893 798 929 commissum
810 893 854 926 est
868 917 880 934 ,
905 904 965 928 nec
976 892 1116 931 artificio
1129 893 1251 937 perqui-

312 945 430 988 situm,
456 946 514 979 nisi
527 942 656 979 fortein
680 942 746 979 hoc
767 943 923 979 delictum
943 943 1003 982 fit,
1027 942 1117 988 quod
1142 941 1250 991 adbuc

312 995 424 1044 minus
447 995 585 1041 diligere
604 993 795 1030 credebatur
815 1017 823 1027 .
849 994 950 1038 Super
977 992 1042 1030 hoc
1068 1004 1201 1037 quoque
1221 994 1252 1029 se

308 1045 436 1090 judicio
449 1045 596 1083 Ecclesiae
608 1044 735 1088 prorsus
746 1055 909 1088 exponere
919 1069 930 1086 ,
955 1045 989 1079 &
1015 1043 1183 1081 humiliter
1196 1044 1252 1079 su-

308 1096 493 1141 scepturum
505 1118 516 1136 ,
545 1094 707 1141 quidquid
721 1095 819 1131 ineo
828 1093 922 1131 fuerit
933 1094 1099 1131 salubriter
1112 1093 1251 1129 statuen-

308 1145 408 1183 dum.
437 1145 698 1182 communicato
709 1145 961 1191 igiturconlilio
984 1146 1017 1179 in
1041 1143 1105 1179 hoc
1119 1145 1251 1181 univer·-

307 1198 418 1234 sorum
428 1195 630 1233 consultatio
640 1195 855 1244 conquievit,
880 1206 916 1230 ut
938 1195 1030 1232 Sedis
1051 1194 1250 1240 Apostolicae

305 1246 498 1291 sapientiam
510 1246 543 1283 δε
554 1244 791 1283 authoritatem
799 1245 984 1283 consuleret
992 1270 1004 1287 ‚
1026 1257 1125 1290 qnam
1139 1246 1250 1288 spiritu

306 1298 495 1343 sapientie,
520 1298 553 1331 δι
565 1296 731 1340 potestatis
741 1296 945 1338 plenitudine
959 1295 1143 1332 Christiana
1169 1295 1250 1331 fides

303 1347 456 1391 praedieat
480 1344 702 1381 abundantius
716 1342 913 1386 redundare,
939 1345 1065 1388 &apud
1075 1355 1147 1379 eam
1161 1346 1249 1382 snam

303 1396 432 1433 studeat
453 1395 681 1431 innocentiam
703 1393 813 1431 modis
835 1395 993 1439 legitimis
1014 1395 1048 1431 ὅ(
1067 1395 1251 1430 Canonicis

302 1445 499 1489 approbare.
529 1444 865 1484 Supplicamusergo‚
894 1443 1058 1485 quatenus
1071 1443 1250 1479 secundum

301 1493 446 1531 datum&
468 1494 544 1529 Deo
556 1491 648 1525 vobis
669 1491 816 1533 spiritum
839 1491 968 1527 consilii
989 1492 1022 1525 δε
1044 1492 1248 1527 fortitudinis

302 1545 389 1580 tanti
402 1544 528 1578 sceleris
549 1539 741 1576 authoribus
762 1539 938 1576 secundum
950 1541 1041 1576 Facti
1063 1542 1250 1577 immanita-

303 1606 373 1631 tem
388 1593 537 1630 severitas
561 1593 662 1627 vestra
674 1589 847 1633 retribuat,
874 1592 907 1625 δε
924 1593 1013 1628 suam
1024 1592 1249 1629 innocentiam

302 1646 390 1691 Regi
406 1645 506 1689 pietas
518 1642 712 1685 Apostolica
724 1643 756 1676 &
767 1642 851 1676 statu
866 1643 925 1676 suo
949 1642 1029 1677 velit
1050 1642 1250 1679 affectuosius

302 1698 495 1734 conservare
519 1718 526 1725 .
555 1692 778 1736 Omnipotens
798 1692 890 1729 Deus
913 1694 1080 1735 personam
1112 1693 1249 1728 vestram

304 1746 454 1784 Ecclesiae
475 1744 537 1779 suae
556 1752 612 1788 per
637 1742 740 1779 multa
761 1752 908 1787 tempora
929 1743 1099 1779 conservet
1122 1743 1249 1778 incolu·

304 1807 395 1833 mem
409 1819 417 1830 ·

435 1891 845 1930 EPlsToLA
931 1891 1107 1928 LXXX.

402 1994 578 2029 Alexandro
614 1996 712 2035 Papae
757 1992 942 2026 thbelmus
967 1990 1139 2035 Senonenfis

619 2043 708 2080 Archa
718 2059 735 2067 -
752 2041 916 2088 Episcopus
927 2067 936 2077 .

366 2147 398 2183 N
402 2146 505 2184 TER
527 2145 733 2183 scribendum
744 2143 811 2180 haec
822 2168 834 2186 ,
855 2143 961 2180 immo
972 2143 1060 2189 prius
1071 2142 1169 2190 quam
1179 2141 1249 2178 scri·

306 2145 360 2264 Ι
394 2199 503 2234 berem
516 2224 527 2240 ‚
554 2210 635 2233 mox
655 2197 728 2231 steti
748 2198 782 2232 ὅ(
804 2195 876 2231 haefi
888 2195 1009 2230 dubius
1030 2193 1212 2230 admodum
1238 2216 1250 2233 ,

402 2260 470 2294 quo
481 2248 636 2284 dictionis
646 2259 764 2293 genere
776 2257 877 2290 nuper
888 2246 1003 2290 patrati
1023 2245 1149 2278 sceleris
1167 2253 1249 2276 atro-

301 2298 437 2334 citatem
453 2323 464 2338 ,
491 2301 524 2333 ὃ(
538 2298 733 2342 suppliciiin
745 2296 915 2331 Christum
938 2292 1080 2326 Domini
1106 2302 1250 2327 recenter

308 2349 394 2384 illati
407 2348 647 2383 immanitatem
660 2345 853 2379 Clementiae
864 2342 972 2377 vestrae
993 2342 1100 2377 oculis
1118 2343 1248 2385 praesen-

306 2409 430 2434 tarem.
461 2397 504 2430 Et
516 2397 661 2439 profecto
681 2393 819 2428 arbitror
839 2394 1016 2427 clamorem
1045 2392 1168 2426 Mundi
1181 2391 1248 2435 jam

306 2450 416 2483 vestrae
426 2445 614 2482 Sanctitatis
637 2453 730 2477 aures
751 2443 952 2486 implevisse,
973 2444 1109 2486 utpote,
1135 2443 1193 2485 qui
1214 2443 1248 2476 in

306 2498 431 2534 Mundi
444 2495 575 2540 specula
593 2493 756 2534 residetis,
782 2493 922 2536 qualiter
933 2492 1157 2527 famosissimus
1169 2492 1223 2525 ille
1238 2516 1250 2532 ,

307 2561 378 2585 non
394 2548 467 2583 Rex
481 2545 634 2591 Angliae,
657 2543 709 2578 sed
722 2542 912 2587 Anglotum
926 2542 1033 2585 potius
1046 2566 1056 2583 ,
1083 2543 1117 2576 &
1127 2540 1250 2577 Christi

309 2601 467 2635 inimicus
491 2621 503 2638 ,
538 2595 687 2641 proxime
707 2594 743 2628 sit
764 2593 966 2638 malignatus
987 2594 1022 2626 in
1051 2592 1188 2632 Samae,
1215 2593 1249 2626 in

310 2649 401 2686 Filio
414 2649 555 2683 dexterae
575 2655 660 2685 tuae,
685 2655 782 2688 quem
804 2643 1005 2678 confirmasti
1027 2641 1106 2677 tibi.
1146 2642 1250 2685 Cujus

309 2700 353 2741 de
367 2697 503 2732 Mundo
516 2696 580 2730 hoc
600 2693 763 2728 excessum
774 2693 807 2727 ἀ
831 2694 975 2728 excessus
997 2693 1135 2727 modum
1146 2717 1158 2735 ,
1184 2694 1219 2727 δε
1230 2694 1249 2726 fi

309 2747 396 2786 forte
406 2758 448 2783 ex
459 2747 646 2790 aliquorum
658 2745 787 2778 diverso
801 2769 812 2785 ,
835 2744 899 2779 five
919 2745 1019 2778 etiam
1031 2743 1167 2777 adverso
1176 2742 1249 2776 rela-

310 2810 347 2834 tu
358 2797 546 2842 acceperitis
556 2820 567 2836 ‚
596 2793 685 2839 quod
699 2793 779 2827 mihi
791 2794 831 2828 ab
843 2794 894 2828 his
906 2819 918 2836 ,
944 2797 1000 2836 qui
1013 2794 1229 2828 interfuerant
1241 2817 1250 2832 ,

310 2850 462 2885 innotuit
478 2844 619 2885 certius,
646 2842 774 2877 fidelius
785 2844 907 2880 intimo
920 2868 931 2884 .
957 2845 990 2879 δι
1003 2844 1118 2887 patrati
1131 2843 1253 2878 sceleris

312 2897 461 2934 ordinem
473 2896 583 2940 paucis
592 2894 742 2938 explico,
767 2895 857 2936 cuius
878 2905 987 2929 tamen
1000 2895 1189 2929 immanitas
1199 2906 1252 2928 ex-

316 2948 459 2994 cogitari
472 2957 540 2981 non
555 2944 656 2989 potest
673 2969 680 2976 .
694 2945 730 2978 ln
744 2943 858 2978 Natali
869 2944 1008 2979 Domini
1021 2946 1172 2989 proxima
1184 2945 1252 2989 post

315 2998 449 3038 Festum
470 2995 705 3031 Innocentium
717 2994 771 3028 die
782 3017 795 3035 ,
820 2995 887 3028 sole
904 2995 1079 3029 occidente
1089 2996 1175 3029 circa
1197 2993 1254 3029 ho·

316 3060 384 3087 ram
396 3048 602 3091 vesperorum
615 3069 626 3085 ,
651 3043 827 3079 intromissi
839 3044 1049 3088 spiculatores
1073 3056 1214 3089 quatuor
1241 3069 1251 3085 ,

316 3100 376 3146 qui
389 3098 485 3143 primi
497 3097 646 3135 fuerant,
671 3095 712 3130 ad
734 3094 852 3130 fortem
876 3093 969 3129 illurn
990 3094 1111 3128 Christi
1135 3093 1255 3129 Athle-

317 3161 385 3187 tam
397 3145 580 3184 terribiliter
600 3145 780 3180 admodum
805 3145 839 3179 ἀ
857 3143 996 3179 fastuose
1021 3146 1219 3180 accesserunt
1243 3170 1253 3186 ,

316 3209 460 3247 quorum
473 3196 529 3233 hic
550 3196 703 3230 intersero
723 3195 858 3229 nomina
871 3220 882 3236 ‚
910 3205 946 3228 ut
962 3205 1076 3229 eorum
1099 3196 1254 3228 memoria

318 3252 402 3286 sitin
414 3247 645 3284 maledictione
668 3256 818 3288 perpetua
831 3269 842 3285 ,
868 3244 1071 3279 Wilhelmus
1082 3244 1122 3278 de
1132 3245 1233 3279 Traei
1248 3270 1256 3285 ,

323 3299 530 3346 Reginaldus
541 3296 645 3331 Filius
659 3295 737 3331 Ursi
750 3320 761 3336 ,
787 3294 893 3339 Hugo
914 3296 954 3329 de
976 3294 1153 3328 Morevilla
1166 3319 1175 3334 ‚
1203 3294 1254 3327 Ri-

320 3349 461 3388 chardus
483 3348 576 3383 Brito
590 3371 601 3388 ,
627 3346 684 3391 qui
696 3346 730 3379 in
744 3346 851 3390 primo
862 3344 880 3378 ὲ
891 3346 1008 3380 Sancto
1021 3344 1105 3380 Viro
1131 3345 1256 3378 salutati

324 3410 395 3438 non
408 3399 679 3437 resalutaverunt‚
706 3393 842 3439 utpote,
869 3394 926 3439 qui
945 3394 1011 3438 jam
1023 3395 1090 3429 vias
1107 3395 1259 3439 perditio-

326 3447 521 3494 „isingreffi
544 3471 556 3488 ,
582 3445 753 3492 manifeste
775 3444 965 3491 respuebant
986 3445 1138 3482 salutem.
1166 3445 1257 3496 Qin

997 99 1553 155 EPISTOLAE

1327 190 1435 234 potius
1448 189 1613 227 cervicose
1624 189 1747 235 nimis,
1771 191 1806 229 &
1818 189 1970 238 asperetur
1989 195 2129 237 introitu
2149 199 2262 238 scisci.

1322 250 1427 277 tantes
1438 266 1449 283 ,
1476 245 1496 275 si
1516 242 1696 287 Episcopos
1707 244 1874 288 suspensos
1884 245 1950 279 five
1957 251 2260 289 excommunicato,

1322 290 1361 326 ad
1374 292 1477 337 Regis
1499 293 1576 328 esset
1599 293 1692 330 inico
1712 294 1919 330 absoluturus
1944 299 2155 336 mandatum,
2182 303 2260 350 Qo

1320 343 1463 379 modeste
1476 345 1692 387 respondente
1705 345 1738 379 id
1751 350 1789 379 ad
1807 346 1979 392 singularis
1994 348 2150 391 primatus
2161 354 2258 388 vestri

1320 393 1657 436 spestatecensuram,
1685 395 1815 438 necfibi
1828 397 1953 440 aliquid
1982 400 2176 441 vendicare,
2201 404 2257 438 ubi

1318 451 1408 481 tanta
1420 447 1637 482 intervenisset
1648 446 1833 482 authoritas
1853 471 1864 487 ,
1892 449 2087 490 moxipsum
2107 460 2147 484 ex
2170 462 2256 494 parte

1318 492 1422 537 Regis
1431 496 1716 531 diffiduciaverunt
1725 521 1738 539 ,
1764 498 1797 532 δε
1808 499 1973 533 continuo
1983 500 2134 535 exierunt
2148 500 2189 535 ad
2199 513 2250 536 co-

1319 542 1468 586 hortem,
1493 545 1677 587 militibus,
1702 548 1760 592 qui
1795 549 1837 582 de
1873 549 1994 584 familia
2016 547 2163 586 hominis
2188 552 2254 587 Dei

1316 604 1407 629 erant
1417 618 1429 635 ,
1454 597 1545 641 super
1558 599 1630 632 vitae
1639 598 1787 641 periculo
1797 599 1830 634 δε
1843 597 2003 636 bonorum
2017 602 2170 635 omnium
2184 612 2258 645 pro·

1320 643 1494 690 scriptione
1505 648 1539 681 in
1553 650 1645 686 exitu
1656 649 1715 683 suo
1725 660 1766 683 ex
1783 661 1872 691 parte
1887 650 1989 696 Regis
2013 663 2234 696 praecipientes
2247 676 2259 694 ,

1318 704 1355 728 ut
1376 694 1432 738 ipsi
1452 697 1567 739 pariter
1589 699 1739 738 exirent,
1764 700 1855 735 &rei
1875 711 2032 735 eventum
2056 703 2147 736 taciti
2160 701 2259 744 &pa-

1318 744 1434 781 tientes
1448 747 1682 790 exspedtarent.
1710 748 1847 785 Publice
1865 761 1973 785 autem
1996 763 2051 794 per
2075 752 2258 786 Civitatem

1317 795 1421 830 simile
1432 796 1534 841 Regis
1544 799 1817 834 exivitedistum.
1843 801 2025 846 Singularis
2048 800 2126 836 vero
2142 802 2200 836 ille
2221 804 2258 836 in

1320 846 1435 881 nostris
1447 847 1561 884 diebus
1574 847 1710 884 Athleta
1723 849 1847 884 Christi
1860 851 1965 887 minas
1979 851 2170 894 Principum
2183 852 2260 895 spre-

1319 896 1386 938 vit,
1412 898 1497 932 &de
1521 899 1597 934 loco
1611 899 1680 942 ipso
1690 899 1748 933 ubi
1764 900 1831 943 jam
1842 902 1932 936 velut
1951 903 2067 936 mortis
2087 912 2258 946 exceperat

1317 945 1511 989 Nuncium,
1537 950 1579 984 ad
1594 950 1732 984 multam
1745 949 1933 986 instantiam
1953 954 2009 987 vix
2036 951 2148 996 egredi
2166 961 2260 986 com-

1318 997 1426 1041 pulsus
1446 998 1490 1032 est
1503 1023 1514 1038 ,
1539 998 1649 1034 &hoc
1669 999 1807 1044 quidem
1828 1011 1870 1034 ne
1892 1002 2112 1037 consummari
2136 1002 2261 1036 videre·

1317 1057 1369 1081 tur
1392 1047 1534 1082 invitus.
1562 1050 1638 1084 Deo
1659 1051 1771 1094 itaque
1792 1049 1911 1085 melius
1933 1050 2160 1095 dispensante,
2187 1051 2263 1086 Me-

1317 1097 1551 1141 tropolitanam
1575 1098 1777 1140 Ecclesiam,
1803 1099 1840 1135 in
1864 1100 1962 1145 ipsius
1987 1098 2110 1134 Christi
2133 1099 2260 1137 honore

1316 1147 1522 1191 dedicatam,
1547 1148 1706 1195 ingressus
1720 1148 1842 1186 ibidem
1861 1150 2011 1185 Chtistus
2035 1149 2177 1185 Domini
2200 1160 2260 1194 pro

1318 1200 1452 1233 nomine
1471 1198 1593 1234 Christi
1607 1202 1725 1235 meruit
1736 1201 1920 1241 immolari,
1946 1201 2004 1235 ubi
2027 1200 2176 1245 quotidie
2201 1200 2262 1235 im-

1319 1249 1599 1285 molans&0rans
1620 1275 1632 1292 ,
1658 1250 1842 1286 voluntarie
1857 1252 1887 1285 se
1912 1253 2017 1295 ipsum
2038 1251 2121 1285 inter
2144 1249 2262 1285 Crucis

1316 1298 1349 1332 ὅ(
1371 1298 1494 1332 Altaris
1514 1310 1638 1334 cornua
1663 1302 1832 1343 pacificam
1844 1301 1922 1335 Deo
1944 1301 2086 1336 hostiam
2099 1300 2224 1335 obtulit
2250 1325 2260 1333 .

1318 1349 1406 1384 Nam
1418 1348 1701 1393 appropinquante
1712 1349 1776 1392 jam
1786 1349 1865 1384 hora
1887 1350 1954 1394 ipse
1965 1361 2100 1386 extento
2112 1350 2203 1385 collo
2223 1349 2260 1385 δε

1316 1407 1446 1431 curvata
1458 1400 1585 1431 cervice
1596 1398 1733 1433 calicem
1745 1399 1893 1433 salutaris
1915 1402 2041 1443 accepit
2053 1425 2065 1441 ,
2084 1401 2118 1436 δι
2140 1400 2160 1435 ὲ
2183 1410 2263 1442 qua·

1317 1457 1393 1481 tuor
1415 1446 1661 1490 praenominatis
1685 1447 1936 1490 spiculatoribus
1962 1449 2153 1482 decalvatus
2177 1449 2224 1482 est
2249 1473 2261 1489 ,

1318 1497 1525 1539 priustamen
1540 1496 1708 1539 probris&
1722 1496 1835 1531 multis
1857 1497 2071 1532 contumeliis
2092 1495 2225 1532 affectus
2249 1522 2262 1540 ,

1316 1556 1352 1579 ut
1365 1557 1424 1580 nec
1437 1546 1508 1580 ullo
1520 1546 1677 1590 paffionis
1689 1547 1832 1583 Domini
1858 1549 1904 1581 sui
1917 1547 2016 1583 titulo
2027 1547 2232 1583 fraudaretur
2251 1571 2261 1581 .

1316 1596 1543 1631 Denunciavit
1566 1598 1665 1631 etiarn
1679 1621 1691 1638 ,
1718 1608 1754 1632 ut
1769 1597 1894 1634 familia
1909 1599 1964 1632 sua
1985 1599 2176 1632 servaretur.
2206 1597 2264 1633 So·

1317 1646 1367 1681 lus
1388 1647 1499 1691 itaque
1517 1646 1675 1683 Pontifex
1698 1659 1766 1682 non
1789 1648 1857 1683 fine
1885 1647 2045 1693 sanguine
2068 1646 2205 1683 intravit
2224 1647 2262 1682 in

1316 1697 1431 1732 Santra
1445 1722 1452 1731 .
1484 1697 1527 1733 Et
1538 1698 1614 1743 quia
1629 1698 1698 1742 post
1730 1698 1806 1733 Viri
1815 1699 1923 1733 Sandii
1947 1697 2117 1733 transitum
2129 1707 2266 1742 operan-

1317 1757 1350 1781 te
1370 1747 1523 1781 Domino
1545 1747 1757 1782 memoranda
1777 1747 1926 1793 quaedam
1949 1759 1991 1784 ex
2014 1747 2126 1784 crebre
2144 1743 2264 1795 multo-

1316 1807 1387 1830 rum
1400 1796 1559 1831 relatione
1581 1796 1767 1831 audivimus
1787 1797 1939 1832 accidiffe
1953 1821 1965 1838 ,
1990 1796 2133 1832 omnino
2178 1806 2263 1833 raete-

1315 1846 1369 1879 riri
1395 1857 1463 1879 non
1503 1845 1625 1880 debent
1650 1871 1657 1879 .
1695 1847 1831 1881 Dicitur
1853 1858 1994 1892 namque
2014 1848 2050 1883 dc
2072 1859 2136 1882 con
2164 1854 2262 1882 'anter

1316 1896 1462 1929 asseritur
1492 1897 1563 1939 post
1595 1896 1773 1939 paffionem
1807 1897 1897 1931 suam
1930 1898 2042 1932 multis
2079 1897 2259 1941 apparuisse

1317 1945 1351 1979 in
1365 1944 1431 1978 visu
1443 1969 1454 1985 ‚
1480 1944 1599 1988 quibus
1610 1943 1757 1989 perhibet
1771 1947 1802 1981 se
1815 1958 1884 1980 nou
1897 1958 2066 1982 mortuum
2088 1949 2153 1983 ene
2166 1971 2177 1988 ,
2204 1945 2261 1981 sed

1317 1995 1426 2028 vivere
1437 2018 1449 2035 ‚
1475 1994 1508 2028 δε
1523 2006 1590 2029 non
1604 1996 1735 2032 vulnera
1746 2019 1758 2036 ,
1780 1996 1834 2030 sed
1848 1995 2020 2031 vulnerum
2032 1995 2262 2039 tantumvcica-

1317 2046 1414 2079 trices
1426 2045 1569 2080 ostendit
1582 2070 1590 2078 .
1617 2046 1693 2090 Age
1702 2047 1820 2092 igitur,
1848 2059 1870 2081 o
1883 2045 1985 2081 homo
1999 2047 2090 2086 Dei,
2117 2049 2260 2090 quorum

1317 2105 1408 2130 tenes
1429 2096 1555 2137 sedem,
1584 2095 1686 2130 indue
1704 2094 1931 2131 fortitudinem
1952 2120 1963 2137 ,
1988 2107 2011 2130 o
2034 2095 2082 2130 fili
2104 2096 2257 2130 excusso·-

1317 2157 1410 2179 rum.
1437 2145 1531 2180 Hinc
1553 2146 1737 2187 miseratio,
1765 2144 1842 2180 inde
1854 2156 1886 2180 te
1897 2156 2027 2181 moveat
2048 2145 2260 2190 indignatio.

1321 2197 1435 2232 Unam
1449 2195 1545 2230 debes
1555 2196 1647 2231 Filio
1662 2219 1673 2236 ,
1698 2196 1836 2231 alteram
1847 2207 1994 2240 tyranno
2005 2220 2013 2230 .
2041 2194 2085 2230 Et
2102 2193 2201 2238 hujus
2223 2195 2260 2229 in

1317 2247 1406 2280 terris
1427 2257 1510 2291 auge
1521 2246 1661 2292 gloriam
1675 2272 1686 2289 ,
1712 2258 1810 2290 quem
1822 2246 1862 2280 de
1884 2245 1986 2281 Coelis
2007 2257 2076 2280 tam
2099 2239 2259 2280 mirabili-

1318 2306 1363 2330 ter
1373 2297 1540 2340 glorificat
1553 2297 1661 2331 Deus.
1689 2297 1742 2331 lili
1770 2296 1846 2331 vero
1866 2296 1975 2341 praesta
1998 2296 2222 2341 ignominiam
2248 2316 2261 2335 ,

1316 2347 1372 2389 qui
1387 2347 1420 2379 in
1434 2357 1514 2380 terra
1525 2346 1579 2381 sua
1591 2358 1659 2381 tam
1674 2346 1873 2382 horribiliter
1887 2348 2068 2391 persecutus
2078 2345 2123 2381 est
2132 2343 2258 2381 Deum.

1317 2396 1435 2441 Qiin
1450 2397 1622 2430 visceribus
1634 2399 1767 2440 proptiae
1790 2398 1909 2435 Matris
1931 2397 2098 2440 proprium
2122 2394 2259 2440 peremit

1318 2446 1474 2486 Patrem,
1499 2446 1555 2489 qui
1579 2447 1700 2490 proprii
1724 2446 1916 2487 ventrisytui
1940 2445 2100 2479 contorsit
2119 2446 2218 2478 latera
2245 2468 2257 2484 ,

1319 2495 1454 2529 excuffit
1478 2495 1598 2529 viscera
1618 2519 1630 2537 ,
1666 2495 1701 2529 &
1737 2494 1944 2528 conculcavit
1966 2497 1999 2527 in
2025 2505 2108 2527 terra
2129 2494 2256 2528 Filium

1317 2556 1412 2579 tuum
1427 2569 1437 2585 ,
1463 2555 1559 2589 quem
1570 2545 1650 2579 sicut
1666 2545 1778 2578 Mater
1797 2544 1892 2578 unice
1905 2542 2084 2587 diligebas:
2113 2543 2147 2577 &
2165 2567 2177 2585 ,
2205 2553 2259 2576 ne·

1318 2596 1385 2630 scio
1397 2605 1452 2639 per
1465 2607 1548 2639 quos
1560 2593 1803 2629 incircumcisos
1815 2594 1850 2628 ἀ
1864 2594 2053 2627 immundos
2063 2617 2075 2633 ,
2100 2603 2168 2627 tam
2189 2604 2258 2636 per-

1318 2646 1406 2685 fide,
1432 2645 1545 2678 &tam
1557 2642 1739 2678 inhumane
1750 2643 1924 2684 mactavit,
1951 2642 2056 2679 Patris
2077 2654 2145 2678 non
2170 2653 2255 2677 reve·

1318 2697 1400 2730 ritus
1411 2694 1568 2728 offensam
1579 2719 1590 2735 ,
1603 2705 1663 2728 nec
1674 2693 1842 2728 miseratus
1851 2704 1976 2729 aetatem
1990 2717 1998 2726 .
2026 2692 2181 2741 Quorum
2195 2693 2256 2738 igi-

1319 2756 1370 2780 tur
1380 2745 1509 2779 sortitus
1521 2744 1738 2779 ministerium
1749 2769 1760 2786 ,
1787 2744 1970 2782 sortiaris&
1981 2743 2085 2778 zelum
2098 2755 2106 2776 t
2132 2743 2167 2778 dt
2178 2742 2256 2785 quia

1319 2795 1427 2831 cernis
1438 2794 1557 2830 Achab
1568 2794 1690 2837 ¹scelus,
1720 2793 1868 2829 Heliaete
1887 2792 2107 2837 apprehendat
2131 2791 2258 2828 aemula·

1319 2848 1368 2880 tio
1384 2871 1391 2878 .
1418 2845 1554 2882 Occidit
1566 2845 1656 2879 enim
1670 2843 1790 2879 Achab
1803 2868 1815 2884 ‚
1826 2846 1859 2878 &
1873 2842 2009 2887 possedit
2019 2868 2027 2876 .
2057 2843 2118 2878 Sed
2135 2840 2253 2877 Achab

1321 2895 1421 2940 quid?
1448 2896 1573 2929 Totius
1587 2896 1706 2938 quippe
1730 2894 1843 2938 patrati
1867 2892 1988 2926 sceleris
2010 2892 2095 2928 facie
2117 2891 2255 2936 operose

1322 2946 1472 2990 perpensa
1486 2944 1624 2986 ,Achab
1636 2944 1676 2978 ab
1687 2944 1756 2987 ipso
1766 2942 1958 2986 just=ficatus
1971 2942 2034 2976 est.
2050 2942 2138 2976 Istud
2153 2943 2253 2988 siqui-

1320 2996 1394 3030 dem
1402 2997 1446 3031 est
1463 3021 1474 3036 ,
1499 2995 1589 3037 quod
1602 2995 1684 3029 inter
1695 2993 1807 3027 omnia
1820 3004 1891 3036 quae
1901 2992 2056 3038 leguntur
2066 3017 2076 3034 ‚
2097 2993 2161 3027 sive
2172 2993 2253 3027 refe·

1324 3056 1437 3080 runtur
1459 3046 1684 3080 sceleratorum
1708 3044 1821 3077 scelera
1843 3043 1942 3088 longe
1962 3043 2102 3086 primum
2121 3042 2253 3077 obtinet

1322 3098 1453 3134 locum,
1478 3096 1569 3137 quod
1580 3104 1712 3130 omnem
1735 3094 1878 3127 Neronis
1901 3093 2103 3137 nequitiam,
2129 3089 2251 3136 Iuliani

1325 3146 1512 3191 perfidiam,
1539 3145 1724 3188 sacrilegam
1737 3145 1834 3178 etiam
1847 3143 1933 3187 Judae
1956 3142 2128 3186 proditoris
2147 3141 2252 3187 perdi-

1322 3199 1446 3231 tionem
1459 3196 1587 3230 excedit
1597 3219 1605 3227 .
1634 3192 1721 3227 Vide
1732 3194 1889 3238 siquidem
1901 3193 2003 3236 qualis
2013 3194 2148 3237 persona
2166 3192 2202 3228 ,ἀ
2214 3191 2252 3227 in

1322 3247 1409 3291 quali
1424 3247 1563 3281 Ecclesia
1574 3255 1735 3289 perempta
1748 3245 1802 3279 sit:
1828 3244 1925 3287 quale
1941 3244 2043 3278 etiam
2063 3252 2192 3287 tempus
2208 3239 2250 3277 ad

1325 3298 1516 3340 patrandum
1528 3294 1625 3330 scelus
1637 3294 1768 3339 elegerit
1781 3304 1958 3337 tyrannus.
1991 3293 2114 3328 Natale
2137 3290 2247 3327 videli-

1322 3359 1370 3382 cet
1383 3347 1522 3382 Domini
1536 3369 1547 3386 ,
1565 3344 1598 3379 δε
1611 3347 1791 3388 proximam
1805 3344 1873 3388 post
1886 3344 2078 3379 Sanctorum
2092 3345 2249 3378 Innocen-

1326 3401 1405 3431 »ium
1416 3397 1524 3434 diem,
1553 3405 1587 3428 ut
1613 3406 1716 3429 novus
1740 3406 1781 3428 ex
1808 3394 1907 3428 veteri
1931 3395 2049 3429 nostris
2066 3393 2180 3428 diebus
2201 3391 2248 3424 su·

1324 3450 1487 3484 scitaretur
1499 3443 1663 3481 Herodes.
1691 3445 1762 3480 Pax
1772 3445 1871 3482 etiarn
1882 3443 2011 3491 publice
2021 3445 2094 3480 data
2105 3442 2248 3488 prodito-

2136 3502 2203 3528 rem
