<?xml version="1.0" encoding="UTF-8"?>
<!DOCTYPE html PUBLIC "-//W3C//DTD XHTML 1.0 Transitional//EN"
    "http://www.w3.org/TR/xhtml1/DTD/xhtml1-transitional.dtd">
<html xmlns="http://www.w3.org/1999/xhtml" xml:lang="en" lang="en">
 <head>
  <title>
</title>
<meta http-equiv="Content-Type" content="text/html;charset=utf-8" />
  <meta name='ocr-system' content='tesseract 3.04.00' />
  <meta name='ocr-capabilities' content='ocr_page ocr_carea ocr_par ocr_line ocrx_word'/>
</head>
<body>
  <div class='ocr_page' id='page_1' title='image "./operaomniastudio10lupuuoft_0143.png"; bbox 0 0 2358 3776; ppageno 0'>
   <div class='ocr_carea' id='block_1_1' title="bbox 0 3144 17 3752">
    <p class='ocr_par' dir='ltr' id='par_1_1' title="bbox 0 3144 17 3752">
     <span class='ocr_line' id='line_1_1' title="bbox 0 3144 17 3752; baseline 0 0"><span class='ocrx_word' id='word_1_1' title='bbox 0 3144 17 3752; x_wconf 95' lang='lat' dir='ltr'> </span> 
     </span>
    </p>
   </div>
   <div class='ocr_carea' id='block_1_2' title="bbox 230 78 1726 164">
    <p class='ocr_par' dir='ltr' id='par_1_2' title="bbox 230 78 1726 164">
     <span class='ocr_line' id='line_1_2' title="bbox 230 78 1726 164; baseline -0.007 -1"><span class='ocrx_word' id='word_1_2' title='bbox 230 91 272 164; x_wconf 73' lang='lat' dir='ltr'>s.</span> <span class='ocrx_word' id='word_1_3' title='bbox 342 112 723 161; x_wconf 82' lang='lat' dir='ltr'>THOMAE</span> <span class='ocrx_word' id='word_1_4' title='bbox 793 78 1726 157; x_wconf 75' lang='lat' dir='ltr'>CANTuAR&#39;IENs1s.</span> 
     </span>
    </p>
   </div>
   <div class='ocr_carea' id='block_1_3' title="bbox 296 246 899 291">
    <p class='ocr_par' dir='ltr' id='par_1_3' title="bbox 296 246 899 291">
     <span class='ocr_line' id='line_1_3' title="bbox 296 246 899 291; baseline -0.017 0"><span class='ocrx_word' id='word_1_5' title='bbox 296 249 733 291; x_wconf 73' lang='lat' dir='ltr'>EPISTOLA&#39;</span> <span class='ocrx_word' id='word_1_6' title='bbox 803 246 899 283; x_wconf 77' lang='lat'>011.</span> 
     </span>
    </p>
   </div>
   <div class='ocr_carea' id='block_1_4' title="bbox 96 347 999 443">
    <p class='ocr_par' dir='ltr' id='par_1_4' title="bbox 96 347 999 443">
     <span class='ocr_line' id='line_1_4' title="bbox 96 347 999 398; baseline -0.012 -7"><span class='ocrx_word' id='word_1_7' title='bbox 96 378 105 386; x_wconf 36' lang='lat' dir='ltr'>f·</span> <span class='ocrx_word' id='word_1_8' title='bbox 143 357 289 392; x_wconf 60' lang='lat' dir='ltr'>tetradus</span> <span class='ocrx_word' id='word_1_9' title='bbox 312 353 546 398; x_wconf 76' lang='lat' dir='ltr'>Roehomagenfis</span> <span class='ocrx_word' id='word_1_10' title='bbox 568 350 654 383; x_wconf 72' lang='lat' dir='ltr'>Archi</span> <span class='ocrx_word' id='word_1_11' title='bbox 667 367 677 373; x_wconf 89' lang='lat'><em>-</em></span> <span class='ocrx_word' id='word_1_12' title='bbox 691 347 852 392; x_wconf 72' lang='lat' dir='ltr'>Eplfiopus</span> <span class='ocrx_word' id='word_1_13' title='bbox 874 351 999 381; x_wconf 71' lang='lat' dir='ltr'>Hernico</span> 
     </span>
     <span class='ocr_line' id='line_1_5' title="bbox 375 401 738 443; baseline -0.022 -4"><span class='ocrx_word' id='word_1_14' title='bbox 375 406 541 443; x_wconf 70' lang='lat' dir='ltr'>Presbytero</span> <span class='ocrx_word' id='word_1_15' title='bbox 562 401 738 443; x_wconf 57' lang='lat' dir='ltr'>Cardinalr&#39;.</span> 
     </span>
    </p>
   </div>
   <div class='ocr_carea' id='block_1_5' title="bbox 94 496 1040 1984">
    <p class='ocr_par' dir='ltr' id='par_1_5' title="bbox 94 496 1040 1984">
     <span class='ocr_line' id='line_1_6' title="bbox 170 496 1039 547; baseline -0.013 -6"><span class='ocrx_word' id='word_1_16' title='bbox 170 507 237 544; x_wconf 81' lang='lat' dir='ltr'>Ro</span> <span class='ocrx_word' id='word_1_17' title='bbox 263 507 418 541; x_wconf 42' lang='lat' dir='ltr'>Domino*</span> <span class='ocrx_word' id='word_1_18' title='bbox 433 505 527 547; x_wconf 83' lang='lat' dir='ltr'>Rege</span> <span class='ocrx_word' id='word_1_19' title='bbox 550 500 739 545; x_wconf 86' lang='lat' dir='ltr'>Anglorum</span> <span class='ocrx_word' id='word_1_20' title='bbox 753 509 886 533; x_wconf 88' lang='lat' dir='ltr'>omnem</span> <span class='ocrx_word' id='word_1_21' title='bbox 908 496 1039 532; x_wconf 77' lang='lat' dir='ltr'>exhibe-</span> 
     </span>
     <span class='ocr_line' id='line_1_7' title="bbox 98 504 1038 593; baseline -0.012 -1"><span class='ocrx_word' id='word_1_22' title='bbox 98 504 164 590; x_wconf 84' lang='lat' dir='ltr'>P</span> <span class='ocrx_word' id='word_1_23' title='bbox 191 567 265 591; x_wconf 90' lang='lat' dir='ltr'>mus</span> <span class='ocrx_word' id='word_1_24' title='bbox 289 555 508 592; x_wconf 79' lang='lat' dir='ltr'>securitatem,</span> <span class='ocrx_word' id='word_1_25' title='bbox 535 551 624 593; x_wconf 78' lang='lat' dir='ltr'>quod</span> <span class='ocrx_word' id='word_1_26' title='bbox 648 550 836 593; x_wconf 83' lang='lat' dir='ltr'>Imperatori</span> <span class='ocrx_word' id='word_1_27' title='bbox 851 558 911 583; x_wconf 88' lang='lat' dir='ltr'>nec</span> <span class='ocrx_word' id='word_1_28' title='bbox 923 560 977 592; x_wconf 89' lang='lat' dir='ltr'>per</span> <span class='ocrx_word' id='word_1_29' title='bbox 996 550 1038 588; x_wconf 91' lang='lat' dir='ltr'>se,</span> 
     </span>
     <span class='ocr_line' id='line_1_8' title="bbox 97 598 1036 651; baseline -0.011 -10"><span class='ocrx_word' id='word_1_30' title='bbox 97 617 159 640; x_wconf 80' lang='lat' dir='ltr'>nec</span> <span class='ocrx_word' id='word_1_31' title='bbox 183 618 237 651; x_wconf 89' lang='lat' dir='ltr'>per</span> <span class='ocrx_word' id='word_1_32' title='bbox 258 605 406 640; x_wconf 84' lang='lat' dir='ltr'>Nuncios</span> <span class='ocrx_word' id='word_1_33' title='bbox 423 602 640 644; x_wconf 87' lang='lat' dir='ltr'>juramentum</span> <span class='ocrx_word' id='word_1_34' title='bbox 661 598 801 643; x_wconf 86' lang='lat' dir='ltr'>praestitit</span> <span class='ocrx_word' id='word_1_35' title='bbox 823 609 879 633; x_wconf 86' lang='lat' dir='ltr'>aut</span> <span class='ocrx_word' id='word_1_36' title='bbox 906 599 1036 643; x_wconf 89' lang='lat' dir='ltr'>promis-</span> 
     </span>
     <span class='ocr_line' id='line_1_9' title="bbox 98 648 1039 698; baseline -0.007 -9"><span class='ocrx_word' id='word_1_37' title='bbox 98 656 241 695; x_wconf 84' lang='lat' dir='ltr'>sionem,</span> <span class='ocrx_word' id='word_1_38' title='bbox 266 653 354 698; x_wconf 77' lang='lat' dir='ltr'>quod</span> <span class='ocrx_word' id='word_1_39' title='bbox 377 653 583 689; x_wconf 86' lang='lat' dir='ltr'>schismatico</span> <span class='ocrx_word' id='word_1_40' title='bbox 612 649 772 685; x_wconf 82' lang='lat' dir='ltr'>adhaerere</span> <span class='ocrx_word' id='word_1_41' title='bbox 795 649 895 687; x_wconf 89' lang='lat' dir='ltr'>velit,</span> <span class='ocrx_word' id='word_1_42' title='bbox 928 648 1039 682; x_wconf 79' lang='lat' dir='ltr'>Eccle-</span> 
     </span>
     <span class='ocr_line' id='line_1_10' title="bbox 97 698 1038 743; baseline -0.007 -5"><span class='ocrx_word' id='word_1_43' title='bbox 97 706 176 739; x_wconf 76' lang='lat' dir='ltr'>fiam</span> <span class='ocrx_word' id='word_1_44' title='bbox 199 706 382 740; x_wconf 71' lang='lat' dir='ltr'>relicturus:</span> <span class='ocrx_word' id='word_1_45' title='bbox 411 702 515 737; x_wconf 74' lang='lat' dir='ltr'>immo</span> <span class='ocrx_word' id='word_1_46' title='bbox 536 702 613 736; x_wconf 87' lang='lat' dir='ltr'>certi</span> <span class='ocrx_word' id='word_1_47' title='bbox 634 702 765 740; x_wconf 77' lang='lat' dir='ltr'>sumuS,</span> <span class='ocrx_word' id='word_1_48' title='bbox 802 699 891 743; x_wconf 79' lang='lat' dir='ltr'>quod</span> <span class='ocrx_word' id='word_1_49' title='bbox 913 698 948 732; x_wconf 85' lang='lat' dir='ltr'>in</span> <span class='ocrx_word' id='word_1_50' title='bbox 971 699 1038 732; x_wconf 87' lang='lat' dir='ltr'>illis</span> 
     </span>
     <span class='ocr_line' id='line_1_11' title="bbox 96 748 1036 799; baseline -0.007 -10"><span class='ocrx_word' id='word_1_51' title='bbox 96 755 390 799; x_wconf 79' lang='lat' dir='ltr'>qualibuscumque</span> <span class='ocrx_word' id='word_1_52' title='bbox 412 754 453 786; x_wconf 89' lang='lat' dir='ltr'>de</span> <span class='ocrx_word' id='word_1_53' title='bbox 479 751 690 785; x_wconf 89' lang='lat' dir='ltr'>matrimonio</span> <span class='ocrx_word' id='word_1_54' title='bbox 711 748 935 793; x_wconf 64' lang='lat' dir='ltr'>pactionibus,</span> <span class='ocrx_word' id='word_1_55' title='bbox 961 749 1036 783; x_wconf 73' lang='lat' dir='ltr'>licet</span> 
     </span>
     <span class='ocr_line' id='line_1_12' title="bbox 96 798 1038 846; baseline -0.007 -7"><span class='ocrx_word' id='word_1_56' title='bbox 96 804 301 839; x_wconf 81' lang='lat' dir='ltr'>Theutonici</span> <span class='ocrx_word' id='word_1_57' title='bbox 326 804 415 846; x_wconf 82' lang='lat' dir='ltr'>super</span> <span class='ocrx_word' id='word_1_58' title='bbox 433 801 497 835; x_wconf 86' lang='lat' dir='ltr'>hoc</span> <span class='ocrx_word' id='word_1_59' title='bbox 520 801 705 835; x_wconf 83' lang='lat' dir='ltr'>laborarent</span> <span class='ocrx_word' id='word_1_60' title='bbox 718 810 773 843; x_wconf 88' lang='lat' dir='ltr'>per</span> <span class='ocrx_word' id='word_1_61' title='bbox 793 800 938 833; x_wconf 86' lang='lat' dir='ltr'>triduum</span> <span class='ocrx_word' id='word_1_62' title='bbox 953 823 964 840; x_wconf 93' lang='lat'>,</span> <span class='ocrx_word' id='word_1_63' title='bbox 992 798 1038 832; x_wconf 90' lang='lat' dir='ltr'>ni-</span> 
     </span>
     <span class='ocr_line' id='line_1_13' title="bbox 96 847 1039 896; baseline -0.007 -8"><span class='ocrx_word' id='word_1_64' title='bbox 96 852 147 888; x_wconf 83' lang='lat' dir='ltr'>hil</span> <span class='ocrx_word' id='word_1_65' title='bbox 170 854 313 896; x_wconf 75' lang='lat' dir='ltr'>unquam</span> <span class='ocrx_word' id='word_1_66' title='bbox 322 851 501 886; x_wconf 84' lang='lat' dir='ltr'>concedere</span> <span class='ocrx_word' id='word_1_67' title='bbox 523 851 648 889; x_wconf 86' lang='lat' dir='ltr'>voluit,</span> <span class='ocrx_word' id='word_1_68' title='bbox 674 850 731 883; x_wconf 89' lang='lat' dir='ltr'>nisi</span> <span class='ocrx_word' id='word_1_69' title='bbox 745 858 902 892; x_wconf 84' lang='lat' dir='ltr'>praeeunte</span> <span class='ocrx_word' id='word_1_70' title='bbox 924 847 957 881; x_wconf 92' lang='lat' dir='ltr'>in</span> <span class='ocrx_word' id='word_1_71' title='bbox 969 859 1039 881; x_wconf 89' lang='lat' dir='ltr'>om-</span> 
     </span>
     <span class='ocr_line' id='line_1_14' title="bbox 98 898 1036 944; baseline -0.006 -7"><span class='ocrx_word' id='word_1_72' title='bbox 98 901 195 937; x_wconf 83' lang='lat' dir='ltr'>nibus</span> <span class='ocrx_word' id='word_1_73' title='bbox 205 901 361 936; x_wconf 85' lang='lat' dir='ltr'>fidelitate</span> <span class='ocrx_word' id='word_1_74' title='bbox 381 901 521 936; x_wconf 86' lang='lat' dir='ltr'>Domini</span> <span class='ocrx_word' id='word_1_75' title='bbox 543 899 661 944; x_wconf 80' lang='lat' dir='ltr'>Papae,</span> <span class='ocrx_word' id='word_1_76' title='bbox 686 899 899 939; x_wconf 87' lang='lat' dir='ltr'>&amp;Ecclesiae‚</span> <span class='ocrx_word' id='word_1_77' title='bbox 927 898 960 932; x_wconf 77' lang='grc' dir='ltr'>δι</span> <span class='ocrx_word' id='word_1_78' title='bbox 975 898 1036 932; x_wconf 89' lang='lat' dir='ltr'>Re·</span> 
     </span>
     <span class='ocr_line' id='line_1_15' title="bbox 94 948 1039 997; baseline -0.006 -10"><span class='ocrx_word' id='word_1_79' title='bbox 94 952 147 997; x_wconf 83' lang='lat' dir='ltr'>gis</span> <span class='ocrx_word' id='word_1_80' title='bbox 168 952 326 987; x_wconf 80' lang='lat' dir='ltr'>Franciae.</span> <span class='ocrx_word' id='word_1_81' title='bbox 353 951 411 995; x_wconf 87' lang='lat' dir='ltr'>Ipsi</span> <span class='ocrx_word' id='word_1_82' title='bbox 434 950 508 985; x_wconf 78' lang='lat' dir='ltr'>vero</span> <span class='ocrx_word' id='word_1_83' title='bbox 530 950 645 984; x_wconf 86' lang='lat' dir='ltr'>litteris</span> <span class='ocrx_word' id='word_1_84' title='bbox 667 951 778 984; x_wconf 85' lang='lat' dir='ltr'>vestris</span> <span class='ocrx_word' id='word_1_85' title='bbox 812 948 1039 984; x_wconf 85' lang='lat' dir='ltr'>mandavimus</span> 
     </span>
     <span class='ocr_line' id='line_1_16' title="bbox 95 998 1036 1046; baseline -0.005 -9"><span class='ocrx_word' id='word_1_86' title='bbox 95 1001 244 1038; x_wconf 80' lang='lat' dir='ltr'>Domina</span> <span class='ocrx_word' id='word_1_87' title='bbox 265 1001 455 1046; x_wconf 86' lang='lat' dir='ltr'>Imperatrix</span> <span class='ocrx_word' id='word_1_88' title='bbox 475 1002 508 1035; x_wconf 77' lang='grc' dir='ltr'>δε</span> <span class='ocrx_word' id='word_1_89' title='bbox 531 1010 611 1040; x_wconf 88' lang='lat' dir='ltr'>nos,</span> <span class='ocrx_word' id='word_1_90' title='bbox 637 1008 673 1033; x_wconf 90' lang='lat' dir='ltr'>ut</span> <span class='ocrx_word' id='word_1_91' title='bbox 693 1000 734 1034; x_wconf 91' lang='lat' dir='ltr'>ab</span> <span class='ocrx_word' id='word_1_92' title='bbox 758 998 819 1033; x_wconf 89' lang='lat' dir='ltr'>hac</span> <span class='ocrx_word' id='word_1_93' title='bbox 839 1009 918 1033; x_wconf 83' lang='lat' dir='ltr'>nota</span> <span class='ocrx_word' id='word_1_94' title='bbox 939 999 1036 1042; x_wconf 66' lang='lat' dir='ltr'>quam</span> 
     </span>
     <span class='ocr_line' id='line_1_17' title="bbox 95 1047 1035 1094; baseline -0.005 -8"><span class='ocrx_word' id='word_1_95' title='bbox 95 1049 192 1086; x_wconf 68' lang='lat' dir='ltr'>ciiius</span> <span class='ocrx_word' id='word_1_96' title='bbox 214 1053 246 1086; x_wconf 91' lang='lat' dir='ltr'>se</span> <span class='ocrx_word' id='word_1_97' title='bbox 266 1054 396 1086; x_wconf 84' lang='lat' dir='ltr'>excuset</span> <span class='ocrx_word' id='word_1_98' title='bbox 420 1075 428 1083; x_wconf 85' lang='lat'><strong>.</strong></span> <span class='ocrx_word' id='word_1_99' title='bbox 465 1051 538 1084; x_wconf 89' lang='lat' dir='ltr'>Nos</span> <span class='ocrx_word' id='word_1_100' title='bbox 570 1050 701 1094; x_wconf 88' lang='lat' dir='ltr'>quidem</span> <span class='ocrx_word' id='word_1_101' title='bbox 731 1061 808 1084; x_wconf 88' lang='lat' dir='ltr'>cum</span> <span class='ocrx_word' id='word_1_102' title='bbox 828 1047 1035 1093; x_wconf 85' lang='lat' dir='ltr'>Rothomagi</span> 
     </span>
     <span class='ocr_line' id='line_1_18' title="bbox 96 1094 1036 1142; baseline -0.005 -6"><span class='ocrx_word' id='word_1_103' title='bbox 96 1094 250 1141; x_wconf 58' lang='lat' dir='ltr'>essemus,</span> <span class='ocrx_word' id='word_1_104' title='bbox 279 1103 312 1136; x_wconf 76' lang='grc' dir='ltr'>ὅτ.</span> <span class='ocrx_word' id='word_1_105' title='bbox 332 1101 404 1135; x_wconf 90' lang='lat' dir='ltr'>illic</span> <span class='ocrx_word' id='word_1_106' title='bbox 426 1102 528 1135; x_wconf 76' lang='lat' dir='ltr'>essent</span> <span class='ocrx_word' id='word_1_107' title='bbox 551 1098 678 1134; x_wconf 90' lang='lat' dir='ltr'>Nuncii</span> <span class='ocrx_word' id='word_1_108' title='bbox 699 1099 926 1142; x_wconf 87' lang='lat' dir='ltr'>Imperatoris,</span> <span class='ocrx_word' id='word_1_109' title='bbox 952 1098 1036 1131; x_wconf 88' lang='lat' dir='ltr'>deil-</span> 
     </span>
     <span class='ocr_line' id='line_1_19' title="bbox 97 1147 1036 1192; baseline -0.003 -8"><span class='ocrx_word' id='word_1_110' title='bbox 97 1151 141 1185; x_wconf 89' lang='lat' dir='ltr'>lis</span> <span class='ocrx_word' id='word_1_111' title='bbox 160 1151 367 1192; x_wconf 77' lang='lat' dir='ltr'>audivimus,</span> <span class='ocrx_word' id='word_1_112' title='bbox 392 1150 445 1185; x_wconf 87' lang='lat' dir='ltr'>sed</span> <span class='ocrx_word' id='word_1_113' title='bbox 457 1162 512 1185; x_wconf 84' lang='lat' dir='ltr'>eos</span> <span class='ocrx_word' id='word_1_114' title='bbox 534 1160 601 1184; x_wconf 88' lang='lat' dir='ltr'>non</span> <span class='ocrx_word' id='word_1_115' title='bbox 624 1149 782 1183; x_wconf 88' lang='lat' dir='ltr'>vidimus.</span> <span class='ocrx_word' id='word_1_116' title='bbox 813 1149 960 1182; x_wconf 86' lang='lat' dir='ltr'>Domina</span> <span class='ocrx_word' id='word_1_117' title='bbox 974 1147 1036 1181; x_wconf 89' lang='lat' dir='ltr'>Im-</span> 
     </span>
     <span class='ocr_line' id='line_1_20' title="bbox 97 1198 1036 1244; baseline -0.005 -10"><span class='ocrx_word' id='word_1_118' title='bbox 97 1200 252 1244; x_wconf 82' lang='lat' dir='ltr'>peratrix,</span> <span class='ocrx_word' id='word_1_119' title='bbox 280 1213 355 1234; x_wconf 89' lang='lat' dir='ltr'>cum</span> <span class='ocrx_word' id='word_1_120' title='bbox 379 1212 449 1234; x_wconf 83' lang='lat' dir='ltr'>eam</span> <span class='ocrx_word' id='word_1_121' title='bbox 485 1200 592 1233; x_wconf 87' lang='lat' dir='ltr'>videre</span> <span class='ocrx_word' id='word_1_122' title='bbox 615 1201 815 1242; x_wconf 80' lang='lat' dir='ltr'>summopere</span> <span class='ocrx_word' id='word_1_123' title='bbox 825 1198 1036 1241; x_wconf 83' lang='lat' dir='ltr'>requirerent,</span> 
     </span>
     <span class='ocr_line' id='line_1_21' title="bbox 103 1246 1035 1293; baseline -0.006 -9"><span class='ocrx_word' id='word_1_124' title='bbox 103 1249 271 1293; x_wconf 83' lang='lat' dir='ltr'>respondit</span> <span class='ocrx_word' id='word_1_125' title='bbox 294 1247 381 1292; x_wconf 79' lang='lat' dir='ltr'>quod</span> <span class='ocrx_word' id='word_1_126' title='bbox 413 1259 543 1292; x_wconf 86' lang='lat' dir='ltr'>propter</span> <span class='ocrx_word' id='word_1_127' title='bbox 570 1249 749 1291; x_wconf 84' lang='lat' dir='ltr'>Episcopos</span> <span class='ocrx_word' id='word_1_128' title='bbox 781 1258 848 1280; x_wconf 91' lang='lat' dir='ltr'>non</span> <span class='ocrx_word' id='word_1_129' title='bbox 869 1246 1000 1280; x_wconf 83' lang='lat' dir='ltr'>auderet</span> <span class='ocrx_word' id='word_1_130' title='bbox 1029 1271 1035 1278; x_wconf 93' lang='lat'>.</span> 
     </span>
     <span class='ocr_line' id='line_1_22' title="bbox 95 1293 1036 1341; baseline -0.005 -7"><span class='ocrx_word' id='word_1_131' title='bbox 95 1299 171 1334; x_wconf 84' lang='lat' dir='ltr'>Nec</span> <span class='ocrx_word' id='word_1_132' title='bbox 191 1310 261 1333; x_wconf 88' lang='lat' dir='ltr'>eam</span> <span class='ocrx_word' id='word_1_133' title='bbox 283 1299 450 1332; x_wconf 90' lang='lat' dir='ltr'>viderunt.</span> <span class='ocrx_word' id='word_1_134' title='bbox 479 1300 532 1332; x_wconf 93' lang='lat' dir='ltr'>De</span> <span class='ocrx_word' id='word_1_135' title='bbox 551 1308 588 1331; x_wconf 91' lang='lat' dir='ltr'>ea</span> <span class='ocrx_word' id='word_1_136' title='bbox 605 1298 693 1332; x_wconf 84' lang='lat' dir='ltr'>nulla</span> <span class='ocrx_word' id='word_1_137' title='bbox 706 1297 860 1339; x_wconf 78' lang='lat' dir='ltr'>apud&#39;vos</span> <span class='ocrx_word' id='word_1_138' title='bbox 881 1293 1036 1341; x_wconf 78' lang='lat' dir='ltr'>habeatur</span> 
     </span>
     <span class='ocr_line' id='line_1_23' title="bbox 96 1345 1030 1391; baseline -0.002 -9"><span class='ocrx_word' id='word_1_139' title='bbox 96 1346 281 1389; x_wconf 80' lang='lat' dir='ltr'>dubitatio,</span> <span class='ocrx_word' id='word_1_140' title='bbox 306 1348 395 1391; x_wconf 91' lang='lat' dir='ltr'>quod</span> <span class='ocrx_word' id='word_1_141' title='bbox 414 1348 526 1391; x_wconf 90' lang='lat' dir='ltr'>aliquo</span> <span class='ocrx_word' id='word_1_142' title='bbox 544 1345 646 1381; x_wconf 90' lang='lat' dir='ltr'>modo</span> <span class='ocrx_word' id='word_1_143' title='bbox 667 1346 864 1381; x_wconf 81' lang='lat' dir='ltr'>vacillaverit</span> <span class='ocrx_word' id='word_1_144' title='bbox 888 1370 895 1378; x_wconf 87' lang='lat'><strong>.</strong></span> <span class='ocrx_word' id='word_1_145' title='bbox 921 1345 1030 1380; x_wconf 77' lang='lat' dir='ltr'>Immo</span> 
     </span>
     <span class='ocr_line' id='line_1_24' title="bbox 95 1395 1035 1440; baseline -0.003 -8"><span class='ocrx_word' id='word_1_146' title='bbox 95 1398 290 1433; x_wconf 82' lang='lat' dir='ltr'>fortitudine</span> <span class='ocrx_word' id='word_1_147' title='bbox 311 1399 454 1432; x_wconf 65' lang='lat' dir='ltr'>accincta</span> <span class='ocrx_word' id='word_1_148' title='bbox 475 1397 517 1432; x_wconf 88' lang='lat' dir='ltr'>de</span> <span class='ocrx_word' id='word_1_149' title='bbox 548 1395 732 1440; x_wconf 81' lang='lat' dir='ltr'>hujusmodi</span> <span class='ocrx_word' id='word_1_150' title='bbox 757 1396 862 1430; x_wconf 86' lang='lat' dir='ltr'>verbis</span> <span class='ocrx_word' id='word_1_151' title='bbox 881 1396 955 1430; x_wconf 87' lang='lat' dir='ltr'>satis</span> <span class='ocrx_word' id='word_1_152' title='bbox 985 1395 1035 1429; x_wconf 89' lang='lat' dir='ltr'>ad-</span> 
     </span>
     <span class='ocr_line' id='line_1_25' title="bbox 98 1445 1035 1491; baseline -0.005 -8"><span class='ocrx_word' id='word_1_153' title='bbox 98 1449 251 1483; x_wconf 86' lang='lat' dir='ltr'>miratur.</span> <span class='ocrx_word' id='word_1_154' title='bbox 280 1447 449 1482; x_wconf 88' lang='lat' dir='ltr'>Nuncium</span> <span class='ocrx_word' id='word_1_155' title='bbox 470 1471 482 1488; x_wconf 91' lang='lat'>,</span> <span class='ocrx_word' id='word_1_156' title='bbox 517 1458 613 1491; x_wconf 87' lang='lat' dir='ltr'>quem</span> <span class='ocrx_word' id='word_1_157' title='bbox 635 1446 675 1480; x_wconf 82' lang='lat' dir='ltr'>ad</span> <span class='ocrx_word' id='word_1_158' title='bbox 695 1458 756 1480; x_wconf 84' lang='lat' dir='ltr'>nos</span> <span class='ocrx_word' id='word_1_159' title='bbox 778 1445 959 1487; x_wconf 79' lang='lat' dir='ltr'>direxistis,</span> <span class='ocrx_word' id='word_1_160' title='bbox 996 1445 1035 1479; x_wconf 87' lang='lat' dir='ltr'>ad</span> 
     </span>
     <span class='ocr_line' id='line_1_26' title="bbox 97 1495 1035 1540; baseline -0.005 -8"><span class='ocrx_word' id='word_1_161' title='bbox 97 1509 170 1532; x_wconf 87' lang='lat' dir='ltr'>eam</span> <span class='ocrx_word' id='word_1_162' title='bbox 194 1498 393 1532; x_wconf 85' lang='lat' dir='ltr'>direximus.-</span> <span class='ocrx_word' id='word_1_163' title='bbox 425 1498 487 1540; x_wconf 86' lang='lat' dir='ltr'>ipse</span> <span class='ocrx_word' id='word_1_164' title='bbox 516 1497 607 1530; x_wconf 85' lang='lat' dir='ltr'>vobis</span> <span class='ocrx_word' id='word_1_165' title='bbox 633 1498 746 1531; x_wconf 83' lang='lat' dir='ltr'>referet</span> <span class='ocrx_word' id='word_1_166' title='bbox 781 1508 851 1538; x_wconf 83' lang='lat' dir='ltr'>qua:</span> <span class='ocrx_word' id='word_1_167' title='bbox 876 1495 1001 1529; x_wconf 88' lang='lat' dir='ltr'>audivit</span> <span class='ocrx_word' id='word_1_168' title='bbox 1028 1520 1035 1526; x_wconf 94' lang='lat'>.</span> 
     </span>
     <span class='ocr_line' id='line_1_27' title="bbox 94 1545 1036 1593; baseline -0.004 -12"><span class='ocrx_word' id='word_1_169' title='bbox 94 1547 272 1593; x_wconf 68' lang='lat' dir='ltr'>Postquam</span> <span class='ocrx_word' id='word_1_170' title='bbox 294 1557 403 1582; x_wconf 88' lang='lat' dir='ltr'>autem</span> <span class='ocrx_word' id='word_1_171' title='bbox 426 1547 554 1581; x_wconf 89' lang='lat' dir='ltr'>Nuncii</span> <span class='ocrx_word' id='word_1_172' title='bbox 576 1546 714 1580; x_wconf 87' lang='lat' dir='ltr'>Domini</span> <span class='ocrx_word' id='word_1_173' title='bbox 728 1546 830 1590; x_wconf 87' lang='lat' dir='ltr'>Regis</span> <span class='ocrx_word' id='word_1_174' title='bbox 841 1545 881 1578; x_wconf 86' lang='lat' dir='ltr'>ab</span> <span class='ocrx_word' id='word_1_175' title='bbox 900 1546 1036 1586; x_wconf 89' lang='lat' dir='ltr'>Impera-</span> 
     </span>
     <span class='ocr_line' id='line_1_28' title="bbox 95 1594 1038 1635; baseline -0.006 -4"><span class='ocrx_word' id='word_1_176' title='bbox 95 1608 167 1631; x_wconf 85' lang='lat' dir='ltr'>tore</span> <span class='ocrx_word' id='word_1_177' title='bbox 191 1599 300 1632; x_wconf 84' lang='lat' dir='ltr'>reversi</span> <span class='ocrx_word' id='word_1_178' title='bbox 319 1598 461 1635; x_wconf 88' lang='lat' dir='ltr'>fuerint,</span> <span class='ocrx_word' id='word_1_179' title='bbox 487 1606 620 1630; x_wconf 90' lang='lat' dir='ltr'>omnem</span> <span class='ocrx_word' id='word_1_180' title='bbox 636 1606 742 1629; x_wconf 89' lang='lat' dir='ltr'>rerum</span> <span class='ocrx_word' id='word_1_181' title='bbox 763 1597 928 1628; x_wconf 87' lang='lat' dir='ltr'>veritatem</span> <span class='ocrx_word' id='word_1_182' title='bbox 953 1594 1038 1626; x_wconf 88' lang='lat' dir='ltr'>solli-</span> 
     </span>
     <span class='ocr_line' id='line_1_29' title="bbox 95 1643 1037 1690; baseline -0.005 -10"><span class='ocrx_word' id='word_1_183' title='bbox 95 1646 165 1680; x_wconf 71' lang='lat' dir='ltr'>cite</span> <span class='ocrx_word' id='word_1_184' title='bbox 188 1647 372 1690; x_wconf 74' lang='lat' dir='ltr'>inquisitam</span> <span class='ocrx_word' id='word_1_185' title='bbox 404 1646 497 1679; x_wconf 86' lang='lat' dir='ltr'>vobis</span> <span class='ocrx_word' id='word_1_186' title='bbox 530 1645 707 1688; x_wconf 85' lang='lat' dir='ltr'>significare</span> <span class='ocrx_word' id='word_1_187' title='bbox 730 1655 799 1677; x_wconf 89' lang='lat' dir='ltr'>non</span> <span class='ocrx_word' id='word_1_188' title='bbox 822 1643 1006 1677; x_wconf 84' lang='lat' dir='ltr'>differemus</span> <span class='ocrx_word' id='word_1_189' title='bbox 1030 1667 1037 1675; x_wconf 90' lang='lat'><strong>.</strong></span> 
     </span>
     <span class='ocr_line' id='line_1_30' title="bbox 98 1692 1037 1736; baseline -0.003 -8"><span class='ocrx_word' id='word_1_190' title='bbox 98 1695 152 1729; x_wconf 83' lang='lat' dir='ltr'>Ex</span> <span class='ocrx_word' id='word_1_191' title='bbox 174 1694 343 1730; x_wconf 85' lang='lat' dir='ltr'>verborum</span> <span class='ocrx_word' id='word_1_192' title='bbox 365 1704 478 1728; x_wconf 89' lang='lat' dir='ltr'>tenore</span> <span class='ocrx_word' id='word_1_193' title='bbox 499 1694 694 1736; x_wconf 80' lang='lat' dir='ltr'>perpendere</span> <span class='ocrx_word' id='word_1_194' title='bbox 720 1693 855 1736; x_wconf 74' lang='lat' dir='ltr'>potestis</span> <span class='ocrx_word' id='word_1_195' title='bbox 866 1692 1037 1726; x_wconf 60' lang='lat' dir='ltr'>Dictorum</span> 
     </span>
     <span class='ocr_line' id='line_1_31' title="bbox 97 1742 1040 1786; baseline -0.008 -7"><span class='ocrx_word' id='word_1_196' title='bbox 97 1745 290 1782; x_wconf 76' lang='lat' dir='ltr'>salsitatem:</span> <span class='ocrx_word' id='word_1_197' title='bbox 316 1742 641 1786; x_wconf 85' lang='lat' dir='ltr'>quiaquinquaginta</span> <span class='ocrx_word' id='word_1_198' title='bbox 655 1742 860 1783; x_wconf 69' lang='lat' dir='ltr'>Episcopm,</span> <span class='ocrx_word' id='word_1_199' title='bbox 887 1751 972 1782; x_wconf 85' lang='lat' dir='ltr'>quos</span> <span class='ocrx_word' id='word_1_200' title='bbox 986 1751 1040 1772; x_wconf 87' lang='lat' dir='ltr'>ex-</span> 
     </span>
     <span class='ocr_line' id='line_1_32' title="bbox 94 1788 1039 1832; baseline -0.007 -4"><span class='ocrx_word' id='word_1_201' title='bbox 94 1791 245 1832; x_wconf 75' lang='lat' dir='ltr'>hiberet,</span> <span class='ocrx_word' id='word_1_202' title='bbox 270 1790 438 1824; x_wconf 73' lang='lat' dir='ltr'>Reirfnon</span> <span class='ocrx_word' id='word_1_203' title='bbox 458 1789 574 1824; x_wconf 84' lang='lat' dir='ltr'>habet.</span> <span class='ocrx_word' id='word_1_204' title='bbox 611 1790 684 1823; x_wconf 89' lang='lat' dir='ltr'>Nos</span> <span class='ocrx_word' id='word_1_205' title='bbox 707 1789 784 1821; x_wconf 80' lang='lat' dir='ltr'>vero</span> <span class='ocrx_word' id='word_1_206' title='bbox 806 1788 1039 1821; x_wconf 87' lang='lat' dir='ltr'>detrimentum</span> 
     </span>
     <span class='ocr_line' id='line_1_33' title="bbox 95 1837 1037 1883; baseline -0.008 -6"><span class='ocrx_word' id='word_1_207' title='bbox 95 1838 247 1883; x_wconf 50' lang='lat' dir='ltr'>Ecclesiae</span> <span class='ocrx_word' id='word_1_208' title='bbox 261 1851 320 1875; x_wconf 87' lang='lat' dir='ltr'>nec</span> <span class='ocrx_word' id='word_1_209' title='bbox 337 1839 508 1878; x_wconf 86' lang='lat' dir='ltr'>sustinere,</span> <span class='ocrx_word' id='word_1_210' title='bbox 536 1839 743 1880; x_wconf 89' lang='lat' dir='ltr'>quantumin</span> <span class='ocrx_word' id='word_1_211' title='bbox 767 1837 862 1870; x_wconf 85' lang='lat' dir='ltr'>nobis</span> <span class='ocrx_word' id='word_1_212' title='bbox 876 1837 941 1878; x_wconf 85' lang='lat' dir='ltr'>est,</span> <span class='ocrx_word' id='word_1_213' title='bbox 971 1838 1037 1880; x_wconf 69' lang='lat' dir='ltr'>pos</span> 
     </span>
     <span class='ocr_line' id='line_1_34' title="bbox 95 1885 1039 1933; baseline -0.004 -7"><span class='ocrx_word' id='word_1_214' title='bbox 95 1885 202 1926; x_wconf 68' lang='lat' dir='ltr'>femus</span> <span class='ocrx_word' id='word_1_215' title='bbox 211 1917 221 1933; x_wconf 96' lang='lat'>‚</span> <span class='ocrx_word' id='word_1_216' title='bbox 234 1902 294 1924; x_wconf 91' lang='lat' dir='ltr'>nec</span> <span class='ocrx_word' id='word_1_217' title='bbox 307 1889 413 1925; x_wconf 88' lang='lat' dir='ltr'>videre</span> <span class='ocrx_word' id='word_1_218' title='bbox 424 1914 432 1922; x_wconf 90' lang='lat'><strong>.</strong></span> <span class='ocrx_word' id='word_1_219' title='bbox 459 1890 560 1931; x_wconf 87' lang='lat' dir='ltr'>Super</span> <span class='ocrx_word' id='word_1_220' title='bbox 573 1886 624 1921; x_wconf 89' lang='lat' dir='ltr'>his</span> <span class='ocrx_word' id='word_1_221' title='bbox 635 1885 785 1922; x_wconf 87' lang='lat' dir='ltr'>Domino</span> <span class='ocrx_word' id='word_1_222' title='bbox 803 1886 896 1930; x_wconf 76' lang='lat' dir='ltr'>Papa:</span> <span class='ocrx_word' id='word_1_223' title='bbox 909 1911 920 1927; x_wconf 92' lang='lat'>,</span> <span class='ocrx_word' id='word_1_224' title='bbox 947 1888 1039 1932; x_wconf 82' lang='lat' dir='ltr'>quod</span> 
     </span>
     <span class='ocr_line' id='line_1_35' title="bbox 95 1938 870 1984; baseline -0.009 -9"><span class='ocrx_word' id='word_1_225' title='bbox 95 1941 190 1977; x_wconf 85' lang='lat' dir='ltr'>vobis</span> <span class='ocrx_word' id='word_1_226' title='bbox 210 1939 393 1980; x_wconf 82' lang='lat' dir='ltr'>videbitur,</span> <span class='ocrx_word' id='word_1_227' title='bbox 421 1938 643 1984; x_wconf 82' lang='lat' dir='ltr'>significabitis</span> <span class='ocrx_word' id='word_1_228' title='bbox 656 1962 663 1970; x_wconf 93' lang='lat'><strong>.</strong></span> <span class='ocrx_word' id='word_1_229' title='bbox 853 1944 870 1959; x_wconf 51' lang='grc' dir='ltr'>’ψ</span> 
     </span>
    </p>
   </div>
   <div class='ocr_carea' id='block_1_6' title="bbox 242 2036 864 2074">
    <p class='ocr_par' dir='ltr' id='par_1_6' title="bbox 242 2036 864 2074">
     <span class='ocr_line' id='line_1_36' title="bbox 242 2036 864 2074; baseline -0.006 0"><span class='ocrx_word' id='word_1_230' title='bbox 242 2036 650 2074; x_wconf 65' lang='lat' dir='ltr'>EP-ts‘roDA</span> <span class='ocrx_word' id='word_1_231' title='bbox 747 2036 864 2071; x_wconf 77' lang='lat'>(3111.</span> 
     </span>
    </p>
   </div>
   <div class='ocr_carea' id='block_1_7' title="bbox 95 2134 1040 2188">
    <p class='ocr_par' dir='ltr' id='par_1_7' title="bbox 95 2134 1040 2188">
     <span class='ocr_line' id='line_1_37' title="bbox 95 2134 1040 2188; baseline -0.01 -12"><span class='ocrx_word' id='word_1_232' title='bbox 95 2145 220 2188; x_wconf 76' lang='lat' dir='ltr'>Joanni</span> <span class='ocrx_word' id='word_1_233' title='bbox 235 2163 237 2167; x_wconf 91' lang='lat'><em>-</em></span> <span class='ocrx_word' id='word_1_234' title='bbox 250 2139 397 2184; x_wconf 66' lang='lat' dir='ltr'>Episcopo</span> <span class='ocrx_word' id='word_1_235' title='bbox 420 2136 604 2180; x_wconf 72' lang='lat' dir='ltr'>Pie‘lavlenfi</span> <span class='ocrx_word' id='word_1_236' title='bbox 622 2139 765 2182; x_wconf 75' lang='lat' dir='ltr'>Joannes</span> <span class='ocrx_word' id='word_1_237' title='bbox 800 2134 1019 2177; x_wconf 70' lang='lat' dir='ltr'>saresberiensis</span> <span class='ocrx_word' id='word_1_238' title='bbox 1033 2160 1040 2167; x_wconf 94' lang='lat'>.</span> 
     </span>
    </p>
   </div>
   <div class='ocr_carea' id='block_1_8' title="bbox 97 2235 1047 3130">
    <p class='ocr_par' dir='ltr' id='par_1_8' title="bbox 206 2235 1042 2282">
     <span class='ocr_line' id='line_1_38' title="bbox 206 2235 1042 2282; baseline -0.006 -8"><span class='ocrx_word' id='word_1_239' title='bbox 206 2239 389 2275; x_wconf 84' lang='lat' dir='ltr'>RANDlS</span> <span class='ocrx_word' id='word_1_240' title='bbox 416 2238 462 2273; x_wconf 87' lang='lat' dir='ltr'>est</span> <span class='ocrx_word' id='word_1_241' title='bbox 484 2238 571 2282; x_wconf 87' lang='lat' dir='ltr'>apud</span> <span class='ocrx_word' id='word_1_242' title='bbox 588 2250 648 2273; x_wconf 89' lang='lat' dir='ltr'>nos</span> <span class='ocrx_word' id='word_1_243' title='bbox 659 2237 854 2281; x_wconf 69' lang='lat' dir='ltr'>exspectatio</span> <span class='ocrx_word' id='word_1_244' title='bbox 865 2235 1042 2281; x_wconf 84' lang='lat' dir='ltr'>praestolan·</span> 
     </span>
    </p>

    <p class='ocr_par' dir='ltr' id='par_1_9' title="bbox 97 2286 1047 3130">
     <span class='ocr_line' id='line_1_39' title="bbox 223 2286 1042 2333; baseline -0.007 -9"><span class='ocrx_word' id='word_1_245' title='bbox 223 2290 306 2324; x_wconf 89' lang='lat' dir='ltr'>tium</span> <span class='ocrx_word' id='word_1_246' title='bbox 320 2313 333 2329; x_wconf 88' lang='lat'>,</span> <span class='ocrx_word' id='word_1_247' title='bbox 358 2289 438 2333; x_wconf 91' lang='lat' dir='ltr'>quid</span> <span class='ocrx_word' id='word_1_248' title='bbox 452 2289 589 2331; x_wconf 90' lang='lat' dir='ltr'>paritura</span> <span class='ocrx_word' id='word_1_249' title='bbox 601 2289 638 2321; x_wconf 89' lang='lat' dir='ltr'>sit</span> <span class='ocrx_word' id='word_1_250' title='bbox 653 2288 786 2322; x_wconf 88' lang='lat' dir='ltr'>collatio</span> <span class='ocrx_word' id='word_1_251' title='bbox 798 2287 929 2321; x_wconf 85' lang='lat' dir='ltr'>illustris</span> <span class='ocrx_word' id='word_1_252' title='bbox 941 2286 1042 2332; x_wconf 86' lang='lat' dir='ltr'>Regis</span> 
     </span>
     <span class='ocr_line' id='line_1_40' title="bbox 101 2331 1040 2384; baseline -0.006 -10"><span class='ocrx_word' id='word_1_253' title='bbox 101 2340 236 2384; x_wconf 77' lang='lat' dir='ltr'>Angliae</span> <span class='ocrx_word' id='word_1_254' title='bbox 249 2365 259 2379; x_wconf 93' lang='lat'>,</span> <span class='ocrx_word' id='word_1_255' title='bbox 283 2340 317 2373; x_wconf 78' lang='grc' dir='ltr'>ὅτ.</span> <span class='ocrx_word' id='word_1_256' title='bbox 337 2337 462 2372; x_wconf 87' lang='lat' dir='ltr'>Grandi</span> <span class='ocrx_word' id='word_1_257' title='bbox 474 2334 731 2371; x_wconf 60' lang='lat' dir='ltr'>:Montanorum</span> <span class='ocrx_word' id='word_1_258' title='bbox 743 2331 956 2376; x_wconf 44' lang='lat' dir='ltr'>Sanctorum&amp;</span> <span class='ocrx_word' id='word_1_259' title='bbox 983 2337 1040 2379; x_wconf 89' lang='lat' dir='ltr'>qui</span> 
     </span>
     <span class='ocr_line' id='line_1_41' title="bbox 98 2385 1043 2433; baseline -0.004 -10"><span class='ocrx_word' id='word_1_260' title='bbox 98 2391 224 2423; x_wconf 84' lang='lat' dir='ltr'>utinam</span> <span class='ocrx_word' id='word_1_261' title='bbox 248 2399 307 2432; x_wconf 88' lang='lat' dir='ltr'>pro</span> <span class='ocrx_word' id='word_1_262' title='bbox 325 2387 512 2421; x_wconf 85' lang='lat' dir='ltr'>celebritate</span> <span class='ocrx_word' id='word_1_263' title='bbox 531 2386 710 2427; x_wconf 77' lang='lat' dir='ltr'>nominis,¹</span> <span class='ocrx_word' id='word_1_264' title='bbox 732 2388 830 2430; x_wconf 79' lang='lat' dir='ltr'>quam</span> <span class='ocrx_word' id='word_1_265' title='bbox 858 2388 890 2419; x_wconf 91' lang='lat' dir='ltr'>in</span> <span class='ocrx_word' id='word_1_266' title='bbox 905 2385 1043 2433; x_wconf 73' lang='lat' dir='ltr'>Ecclesia</span> 
     </span>
     <span class='ocr_line' id='line_1_42' title="bbox 97 2432 1043 2481; baseline -0.005 -7"><span class='ocrx_word' id='word_1_267' title='bbox 97 2440 163 2474; x_wconf 88' lang='lat' dir='ltr'>Dei</span> <span class='ocrx_word' id='word_1_268' title='bbox 184 2438 297 2472; x_wconf 75' lang='lat' dir='ltr'>subito</span> <span class='ocrx_word' id='word_1_269' title='bbox 308 2437 390 2470; x_wconf 62' lang='lat' dir='ltr'>nacti</span> <span class='ocrx_word' id='word_1_270' title='bbox 402 2437 496 2477; x_wconf 87' lang='lat' dir='ltr'>sunt,</span> <span class='ocrx_word' id='word_1_271' title='bbox 512 2446 514 2448; x_wconf 78' lang='grc'>’</span> <span class='ocrx_word' id='word_1_272' title='bbox 528 2448 639 2481; x_wconf 79' lang='lat' dir='ltr'>pacem</span> <span class='ocrx_word' id='word_1_273' title='bbox 655 2436 801 2471; x_wconf 77' lang='lat' dir='ltr'>Ecclesiae</span> <span class='ocrx_word' id='word_1_274' title='bbox 816 2432 963 2470; x_wconf 81' lang='lat' dir='ltr'>studeant</span> <span class='ocrx_word' id='word_1_275' title='bbox 976 2445 1043 2480; x_wconf 82' lang='lat' dir='ltr'>pro·</span> 
     </span>
     <span class='ocr_line' id='line_1_43' title="bbox 98 2486 1043 2531; baseline -0.005 -8"><span class='ocrx_word' id='word_1_276' title='bbox 98 2499 209 2523; x_wconf 78' lang='lat' dir='ltr'>curare</span> <span class='ocrx_word' id='word_1_277' title='bbox 222 2512 228 2518; x_wconf 86' lang='lat'>.</span> <span class='ocrx_word' id='word_1_278' title='bbox 255 2487 440 2520; x_wconf 82' lang='lat' dir='ltr'>Credantur</span> <span class='ocrx_word' id='word_1_279' title='bbox 452 2487 540 2521; x_wconf 87' lang='lat' dir='ltr'>enim</span> <span class='ocrx_word' id='word_1_280' title='bbox 552 2487 711 2520; x_wconf 80' lang='lat' dir='ltr'>talentum</span> <span class='ocrx_word' id='word_1_281' title='bbox 723 2487 834 2531; x_wconf 85' lang='lat' dir='ltr'>gratiae</span> <span class='ocrx_word' id='word_1_282' title='bbox 852 2486 1043 2529; x_wconf 87' lang='lat' dir='ltr'>Principum</span> 
     </span>
     <span class='ocr_line' id='line_1_44' title="bbox 99 2535 1044 2580; baseline -0.004 -8"><span class='ocrx_word' id='word_1_283' title='bbox 99 2538 134 2572; x_wconf 86' lang='lat' dir='ltr'>in</span> <span class='ocrx_word' id='word_1_284' title='bbox 157 2548 286 2571; x_wconf 88' lang='lat' dir='ltr'>tantum</span> <span class='ocrx_word' id='word_1_285' title='bbox 297 2536 442 2570; x_wconf 80' lang='lat' dir='ltr'>meruiffe</span> <span class='ocrx_word' id='word_1_286' title='bbox 453 2561 464 2575; x_wconf 92' lang='lat'>,</span> <span class='ocrx_word' id='word_1_287' title='bbox 487 2536 521 2569; x_wconf 70' lang='grc' dir='ltr'>ὅ(</span> <span class='ocrx_word' id='word_1_288' title='bbox 534 2537 704 2580; x_wconf 73' lang='lat' dir='ltr'>percepisse</span> <span class='ocrx_word' id='word_1_289' title='bbox 717 2538 734 2569; x_wconf 79' lang='lat' dir='ltr'>a</span> <span class='ocrx_word' id='word_1_290' title='bbox 747 2537 899 2571; x_wconf 88' lang='lat' dir='ltr'>Domino</span> <span class='ocrx_word' id='word_1_291' title='bbox 915 2561 925 2576; x_wconf 95' lang='lat'>,</span> <span class='ocrx_word' id='word_1_292' title='bbox 953 2546 989 2569; x_wconf 92' lang='lat' dir='ltr'>ut</span> <span class='ocrx_word' id='word_1_293' title='bbox 999 2535 1044 2569; x_wconf 89' lang='lat' dir='ltr'>di-</span> 
     </span>
     <span class='ocr_line' id='line_1_45' title="bbox 99 2586 1045 2632; baseline -0.004 -10"><span class='ocrx_word' id='word_1_294' title='bbox 99 2586 259 2632; x_wconf 76' lang='lat' dir='ltr'>spensatio</span> <span class='ocrx_word' id='word_1_295' title='bbox 279 2586 474 2631; x_wconf 84' lang='lat' dir='ltr'>Regnorum</span> <span class='ocrx_word' id='word_1_296' title='bbox 500 2610 510 2626; x_wconf 90' lang='lat'>,</span> <span class='ocrx_word' id='word_1_297' title='bbox 543 2596 702 2630; x_wconf 89' lang='lat' dir='ltr'>quatenus</span> <span class='ocrx_word' id='word_1_298' title='bbox 724 2587 780 2629; x_wconf 74' lang='lat' dir='ltr'>ipsi</span> <span class='ocrx_word' id='word_1_299' title='bbox 806 2587 1007 2629; x_wconf 86' lang='lat' dir='ltr'>permiserint</span> <span class='ocrx_word' id='word_1_300' title='bbox 1035 2609 1045 2624; x_wconf 85' lang='lat'>‚</span> 
     </span>
     <span class='ocr_line' id='line_1_46' title="bbox 100 2632 1046 2679; baseline -0.005 -7"><span class='ocrx_word' id='word_1_301' title='bbox 100 2649 214 2672; x_wconf 84' lang='lat' dir='ltr'>eorum</span> <span class='ocrx_word' id='word_1_302' title='bbox 230 2637 457 2671; x_wconf 88' lang='lat' dir='ltr'>committatur</span> <span class='ocrx_word' id='word_1_303' title='bbox 478 2635 615 2670; x_wconf 86' lang='lat' dir='ltr'>arbitrio</span> <span class='ocrx_word' id='word_1_304' title='bbox 642 2660 649 2666; x_wconf 93' lang='lat'><strong>.</strong></span> <span class='ocrx_word' id='word_1_305' title='bbox 678 2637 777 2670; x_wconf 86' lang='lat' dir='ltr'>Fama</span> <span class='ocrx_word' id='word_1_306' title='bbox 798 2632 951 2677; x_wconf 78' lang='lat' dir='ltr'>siquidem</span> <span class='ocrx_word' id='word_1_307' title='bbox 975 2644 1046 2679; x_wconf 85' lang='lat' dir='ltr'>prae-</span> 
     </span>
     <span class='ocr_line' id='line_1_47' title="bbox 100 2685 1046 2730; baseline -0.004 -8"><span class='ocrx_word' id='word_1_308' title='bbox 100 2697 260 2729; x_wconf 80' lang='lat' dir='ltr'>conatur,</span> <span class='ocrx_word' id='word_1_309' title='bbox 284 2686 373 2730; x_wconf 91' lang='lat' dir='ltr'>quod</span> <span class='ocrx_word' id='word_1_310' title='bbox 396 2687 430 2719; x_wconf 88' lang='lat' dir='ltr'>in</span> <span class='ocrx_word' id='word_1_311' title='bbox 443 2696 560 2719; x_wconf 87' lang='lat' dir='ltr'>eorum</span> <span class='ocrx_word' id='word_1_312' title='bbox 592 2685 744 2719; x_wconf 88' lang='lat' dir='ltr'>manibus</span> <span class='ocrx_word' id='word_1_313' title='bbox 768 2686 829 2718; x_wconf 85' lang='lat' dir='ltr'>sint</span> <span class='ocrx_word' id='word_1_314' title='bbox 855 2685 991 2719; x_wconf 83' lang='lat' dir='ltr'>consilia</span> <span class='ocrx_word' id='word_1_315' title='bbox 1012 2686 1046 2718; x_wconf 89' lang='lat'>&amp;</span> 
     </span>
     <span class='ocr_line' id='line_1_48' title="bbox 102 2735 1044 2783; baseline -0.005 -11"><span class='ocrx_word' id='word_1_316' title='bbox 102 2749 200 2781; x_wconf 86' lang='lat' dir='ltr'>opera</span> <span class='ocrx_word' id='word_1_317' title='bbox 212 2737 342 2780; x_wconf 87' lang='lat' dir='ltr'>Regum</span> <span class='ocrx_word' id='word_1_318' title='bbox 353 2761 360 2769; x_wconf 91' lang='lat'><strong>.</strong></span> <span class='ocrx_word' id='word_1_319' title='bbox 391 2736 481 2783; x_wconf 83' lang='lat' dir='ltr'>Qia</span> <span class='ocrx_word' id='word_1_320' title='bbox 504 2746 584 2779; x_wconf 90' lang='lat' dir='ltr'>ergo</span> <span class='ocrx_word' id='word_1_321' title='bbox 597 2745 654 2769; x_wconf 88' lang='lat' dir='ltr'>vos</span> <span class='ocrx_word' id='word_1_322' title='bbox 665 2735 845 2768; x_wconf 85' lang='lat' dir='ltr'>eorundem</span> <span class='ocrx_word' id='word_1_323' title='bbox 860 2737 1044 2768; x_wconf 71' lang='lat' dir='ltr'>Sanctorum</span> 
     </span>
     <span class='ocr_line' id='line_1_49' title="bbox 103 2783 1046 2825; baseline -0.004 -4"><span class='ocrx_word' id='word_1_324' title='bbox 103 2799 172 2821; x_wconf 85' lang='lat' dir='ltr'>non</span> <span class='ocrx_word' id='word_1_325' title='bbox 193 2786 310 2821; x_wconf 87' lang='lat' dir='ltr'>dubito</span> <span class='ocrx_word' id='word_1_326' title='bbox 335 2796 514 2825; x_wconf 79' lang='lat' dir='ltr'>amatoreS‚</span> <span class='ocrx_word' id='word_1_327' title='bbox 541 2786 572 2818; x_wconf 67' lang='grc' dir='ltr'>ὃ(</span> <span class='ocrx_word' id='word_1_328' title='bbox 597 2784 770 2819; x_wconf 85' lang='lat' dir='ltr'>familiares</span> <span class='ocrx_word' id='word_1_329' title='bbox 789 2785 851 2817; x_wconf 68' lang='lat' dir='ltr'>esse</span> <span class='ocrx_word' id='word_1_330' title='bbox 871 2783 1006 2817; x_wconf 88' lang='lat' dir='ltr'>confido</span> <span class='ocrx_word' id='word_1_331' title='bbox 1036 2808 1046 2823; x_wconf 89' lang='lat'>‚</span> 
     </span>
     <span class='ocr_line' id='line_1_50' title="bbox 102 2835 1047 2881; baseline -0.002 -12"><span class='ocrx_word' id='word_1_332' title='bbox 102 2848 223 2880; x_wconf 79' lang='lat' dir='ltr'>quanta</span> <span class='ocrx_word' id='word_1_333' title='bbox 245 2837 368 2881; x_wconf 76' lang='lat' dir='ltr'>possum</span> <span class='ocrx_word' id='word_1_334' title='bbox 384 2847 493 2878; x_wconf 86' lang='lat' dir='ltr'>precor</span> <span class='ocrx_word' id='word_1_335' title='bbox 513 2835 664 2870; x_wconf 77' lang='lat' dir='ltr'>instantia</span> <span class='ocrx_word' id='word_1_336' title='bbox 686 2858 700 2875; x_wconf 86' lang='lat'>,</span> <span class='ocrx_word' id='word_1_337' title='bbox 737 2843 895 2876; x_wconf 87' lang='lat' dir='ltr'>quatenus</span> <span class='ocrx_word' id='word_1_338' title='bbox 913 2844 970 2867; x_wconf 88' lang='lat' dir='ltr'>eos</span> <span class='ocrx_word' id='word_1_339' title='bbox 993 2845 1047 2877; x_wconf 89' lang='lat' dir='ltr'>per</span> 
     </span>
     <span class='ocr_line' id='line_1_51' title="bbox 105 2880 1046 2930; baseline -0.003 -11"><span class='ocrx_word' id='word_1_340' title='bbox 105 2888 241 2930; x_wconf 86' lang='lat' dir='ltr'>gratiam</span> <span class='ocrx_word' id='word_1_341' title='bbox 262 2884 358 2920; x_wconf 81' lang='lat' dir='ltr'>&#39;vobis</span> <span class='ocrx_word' id='word_1_342' title='bbox 379 2885 536 2919; x_wconf 76' lang='lat' dir='ltr'>divinitus</span> <span class='ocrx_word' id='word_1_343' title='bbox 559 2883 712 2919; x_wconf 89' lang='lat' dir='ltr'>collatam</span> <span class='ocrx_word' id='word_1_344' title='bbox 734 2880 878 2918; x_wconf 83' lang='lat' dir='ltr'>adhibita</span> <span class='ocrx_word' id='word_1_345' title='bbox 896 2882 1046 2917; x_wconf 89' lang='lat' dir='ltr'>omnidi-</span> 
     </span>
     <span class='ocr_line' id='line_1_52' title="bbox 106 2935 1045 2979; baseline 0 -11"><span class='ocrx_word' id='word_1_346' title='bbox 106 2936 240 2979; x_wconf 88' lang='lat' dir='ltr'>ligentia</span> <span class='ocrx_word' id='word_1_347' title='bbox 261 2937 433 2974; x_wconf 87' lang='lat' dir='ltr'>animetis,</span> <span class='ocrx_word' id='word_1_348' title='bbox 460 2944 495 2969; x_wconf 88' lang='grc' dir='ltr'>ιιι</span> <span class='ocrx_word' id='word_1_349' title='bbox 520 2935 714 2979; x_wconf 88' lang='lat' dir='ltr'>colloquio,</span> <span class='ocrx_word' id='word_1_350' title='bbox 740 2935 830 2977; x_wconf 88' lang='lat' dir='ltr'>quod</span> <span class='ocrx_word' id='word_1_351' title='bbox 852 2945 927 2968; x_wconf 89' lang='lat' dir='ltr'>cum</span> <span class='ocrx_word' id='word_1_352' title='bbox 942 2935 1045 2977; x_wconf 87' lang='lat' dir='ltr'>praefa-</span> 
     </span>
     <span class='ocr_line' id='line_1_53' title="bbox 103 2984 1047 3029; baseline -0.002 -11"><span class='ocrx_word' id='word_1_353' title='bbox 103 2996 140 3018; x_wconf 89' lang='lat' dir='ltr'>to</span> <span class='ocrx_word' id='word_1_354' title='bbox 162 2985 253 3029; x_wconf 88' lang='lat' dir='ltr'>Rege</span> <span class='ocrx_word' id='word_1_355' title='bbox 264 2984 402 3019; x_wconf 81' lang='lat' dir='ltr'>habituri</span> <span class='ocrx_word' id='word_1_356' title='bbox 430 2988 503 3019; x_wconf 88' lang='lat' dir='ltr'>sunt</span> <span class='ocrx_word' id='word_1_357' title='bbox 519 3009 530 3026; x_wconf 87' lang='lat'>,</span> <span class='ocrx_word' id='word_1_358' title='bbox 557 2986 578 3018; x_wconf 84' lang='lat' dir='ltr'>si</span> <span class='ocrx_word' id='word_1_359' title='bbox 602 2995 709 3020; x_wconf 91' lang='lat' dir='ltr'>tamen</span> <span class='ocrx_word' id='word_1_360' title='bbox 732 2984 1047 3023; x_wconf 77' lang='lat' dir='ltr'>nondum‘eelebra-</span> 
     </span>
     <span class='ocr_line' id='line_1_54' title="bbox 106 3034 1047 3079; baseline -0.001 -11"><span class='ocrx_word' id='word_1_361' title='bbox 106 3046 178 3068; x_wconf 88' lang='lat' dir='ltr'>tum</span> <span class='ocrx_word' id='word_1_362' title='bbox 191 3035 236 3068; x_wconf 87' lang='lat' dir='ltr'>est</span> <span class='ocrx_word' id='word_1_363' title='bbox 251 3058 260 3072; x_wconf 87' lang='lat'>,</span> <span class='ocrx_word' id='word_1_364' title='bbox 287 3035 479 3077; x_wconf 82' lang='lat' dir='ltr'>prospiciant</span> <span class='ocrx_word' id='word_1_365' title='bbox 493 3035 717 3071; x_wconf 77' lang='lat' dir='ltr'>Ecclesiasticae</span> <span class='ocrx_word' id='word_1_366' title='bbox 731 3034 823 3079; x_wconf 88' lang='lat' dir='ltr'>paci,</span> <span class='ocrx_word' id='word_1_367' title='bbox 850 3046 921 3078; x_wconf 78' lang='lat' dir='ltr'>quae</span> <span class='ocrx_word' id='word_1_368' title='bbox 934 3059 945 3077; x_wconf 88' lang='lat'>‚</span> <span class='ocrx_word' id='word_1_369' title='bbox 972 3034 1047 3068; x_wconf 88' lang='lat' dir='ltr'>Deo</span> 
     </span>
     <span class='ocr_line' id='line_1_55' title="bbox 104 3082 1047 3130; baseline -0.002 -12"><span class='ocrx_word' id='word_1_370' title='bbox 104 3084 183 3118; x_wconf 85' lang='lat' dir='ltr'>teste</span> <span class='ocrx_word' id='word_1_371' title='bbox 198 3108 210 3124; x_wconf 86' lang='lat'>,</span> <span class='ocrx_word' id='word_1_372' title='bbox 237 3083 293 3127; x_wconf 74' lang='lat' dir='ltr'>ipsi</span> <span class='ocrx_word' id='word_1_373' title='bbox 314 3082 401 3127; x_wconf 81' lang='lat' dir='ltr'>Regi</span> <span class='ocrx_word' id='word_1_374' title='bbox 414 3085 511 3130; x_wconf 76' lang='lat' dir='ltr'>longe</span> <span class='ocrx_word' id='word_1_375' title='bbox 522 3086 581 3119; x_wconf 91' lang='lat' dir='ltr'>erit</span> <span class='ocrx_word' id='word_1_376' title='bbox 593 3086 725 3126; x_wconf 73' lang='lat' dir='ltr'>utilior,</span> <span class='ocrx_word' id='word_1_377' title='bbox 751 3086 849 3127; x_wconf 75' lang='lat' dir='ltr'>quam</span> <span class='ocrx_word' id='word_1_378' title='bbox 876 3084 940 3118; x_wconf 85' lang='lat' dir='ltr'>illis</span> <span class='ocrx_word' id='word_1_379' title='bbox 955 3109 964 3125; x_wconf 90' lang='lat'>,</span> <span class='ocrx_word' id='word_1_380' title='bbox 991 3084 1047 3127; x_wconf 89' lang='lat' dir='ltr'>qui</span> 
     </span>
    </p>
   </div>
   <div class='ocr_carea' id='block_1_9' title="bbox 0 3133 1047 3179">
    <p class='ocr_par' dir='ltr' id='par_1_10' title="bbox 0 3133 1047 3179">
     <span class='ocr_line' id='line_1_56' title="bbox 0 3133 1047 3179; baseline 0 -12"><span class='ocrx_word' id='word_1_381' title='bbox 0 3137 1 3142; x_wconf 77' lang='grc'>’</span> <span class='ocrx_word' id='word_1_382' title='bbox 51 3164 54 3167; x_wconf 74' lang='grc'><strong>,</strong></span> <span class='ocrx_word' id='word_1_383' title='bbox 105 3134 247 3168; x_wconf 86' lang='lat' dir='ltr'>se&amp;sua</span> <span class='ocrx_word' id='word_1_384' title='bbox 269 3133 382 3168; x_wconf 84' lang='lat' dir='ltr'>omnia</span> <span class='ocrx_word' id='word_1_385' title='bbox 393 3134 536 3177; x_wconf 85' lang='lat' dir='ltr'>gaudent</span> <span class='ocrx_word' id='word_1_386' title='bbox 558 3134 738 3177; x_wconf 71' lang='lat' dir='ltr'>exposuisse</span> <span class='ocrx_word' id='word_1_387' title='bbox 750 3146 810 3179; x_wconf 89' lang='lat' dir='ltr'>pro</span> <span class='ocrx_word' id='word_1_388' title='bbox 822 3133 974 3168; x_wconf 86' lang='lat' dir='ltr'>Christo.</span> <span class='ocrx_word' id='word_1_389' title='bbox 1002 3134 1047 3169; x_wconf 89' lang='lat' dir='ltr'>Si·</span> 
     </span>
    </p>
   </div>
   <div class='ocr_carea' id='block_1_10' title="bbox 105 3183 1051 3473">
    <p class='ocr_par' dir='ltr' id='par_1_11' title="bbox 106 3183 1047 3226">
     <span class='ocr_line' id='line_1_57' title="bbox 106 3183 1047 3226; baseline 0.002 -11"><span class='ocrx_word' id='word_1_390' title='bbox 106 3194 147 3216; x_wconf 86' lang='lat' dir='ltr'>ve</span> <span class='ocrx_word' id='word_1_391' title='bbox 167 3183 257 3216; x_wconf 87' lang='lat' dir='ltr'>enim</span> <span class='ocrx_word' id='word_1_392' title='bbox 282 3183 415 3222; x_wconf 81' lang='lat' dir='ltr'>vivant,</span> <span class='ocrx_word' id='word_1_393' title='bbox 442 3183 505 3217; x_wconf 82' lang='lat' dir='ltr'>five</span> <span class='ocrx_word' id='word_1_394' title='bbox 525 3186 706 3219; x_wconf 86' lang='lat' dir='ltr'>moriantur</span> <span class='ocrx_word' id='word_1_395' title='bbox 726 3210 736 3226; x_wconf 89' lang='lat'>,</span> <span class='ocrx_word' id='word_1_396' title='bbox 774 3184 915 3220; x_wconf 82' lang='lat' dir='ltr'>Domini</span> <span class='ocrx_word' id='word_1_397' title='bbox 938 3186 1012 3217; x_wconf 92' lang='lat' dir='ltr'>sunt</span> <span class='ocrx_word' id='word_1_398' title='bbox 1037 3209 1047 3225; x_wconf 92' lang='lat'>‚</span> 
     </span>
    </p>

    <p class='ocr_par' dir='ltr' id='par_1_12' title="bbox 105 3232 1048 3275">
     <span class='ocr_line' id='line_1_58' title="bbox 105 3232 1048 3275; baseline 0.001 -9"><span class='ocrx_word' id='word_1_399' title='bbox 105 3233 140 3266; x_wconf 87' lang='lat'>&amp;</span> <span class='ocrx_word' id='word_1_400' title='bbox 164 3233 337 3266; x_wconf 75' lang='lat' dir='ltr'>secundum</span> <span class='ocrx_word' id='word_1_401' title='bbox 362 3232 607 3268; x_wconf 84' lang='lat' dir='ltr'>multitudinem</span> <span class='ocrx_word' id='word_1_402' title='bbox 631 3235 778 3269; x_wconf 89' lang='lat' dir='ltr'>laborum</span> <span class='ocrx_word' id='word_1_403' title='bbox 802 3235 836 3268; x_wconf 92' lang='lat'>&amp;</span> <span class='ocrx_word' id='word_1_404' title='bbox 857 3235 1008 3269; x_wconf 90' lang='lat' dir='ltr'>dolorum</span> <span class='ocrx_word' id='word_1_405' title='bbox 1038 3259 1048 3275; x_wconf 89' lang='lat'>,</span> 
     </span>
    </p>

    <p class='ocr_par' dir='ltr' id='par_1_13' title="bbox 105 3281 1049 3327">
     <span class='ocr_line' id='line_1_59' title="bbox 105 3281 1049 3327; baseline 0.002 -13"><span class='ocrx_word' id='word_1_406' title='bbox 105 3281 224 3324; x_wconf 89' lang='lat' dir='ltr'>quibus</span> <span class='ocrx_word' id='word_1_407' title='bbox 255 3282 295 3314; x_wconf 91' lang='lat' dir='ltr'>ad</span> <span class='ocrx_word' id='word_1_408' title='bbox 328 3283 495 3315; x_wconf 88' lang='lat' dir='ltr'>modicum</span> <span class='ocrx_word' id='word_1_409' title='bbox 529 3282 732 3327; x_wconf 86' lang='lat' dir='ltr'>flagellantur</span> <span class='ocrx_word' id='word_1_410' title='bbox 757 3309 769 3327; x_wconf 92' lang='lat'>,</span> <span class='ocrx_word' id='word_1_411' title='bbox 808 3285 1049 3319; x_wconf 85' lang='lat' dir='ltr'>consolationes</span> 
     </span>
    </p>

    <p class='ocr_par' dir='ltr' id='par_1_14' title="bbox 105 3330 1048 3382">
     <span class='ocr_line' id='line_1_60' title="bbox 105 3330 1048 3382; baseline 0.002 -18"><span class='ocrx_word' id='word_1_412' title='bbox 105 3331 175 3374; x_wconf 81' lang='lat' dir='ltr'>ejus</span> <span class='ocrx_word' id='word_1_413' title='bbox 192 3332 374 3372; x_wconf 70' lang='lat' dir='ltr'>exspedant</span> <span class='ocrx_word' id='word_1_414' title='bbox 399 3333 431 3365; x_wconf 91' lang='lat' dir='ltr'>in</span> <span class='ocrx_word' id='word_1_415' title='bbox 458 3330 675 3368; x_wconf 82' lang='lat' dir='ltr'>misericordia</span> <span class='ocrx_word' id='word_1_416' title='bbox 696 3334 803 3368; x_wconf 89' lang='lat' dir='ltr'>uberi.</span> <span class='ocrx_word' id='word_1_417' title='bbox 835 3335 930 3382; x_wconf 81' lang='lat' dir='ltr'>Qid</span> <span class='ocrx_word' id='word_1_418' title='bbox 942 3345 1048 3368; x_wconf 89' lang='lat' dir='ltr'>autem</span> 
     </span>
    </p>

    <p class='ocr_par' dir='ltr' id='par_1_15' title="bbox 105 3379 1051 3473">
     <span class='ocr_line' id='line_1_61' title="bbox 105 3379 1051 3430; baseline 0.006 -15"><span class='ocrx_word' id='word_1_419' title='bbox 105 3381 124 3415; x_wconf 71' lang='grc' dir='ltr'>ὲ</span> <span class='ocrx_word' id='word_1_420' title='bbox 146 3381 230 3424; x_wconf 81' lang='lat' dir='ltr'>justo</span> <span class='ocrx_word' id='word_1_421' title='bbox 252 3379 358 3422; x_wconf 83' lang='lat' dir='ltr'>judice</span> <span class='ocrx_word' id='word_1_422' title='bbox 376 3404 387 3419; x_wconf 92' lang='lat'>‚</span> <span class='ocrx_word' id='word_1_423' title='bbox 410 3381 500 3422; x_wconf 79' lang='lat' dir='ltr'>cujus</span> <span class='ocrx_word' id='word_1_424' title='bbox 533 3382 682 3416; x_wconf 89' lang='lat' dir='ltr'>voluntas</span> <span class='ocrx_word' id='word_1_425' title='bbox 703 3386 946 3430; x_wconf 87' lang='lat' dir='ltr'>omnipotentia</span> <span class='ocrx_word' id='word_1_426' title='bbox 970 3383 1015 3419; x_wconf 89' lang='lat' dir='ltr'>est</span> <span class='ocrx_word' id='word_1_427' title='bbox 1042 3407 1051 3421; x_wconf 77' lang='lat'>‚</span> 
     </span>
     <span class='ocr_line' id='line_1_62' title="bbox 204 3429 693 3473; baseline 0.004 -10"><span class='ocrx_word' id='word_1_428' title='bbox 204 3429 308 3471; x_wconf 68' lang='lat' dir='ltr'>christ.</span> <span class='ocrx_word' id='word_1_429' title='bbox 330 3433 411 3473; x_wconf 70' lang='lat' dir='ltr'>Lupi</span> <span class='ocrx_word' id='word_1_430' title='bbox 432 3434 531 3473; x_wconf 81' lang='lat' dir='ltr'>Opera</span> <span class='ocrx_word' id='word_1_431' title='bbox 552 3434 632 3464; x_wconf 82' lang='lat' dir='ltr'>Tom.</span> <span class='ocrx_word' id='word_1_432' title='bbox 652 3435 693 3466; x_wconf 82' lang='lat' dir='ltr'>X.</span> 
     </span>
    </p>
   </div>
   <div class='ocr_carea' id='block_1_11' title="bbox 1876 128 1964 160">
    <p class='ocr_par' dir='ltr' id='par_1_16' title="bbox 1876 128 1964 160">
     <span class='ocr_line' id='line_1_63' title="bbox 1876 128 1964 160; baseline 0.023 -2"><span class='ocrx_word' id='word_1_433' title='bbox 1876 128 1964 160; x_wconf 86' lang='lat'>121</span> 
     </span>
    </p>
   </div>
   <div class='ocr_carea' id='block_1_12' title="bbox 1098 194 2040 443">
    <p class='ocr_par' dir='ltr' id='par_1_17' title="bbox 1098 194 2040 443">
     <span class='ocr_line' id='line_1_64' title="bbox 1101 194 2040 248; baseline 0.001 -17"><span class='ocrx_word' id='word_1_434' title='bbox 1101 195 1220 240; x_wconf 87' lang='lat' dir='ltr'>poterit</span> <span class='ocrx_word' id='word_1_435' title='bbox 1229 219 1241 235; x_wconf 93' lang='lat'>,</span> <span class='ocrx_word' id='word_1_436' title='bbox 1268 194 1326 229; x_wconf 87' lang='lat' dir='ltr'>nisi</span> <span class='ocrx_word' id='word_1_437' title='bbox 1340 194 1495 238; x_wconf 86' lang='lat' dir='ltr'>poeniteat</span> <span class='ocrx_word' id='word_1_438' title='bbox 1505 219 1517 233; x_wconf 89' lang='lat'>,</span> <span class='ocrx_word' id='word_1_439' title='bbox 1542 197 1722 246; x_wconf 70' lang='lat' dir='ltr'>exspectare</span> <span class='ocrx_word' id='word_1_440' title='bbox 1733 225 1743 240; x_wconf 93' lang='lat'>,</span> <span class='ocrx_word' id='word_1_441' title='bbox 1755 203 1809 246; x_wconf 81' lang='lat' dir='ltr'>qui</span> <span class='ocrx_word' id='word_1_442' title='bbox 1821 203 1920 248; x_wconf 85' lang='lat' dir='ltr'>gratis</span> <span class='ocrx_word' id='word_1_443' title='bbox 1941 204 2040 248; x_wconf 58' lang='lat' dir='ltr'>perse.</span> 
     </span>
     <span class='ocr_line' id='line_1_65' title="bbox 1100 245 2038 298; baseline 0 -18"><span class='ocrx_word' id='word_1_444' title='bbox 1100 246 1208 290; x_wconf 88' lang='lat' dir='ltr'>quitur</span> <span class='ocrx_word' id='word_1_445' title='bbox 1219 246 1253 279; x_wconf 76' lang='grc' dir='ltr'>ἀ</span> <span class='ocrx_word' id='word_1_446' title='bbox 1266 255 1396 291; x_wconf 87' lang='lat' dir='ltr'>torquet</span> <span class='ocrx_word' id='word_1_447' title='bbox 1409 245 1419 279; x_wconf 90' lang='lat' dir='ltr'>i</span> <span class='ocrx_word' id='word_1_448' title='bbox 1425 248 1623 281; x_wconf 73' lang='lat' dir='ltr'>innocentes?</span> <span class='ocrx_word' id='word_1_449' title='bbox 1649 247 1719 282; x_wconf 86' lang='lat' dir='ltr'>Aut</span> <span class='ocrx_word' id='word_1_450' title='bbox 1730 252 1800 292; x_wconf 85' lang='lat' dir='ltr'>quis</span> <span class='ocrx_word' id='word_1_451' title='bbox 1810 254 1873 290; x_wconf 72' lang='lat' dir='ltr'>erit</span> <span class='ocrx_word' id='word_1_452' title='bbox 1880 254 2038 298; x_wconf 83' lang='lat' dir='ltr'>poeniten-</span> 
     </span>
     <span class='ocr_line' id='line_1_66' title="bbox 1098 295 2037 339; baseline 0.011 -10"><span class='ocrx_word' id='word_1_453' title='bbox 1098 296 1151 329; x_wconf 66' lang='lat' dir='ltr'>tiae</span> <span class='ocrx_word' id='word_1_454' title='bbox 1158 295 1276 330; x_wconf 68' lang='lat' dir='ltr'>fructus</span> <span class='ocrx_word' id='word_1_455' title='bbox 1286 320 1297 336; x_wconf 93' lang='lat'>‚</span> <span class='ocrx_word' id='word_1_456' title='bbox 1323 295 1380 330; x_wconf 86' lang='lat' dir='ltr'>nisi</span> <span class='ocrx_word' id='word_1_457' title='bbox 1391 296 1489 330; x_wconf 88' lang='lat' dir='ltr'>corde</span> <span class='ocrx_word' id='word_1_458' title='bbox 1500 297 1644 330; x_wconf 89' lang='lat' dir='ltr'>contrito</span> <span class='ocrx_word' id='word_1_459' title='bbox 1657 296 1692 329; x_wconf 78' lang='grc' dir='ltr'>δε</span> <span class='ocrx_word' id='word_1_460' title='bbox 1703 296 1876 337; x_wconf 89' lang='lat' dir='ltr'>humiliato</span> <span class='ocrx_word' id='word_1_461' title='bbox 1886 304 2037 339; x_wconf 85' lang='lat' dir='ltr'>confitea-</span> 
     </span>
     <span class='ocr_line' id='line_1_67' title="bbox 1099 346 2038 393; baseline 0.001 -13"><span class='ocrx_word' id='word_1_462' title='bbox 1099 357 1152 381; x_wconf 90' lang='lat' dir='ltr'>tur</span> <span class='ocrx_word' id='word_1_463' title='bbox 1161 346 1287 389; x_wconf 89' lang='lat' dir='ltr'>culpam</span> <span class='ocrx_word' id='word_1_464' title='bbox 1302 371 1312 385; x_wconf 93' lang='lat'>‚</span> <span class='ocrx_word' id='word_1_465' title='bbox 1338 357 1517 388; x_wconf 87' lang='lat' dir='ltr'>componat</span> <span class='ocrx_word' id='word_1_466' title='bbox 1529 347 1681 389; x_wconf 86' lang='lat' dir='ltr'>injuriam</span> <span class='ocrx_word' id='word_1_467' title='bbox 1695 371 1707 387; x_wconf 88' lang='lat'>‚</span> <span class='ocrx_word' id='word_1_468' title='bbox 1732 347 1851 383; x_wconf 88' lang='lat' dir='ltr'>damna</span> <span class='ocrx_word' id='word_1_469' title='bbox 1864 362 1920 393; x_wconf 88' lang='lat' dir='ltr'>pro</span> <span class='ocrx_word' id='word_1_470' title='bbox 1936 354 2038 389; x_wconf 84' lang='lat' dir='ltr'>sacul-</span> 
     </span>
     <span class='ocr_line' id='line_1_68' title="bbox 1098 392 2037 443; baseline 0.002 -13"><span class='ocrx_word' id='word_1_471' title='bbox 1098 405 1162 430; x_wconf 91' lang='lat' dir='ltr'>tate</span> <span class='ocrx_word' id='word_1_472' title='bbox 1172 396 1334 437; x_wconf 84' lang='lat' dir='ltr'>resarciat,</span> <span class='ocrx_word' id='word_1_473' title='bbox 1363 397 1397 430; x_wconf 90' lang='lat'>&amp;</span> <span class='ocrx_word' id='word_1_474' title='bbox 1407 396 1519 430; x_wconf 78' lang='lat' dir='ltr'>similia</span> <span class='ocrx_word' id='word_1_475' title='bbox 1532 397 1564 430; x_wconf 86' lang='lat' dir='ltr'>in</span> <span class='ocrx_word' id='word_1_476' title='bbox 1578 396 1741 440; x_wconf 74' lang='lat' dir='ltr'>posterum</span> <span class='ocrx_word' id='word_1_477' title='bbox 1752 407 1865 432; x_wconf 91' lang='lat' dir='ltr'>cavere</span> <span class='ocrx_word' id='word_1_478' title='bbox 1873 392 2037 443; x_wconf 58' lang='lat' dir='ltr'>disponat?</span> 
     </span>
    </p>
   </div>
   <div class='ocr_carea' id='block_1_13' title="bbox 1071 445 2033 488">
    <p class='ocr_par' dir='ltr' id='par_1_18' title="bbox 1071 445 2033 488">
     <span class='ocr_line' id='line_1_69' title="bbox 1071 445 2033 488; baseline 0.006 -9"><span class='ocrx_word' id='word_1_479' title='bbox 1071 460 1075 466; x_wconf 91' lang='lat'><strong>·</strong></span> <span class='ocrx_word' id='word_1_480' title='bbox 1098 446 1131 479; x_wconf 90' lang='lat' dir='ltr'>Si</span> <span class='ocrx_word' id='word_1_481' title='bbox 1143 446 1221 480; x_wconf 79' lang='lat' dir='ltr'>vero</span> <span class='ocrx_word' id='word_1_482' title='bbox 1231 445 1403 480; x_wconf 83' lang='lat' dir='ltr'>memorati</span> <span class='ocrx_word' id='word_1_483' title='bbox 1413 446 1519 481; x_wconf 64' lang='lat' dir='ltr'>Sansti</span> <span class='ocrx_word' id='word_1_484' title='bbox 1531 458 1623 481; x_wconf 87' lang='lat' dir='ltr'>tanto</span> <span class='ocrx_word' id='word_1_485' title='bbox 1635 447 1787 482; x_wconf 88' lang='lat' dir='ltr'>Domino</span> <span class='ocrx_word' id='word_1_486' title='bbox 1797 471 1809 488; x_wconf 96' lang='lat'>,</span> <span class='ocrx_word' id='word_1_487' title='bbox 1834 458 1902 482; x_wconf 87' lang='lat' dir='ltr'>tam</span> <span class='ocrx_word' id='word_1_488' title='bbox 1912 450 2033 486; x_wconf 86' lang='lat' dir='ltr'>sincero</span> 
     </span>
    </p>
   </div>
   <div class='ocr_carea' id='block_1_14' title="bbox 1097 495 2055 3179">
    <p class='ocr_par' dir='ltr' id='par_1_19' title="bbox 1097 495 2055 3179">
     <span class='ocr_line' id='line_1_70' title="bbox 1097 495 2040 539; baseline 0.002 -11"><span class='ocrx_word' id='word_1_489' title='bbox 1097 496 1226 537; x_wconf 87' lang='lat' dir='ltr'>amico,</span> <span class='ocrx_word' id='word_1_490' title='bbox 1264 497 1339 530; x_wconf 59' lang='lat' dir='ltr'>victi</span> <span class='ocrx_word' id='word_1_491' title='bbox 1363 498 1415 539; x_wconf 88' lang='lat' dir='ltr'>spe</span> <span class='ocrx_word' id='word_1_492' title='bbox 1439 497 1493 530; x_wconf 91' lang='lat' dir='ltr'>vel</span> <span class='ocrx_word' id='word_1_493' title='bbox 1515 495 1656 536; x_wconf 88' lang='lat' dir='ltr'>timore,</span> <span class='ocrx_word' id='word_1_494' title='bbox 1681 497 1822 532; x_wconf 87' lang='lat' dir='ltr'>dicenda</span> <span class='ocrx_word' id='word_1_495' title='bbox 1845 498 2002 531; x_wconf 86' lang='lat' dir='ltr'>tacuerint</span> <span class='ocrx_word' id='word_1_496' title='bbox 2028 525 2040 539; x_wconf 81' lang='lat'>,</span> 
     </span>
     <span class='ocr_line' id='line_1_71' title="bbox 1097 545 2040 587; baseline 0.006 -10"><span class='ocrx_word' id='word_1_497' title='bbox 1097 546 1171 587; x_wconf 87' lang='lat' dir='ltr'>quis</span> <span class='ocrx_word' id='word_1_498' title='bbox 1193 557 1268 581; x_wconf 90' lang='lat' dir='ltr'>eum</span> <span class='ocrx_word' id='word_1_499' title='bbox 1294 546 1335 581; x_wconf 91' lang='lat' dir='ltr'>de</span> <span class='ocrx_word' id='word_1_500' title='bbox 1360 556 1476 586; x_wconf 85' lang='lat' dir='ltr'>caetero</span> <span class='ocrx_word' id='word_1_501' title='bbox 1495 545 1611 580; x_wconf 78' lang='lat' dir='ltr'>statuet</span> <span class='ocrx_word' id='word_1_502' title='bbox 1633 557 1748 582; x_wconf 87' lang='lat' dir='ltr'>contra</span> <span class='ocrx_word' id='word_1_503' title='bbox 1770 547 1888 582; x_wconf 85' lang='lat' dir='ltr'>faciem</span> <span class='ocrx_word' id='word_1_504' title='bbox 1910 549 1999 583; x_wconf 90' lang='lat' dir='ltr'>suam</span> <span class='ocrx_word' id='word_1_505' title='bbox 2026 551 2040 583; x_wconf 84' lang='lat'>?</span> 
     </span>
     <span class='ocr_line' id='line_1_72' title="bbox 1098 595 2038 642; baseline 0.003 -13"><span class='ocrx_word' id='word_1_506' title='bbox 1098 595 1183 642; x_wconf 77' lang='lat' dir='ltr'>Qis</span> <span class='ocrx_word' id='word_1_507' title='bbox 1195 597 1212 630; x_wconf 70' lang='lat' dir='ltr'>a</span> <span class='ocrx_word' id='word_1_508' title='bbox 1224 597 1404 639; x_wconf 78' lang='lat' dir='ltr'>domoejus</span> <span class='ocrx_word' id='word_1_509' title='bbox 1415 605 1535 631; x_wconf 87' lang='lat' dir='ltr'>avertet</span> <span class='ocrx_word' id='word_1_510' title='bbox 1545 595 1692 641; x_wconf 85' lang='lat' dir='ltr'>gladium</span> <span class='ocrx_word' id='word_1_511' title='bbox 1705 597 1869 640; x_wconf 90' lang='lat' dir='ltr'>Domini,</span> <span class='ocrx_word' id='word_1_512' title='bbox 1895 599 1954 642; x_wconf 87' lang='lat' dir='ltr'>qui</span> <span class='ocrx_word' id='word_1_513' title='bbox 1975 596 2038 632; x_wconf 83' lang='lat' dir='ltr'>Po·</span> 
     </span>
     <span class='ocr_line' id='line_1_73' title="bbox 1098 645 2040 692; baseline 0.004 -14"><span class='ocrx_word' id='word_1_514' title='bbox 1098 656 1202 680; x_wconf 79' lang='lat' dir='ltr'>tentes</span> <span class='ocrx_word' id='word_1_515' title='bbox 1213 645 1380 689; x_wconf 75' lang='lat' dir='ltr'>potentius</span> <span class='ocrx_word' id='word_1_516' title='bbox 1389 647 1507 691; x_wconf 89' lang='lat' dir='ltr'>punit,</span> <span class='ocrx_word' id='word_1_517' title='bbox 1534 656 1687 692; x_wconf 87' lang='lat' dir='ltr'>torquet,</span> <span class='ocrx_word' id='word_1_518' title='bbox 1712 648 1747 681; x_wconf 67' lang='grc' dir='ltr'>ὃς</span> <span class='ocrx_word' id='word_1_519' title='bbox 1765 649 1871 682; x_wconf 87' lang='lat' dir='ltr'>aufert</span> <span class='ocrx_word' id='word_1_520' title='bbox 1891 649 2040 692; x_wconf 86' lang='lat' dir='ltr'>spiritum</span> 
     </span>
     <span class='ocr_line' id='line_1_74' title="bbox 1097 694 2032 743; baseline 0.003 -16"><span class='ocrx_word' id='word_1_521' title='bbox 1097 694 1287 739; x_wconf 83' lang='lat' dir='ltr'>Principum</span> <span class='ocrx_word' id='word_1_522' title='bbox 1300 696 1317 728; x_wconf 67' lang='grc' dir='ltr'>,ἓ</span> <span class='ocrx_word' id='word_1_523' title='bbox 2030 741 2032 743; x_wconf 17' lang='lat' dir='ltr'>v</span> 
     </span>
     <span class='ocr_line' id='line_1_75' title="bbox 1147 745 2039 793; baseline 0.002 -13"><span class='ocrx_word' id='word_1_524' title='bbox 1147 746 1233 780; x_wconf 89' lang='lat' dir='ltr'>Ecce</span> <span class='ocrx_word' id='word_1_525' title='bbox 1267 757 1343 780; x_wconf 87' lang='lat' dir='ltr'>cum</span> <span class='ocrx_word' id='word_1_526' title='bbox 1378 745 1598 790; x_wconf 75' lang='lat' dir='ltr'>Theuto&#39;nico</span> <span class='ocrx_word' id='word_1_527' title='bbox 1623 758 1767 791; x_wconf 81' lang='lat' dir='ltr'>tyranno</span> <span class='ocrx_word' id='word_1_528' title='bbox 1792 746 1871 789; x_wconf 84' lang='lat' dir='ltr'>quid</span> <span class='ocrx_word' id='word_1_529' title='bbox 1896 747 2001 793; x_wconf 74' lang='lat' dir='ltr'>egerit</span> <span class='ocrx_word' id='word_1_530' title='bbox 2026 745 2039 789; x_wconf 81' lang='lat'>,</span> 
     </span>
     <span class='ocr_line' id='line_1_76' title="bbox 1097 793 2039 841; baseline 0.003 -12"><span class='ocrx_word' id='word_1_531' title='bbox 1097 799 1194 840; x_wconf 80' lang='lat' dir='ltr'>quem</span> <span class='ocrx_word' id='word_1_532' title='bbox 1206 819 1217 837; x_wconf 96' lang='lat'>,</span> <span class='ocrx_word' id='word_1_533' title='bbox 1241 796 1320 830; x_wconf 84' lang='lat' dir='ltr'>sicut</span> <span class='ocrx_word' id='word_1_534' title='bbox 1332 795 1416 831; x_wconf 88' lang='lat' dir='ltr'>fama</span> <span class='ocrx_word' id='word_1_535' title='bbox 1431 793 1566 841; x_wconf 57' lang='lat' dir='ltr'>publica</span> <span class='ocrx_word' id='word_1_536' title='bbox 1577 797 1622 832; x_wconf 80' lang='lat' dir='ltr'>est</span> <span class='ocrx_word' id='word_1_537' title='bbox 1637 797 1723 841; x_wconf 88' lang='lat' dir='ltr'>apud</span> <span class='ocrx_word' id='word_1_538' title='bbox 1735 808 1797 831; x_wconf 88' lang='lat' dir='ltr'>nos</span> <span class='ocrx_word' id='word_1_539' title='bbox 1808 821 1819 838; x_wconf 93' lang='lat'>‚</span> <span class='ocrx_word' id='word_1_540' title='bbox 1846 797 1935 832; x_wconf 90' lang='lat' dir='ltr'>velut</span> <span class='ocrx_word' id='word_1_541' title='bbox 1947 798 2039 832; x_wconf 89' lang='lat' dir='ltr'>illam</span> 
     </span>
     <span class='ocr_line' id='line_1_77' title="bbox 1099 843 2041 896; baseline 0.001 -16"><span class='ocrx_word' id='word_1_542' title='bbox 1099 847 1257 896; x_wconf 74' lang='lat' dir='ltr'>statuam,</span> <span class='ocrx_word' id='word_1_543' title='bbox 1281 857 1379 890; x_wconf 85' lang='lat' dir='ltr'>quam</span> <span class='ocrx_word' id='word_1_544' title='bbox 1404 843 1719 883; x_wconf 65' lang='lat' dir='ltr'>Nabuchodonosor</span> <span class='ocrx_word' id='word_1_545' title='bbox 1731 847 1815 882; x_wconf 90' lang='lat' dir='ltr'>vidit</span> <span class='ocrx_word' id='word_1_546' title='bbox 1825 847 1861 881; x_wconf 90' lang='lat' dir='ltr'>in</span> <span class='ocrx_word' id='word_1_547' title='bbox 1877 848 1998 881; x_wconf 79' lang='lat' dir='ltr'>somnis</span> <span class='ocrx_word' id='word_1_548' title='bbox 2026 871 2041 887; x_wconf 84' lang='lat'>,</span> 
     </span>
     <span class='ocr_line' id='line_1_78' title="bbox 1100 894 2037 942; baseline 0.001 -11"><span class='ocrx_word' id='word_1_549' title='bbox 1100 895 1239 941; x_wconf 88' lang='lat' dir='ltr'>podagra</span> <span class='ocrx_word' id='word_1_550' title='bbox 1260 896 1408 939; x_wconf 71' lang='lat' dir='ltr'>percussit</span> <span class='ocrx_word' id='word_1_551' title='bbox 1431 897 1466 931; x_wconf 89' lang='lat' dir='ltr'>in</span> <span class='ocrx_word' id='word_1_552' title='bbox 1486 894 1640 941; x_wconf 75' lang='lat' dir='ltr'>pedibus,</span> <span class='ocrx_word' id='word_1_553' title='bbox 1655 897 1701 932; x_wconf 64' lang='lat' dir='ltr'>*ut</span> <span class='ocrx_word' id='word_1_554' title='bbox 1711 897 1861 932; x_wconf 89' lang='lat' dir='ltr'>incedere</span> <span class='ocrx_word' id='word_1_555' title='bbox 1880 906 2037 942; x_wconf 87' lang='lat' dir='ltr'>nequeat,</span> 
     </span>
     <span class='ocr_line' id='line_1_79' title="bbox 1100 947 2042 992; baseline 0.001 -12"><span class='ocrx_word' id='word_1_556' title='bbox 1100 947 1157 980; x_wconf 90' lang='lat' dir='ltr'>nisi</span> <span class='ocrx_word' id='word_1_557' title='bbox 1182 947 1374 990; x_wconf 87' lang='lat' dir='ltr'>stipatorum</span> <span class='ocrx_word' id='word_1_558' title='bbox 1397 947 1524 982; x_wconf 83' lang='lat' dir='ltr'>auxilio</span> <span class='ocrx_word' id='word_1_559' title='bbox 1546 948 1720 982; x_wconf 86' lang='lat' dir='ltr'>fulciatur.</span> <span class='ocrx_word' id='word_1_560' title='bbox 1751 948 1796 982; x_wconf 90' lang='lat' dir='ltr'>Et</span> <span class='ocrx_word' id='word_1_561' title='bbox 1819 947 1953 992; x_wconf 87' lang='lat' dir='ltr'>quidem</span> <span class='ocrx_word' id='word_1_562' title='bbox 1972 948 2042 991; x_wconf 85' lang='lat' dir='ltr'>spes</span> 
     </span>
     <span class='ocr_line' id='line_1_80' title="bbox 1099 995 2041 1043; baseline 0.001 -13"><span class='ocrx_word' id='word_1_563' title='bbox 1099 996 1143 1030; x_wconf 87' lang='lat' dir='ltr'>est</span> <span class='ocrx_word' id='word_1_564' title='bbox 1155 1021 1165 1037; x_wconf 94' lang='lat'>‚</span> <span class='ocrx_word' id='word_1_565' title='bbox 1193 996 1274 1030; x_wconf 87' lang='lat' dir='ltr'>utin</span> <span class='ocrx_word' id='word_1_566' title='bbox 1288 995 1375 1030; x_wconf 87' lang='lat' dir='ltr'>brevi</span> <span class='ocrx_word' id='word_1_567' title='bbox 1390 1008 1495 1040; x_wconf 88' lang='lat' dir='ltr'>pateat</span> <span class='ocrx_word' id='word_1_568' title='bbox 1517 999 1618 1032; x_wconf 83' lang='lat' dir='ltr'>ruinae</span> <span class='ocrx_word' id='word_1_569' title='bbox 1633 1009 1758 1043; x_wconf 77' lang='lat' dir='ltr'>magnae</span> <span class='ocrx_word' id='word_1_570' title='bbox 1769 1022 1782 1039; x_wconf 92' lang='lat'>,</span> <span class='ocrx_word' id='word_1_571' title='bbox 1817 996 2016 1043; x_wconf 84' lang='lat' dir='ltr'>Christoque</span> <span class='ocrx_word' id='word_1_572' title='bbox 2028 1020 2041 1037; x_wconf 89' lang='lat'>‚</span> 
     </span>
     <span class='ocr_line' id='line_1_81' title="bbox 1099 1045 2043 1092; baseline 0.001 -13"><span class='ocrx_word' id='word_1_573' title='bbox 1099 1056 1194 1090; x_wconf 86' lang='lat' dir='ltr'>quem</span> <span class='ocrx_word' id='word_1_574' title='bbox 1219 1045 1252 1080; x_wconf 88' lang='lat' dir='ltr'>in</span> <span class='ocrx_word' id='word_1_575' title='bbox 1275 1046 1431 1082; x_wconf 85' lang='lat' dir='ltr'>membris</span> <span class='ocrx_word' id='word_1_576' title='bbox 1441 1047 1656 1092; x_wconf 86' lang='lat' dir='ltr'>persequitur,</span> <span class='ocrx_word' id='word_1_577' title='bbox 1682 1049 1761 1082; x_wconf 89' lang='lat' dir='ltr'>dum</span> <span class='ocrx_word' id='word_1_578' title='bbox 1783 1046 1966 1083; x_wconf 86' lang='lat' dir='ltr'>libertatem</span> <span class='ocrx_word' id='word_1_579' title='bbox 1979 1047 2043 1081; x_wconf 88' lang='lat' dir='ltr'>Ec·</span> 
     </span>
     <span class='ocr_line' id='line_1_82' title="bbox 1099 1094 2045 1144; baseline 0.001 -15"><span class='ocrx_word' id='word_1_580' title='bbox 1099 1097 1198 1130; x_wconf 85' lang='lat' dir='ltr'>clefiae</span> <span class='ocrx_word' id='word_1_581' title='bbox 1209 1094 1387 1131; x_wconf 86' lang='lat' dir='ltr'>subvertere</span> <span class='ocrx_word' id='word_1_582' title='bbox 1408 1098 1522 1141; x_wconf 84' lang='lat' dir='ltr'>quaerit</span> <span class='ocrx_word' id='word_1_583' title='bbox 1534 1123 1544 1139; x_wconf 88' lang='lat'>‚</span> <span class='ocrx_word' id='word_1_584' title='bbox 1571 1099 1730 1133; x_wconf 86' lang='lat' dir='ltr'>concedat</span> <span class='ocrx_word' id='word_1_585' title='bbox 1741 1098 1882 1144; x_wconf 84' lang='lat' dir='ltr'>gloriam</span> <span class='ocrx_word' id='word_1_586' title='bbox 1895 1098 1947 1132; x_wconf 86' lang='lat' dir='ltr'>vel</span> <span class='ocrx_word' id='word_1_587' title='bbox 1961 1096 2045 1131; x_wconf 86' lang='lat' dir='ltr'>invi-</span> 
     </span>
     <span class='ocr_line' id='line_1_83' title="bbox 1099 1146 2042 1192; baseline 0.002 -14"><span class='ocrx_word' id='word_1_588' title='bbox 1099 1157 1167 1179; x_wconf 88' lang='lat' dir='ltr'>tus.</span> <span class='ocrx_word' id='word_1_589' title='bbox 1199 1147 1379 1181; x_wconf 84' lang='lat' dir='ltr'>iterantem</span> <span class='ocrx_word' id='word_1_590' title='bbox 1404 1147 1769 1192; x_wconf 76' lang='lat' dir='ltr'>Hierosolymitanum,</span> <span class='ocrx_word' id='word_1_591' title='bbox 1795 1147 1914 1190; x_wconf 68' lang='lat' dir='ltr'>quoda</span> <span class='ocrx_word' id='word_1_592' title='bbox 1939 1146 2042 1190; x_wconf 87' lang='lat' dir='ltr'>Regi·</span> 
     </span>
     <span class='ocr_line' id='line_1_84' title="bbox 1101 1196 2042 1240; baseline 0 -12"><span class='ocrx_word' id='word_1_593' title='bbox 1101 1196 1159 1228; x_wconf 90' lang='lat' dir='ltr'>bus</span> <span class='ocrx_word' id='word_1_594' title='bbox 1171 1196 1357 1239; x_wconf 71' lang='lat' dir='ltr'>dispositum</span> <span class='ocrx_word' id='word_1_595' title='bbox 1369 1197 1437 1237; x_wconf 57' lang='lat' dir='ltr'>est,</span> <span class='ocrx_word' id='word_1_596' title='bbox 1464 1198 1542 1240; x_wconf 89' lang='lat' dir='ltr'>quid</span> <span class='ocrx_word' id='word_1_597' title='bbox 1561 1197 1721 1240; x_wconf 88' lang='lat' dir='ltr'>proderit,</span> <span class='ocrx_word' id='word_1_598' title='bbox 1748 1199 1770 1231; x_wconf 85' lang='lat' dir='ltr'>si</span> <span class='ocrx_word' id='word_1_599' title='bbox 1796 1209 1863 1231; x_wconf 89' lang='lat' dir='ltr'>non</span> <span class='ocrx_word' id='word_1_600' title='bbox 1889 1205 1967 1231; x_wconf 87' lang='lat' dir='ltr'>ante</span> <span class='ocrx_word' id='word_1_601' title='bbox 1979 1207 2042 1238; x_wconf 81' lang='lat' dir='ltr'>pax</span> 
     </span>
     <span class='ocr_line' id='line_1_85' title="bbox 1100 1244 2041 1280; baseline 0 -2"><span class='ocrx_word' id='word_1_602' title='bbox 1100 1246 1249 1278; x_wconf 83' lang='lat' dir='ltr'>reddatur</span> <span class='ocrx_word' id='word_1_603' title='bbox 1273 1245 1442 1279; x_wconf 85' lang='lat' dir='ltr'>Ecclesi&#39;ae?</span> <span class='ocrx_word' id='word_1_604' title='bbox 1468 1248 1557 1279; x_wconf 89' lang='lat' dir='ltr'>Nam</span> <span class='ocrx_word' id='word_1_605' title='bbox 1580 1257 1655 1279; x_wconf 90' lang='lat' dir='ltr'>cum</span> <span class='ocrx_word' id='word_1_606' title='bbox 1666 1255 1758 1279; x_wconf 79' lang='lat' dir='ltr'>aetate</span> <span class='ocrx_word' id='word_1_607' title='bbox 1782 1246 1889 1280; x_wconf 80' lang='lat' dir='ltr'>nostra</span> <span class='ocrx_word' id='word_1_608' title='bbox 1905 1244 2041 1280; x_wconf 80' lang='lat' dir='ltr'>maximi</span> 
     </span>
     <span class='ocr_line' id='line_1_86' title="bbox 1098 1293 2044 1338; baseline 0 -10"><span class='ocrx_word' id='word_1_609' title='bbox 1098 1294 1273 1337; x_wconf 87' lang='lat' dir='ltr'>&amp;plurimi</span> <span class='ocrx_word' id='word_1_610' title='bbox 1293 1293 1457 1338; x_wconf 76' lang='lat' dir='ltr'>Principes</span> <span class='ocrx_word' id='word_1_611' title='bbox 1478 1295 1612 1328; x_wconf 85' lang='lat' dir='ltr'>fimilem</span> <span class='ocrx_word' id='word_1_612' title='bbox 1647 1296 1938 1337; x_wconf 77' lang='lat' dir='ltr'>peregrlnationem</span> <span class='ocrx_word' id='word_1_613' title='bbox 1962 1295 2044 1328; x_wconf 84' lang='lat' dir='ltr'>fuis-</span> 
     </span>
     <span class='ocr_line' id='line_1_87' title="bbox 1100 1344 2045 1389; baseline 0.001 -12"><span class='ocrx_word' id='word_1_614' title='bbox 1100 1344 1333 1389; x_wconf 85' lang='lat' dir='ltr'>sentaggreffi‚</span> <span class='ocrx_word' id='word_1_615' title='bbox 1359 1345 1406 1378; x_wconf 90' lang='lat' dir='ltr'>rei</span> <span class='ocrx_word' id='word_1_616' title='bbox 1427 1345 1624 1378; x_wconf 83' lang='lat' dir='ltr'>miserrimus</span> <span class='ocrx_word' id='word_1_617' title='bbox 1642 1345 1675 1378; x_wconf 75' lang='grc' dir='ltr'>δε</span> <span class='ocrx_word' id='word_1_618' title='bbox 1711 1345 1861 1378; x_wconf 75' lang='lat' dir='ltr'>Ecclefiae</span> <span class='ocrx_word' id='word_1_619' title='bbox 1882 1344 2045 1379; x_wconf 84' lang='lat' dir='ltr'>dolendus</span> 
     </span>
     <span class='ocr_line' id='line_1_88' title="bbox 1099 1393 2045 1439; baseline 0.001 -12"><span class='ocrx_word' id='word_1_620' title='bbox 1099 1405 1234 1428; x_wconf 87' lang='lat' dir='ltr'>eventus</span> <span class='ocrx_word' id='word_1_621' title='bbox 1247 1394 1359 1428; x_wconf 90' lang='lat' dir='ltr'>docuit</span> <span class='ocrx_word' id='word_1_622' title='bbox 1380 1393 1420 1427; x_wconf 88' lang='lat' dir='ltr'>de</span> <span class='ocrx_word' id='word_1_623' title='bbox 1445 1395 1564 1439; x_wconf 87' lang='lat' dir='ltr'>rapinis</span> <span class='ocrx_word' id='word_1_624' title='bbox 1588 1394 1758 1437; x_wconf 79' lang='lat' dir='ltr'>&amp;injuriis</span> <span class='ocrx_word' id='word_1_625' title='bbox 1779 1393 1888 1429; x_wconf 87' lang='lat' dir='ltr'>oblata</span> <span class='ocrx_word' id='word_1_626' title='bbox 1910 1405 2045 1428; x_wconf 77' lang='lat' dir='ltr'>munera</span> 
     </span>
     <span class='ocr_line' id='line_1_89' title="bbox 1102 1443 2044 1488; baseline -0.001 -10"><span class='ocrx_word' id='word_1_627' title='bbox 1102 1445 1252 1479; x_wconf 88' lang='lat' dir='ltr'>Domino</span> <span class='ocrx_word' id='word_1_628' title='bbox 1275 1453 1342 1478; x_wconf 86' lang='lat' dir='ltr'>non</span> <span class='ocrx_word' id='word_1_629' title='bbox 1367 1445 1511 1487; x_wconf 85' lang='lat' dir='ltr'>placere,</span> <span class='ocrx_word' id='word_1_630' title='bbox 1532 1445 1614 1478; x_wconf 71' lang='lat' dir='ltr'>dum</span> <span class='ocrx_word' id='word_1_631' title='bbox 1641 1446 1762 1488; x_wconf 79' lang='lat' dir='ltr'>ingrati</span> <span class='ocrx_word' id='word_1_632' title='bbox 1784 1444 1874 1478; x_wconf 90' lang='lat' dir='ltr'>labor</span> <span class='ocrx_word' id='word_1_633' title='bbox 1895 1443 2044 1487; x_wconf 85' lang='lat' dir='ltr'>obsequii</span> 
     </span>
     <span class='ocr_line' id='line_1_90' title="bbox 1104 1493 2036 1537; baseline 0.001 -11"><span class='ocrx_word' id='word_1_634' title='bbox 1104 1495 1224 1537; x_wconf 88' lang='lat' dir='ltr'>prorsus</span> <span class='ocrx_word' id='word_1_635' title='bbox 1238 1495 1269 1526; x_wconf 92' lang='lat' dir='ltr'>in</span> <span class='ocrx_word' id='word_1_636' title='bbox 1282 1494 1482 1527; x_wconf 68' lang='lat' dir='ltr'>contrarium</span> <span class='ocrx_word' id='word_1_637' title='bbox 1507 1494 1670 1537; x_wconf 85' lang='lat' dir='ltr'>proposito</span> <span class='ocrx_word' id='word_1_638' title='bbox 1683 1493 1770 1528; x_wconf 84' lang='lat' dir='ltr'>ceffit</span> <span class='ocrx_word' id='word_1_639' title='bbox 1781 1505 1951 1537; x_wconf 79' lang='lat' dir='ltr'>eventum.</span> <span class='ocrx_word' id='word_1_640' title='bbox 1979 1495 2036 1527; x_wconf 88' lang='lat' dir='ltr'>Sui</span> 
     </span>
     <span class='ocr_line' id='line_1_91' title="bbox 1105 1542 2046 1586; baseline 0 -9"><span class='ocrx_word' id='word_1_641' title='bbox 1105 1543 1383 1579; x_wconf 65' lang='lat' dir='ltr'>inconsolabiliter</span> <span class='ocrx_word' id='word_1_642' title='bbox 1394 1543 1509 1586; x_wconf 83' lang='lat' dir='ltr'>lugent</span> <span class='ocrx_word' id='word_1_643' title='bbox 1529 1542 1677 1576; x_wconf 58' lang='lat' dir='ltr'>similiterss</span> <span class='ocrx_word' id='word_1_644' title='bbox 1693 1544 1897 1578; x_wconf 87' lang='lat' dir='ltr'>incedentem</span> <span class='ocrx_word' id='word_1_645' title='bbox 1909 1567 1918 1582; x_wconf 86' lang='lat'>‚</span> <span class='ocrx_word' id='word_1_646' title='bbox 1943 1544 1977 1577; x_wconf 89' lang='lat'>&amp;</span> <span class='ocrx_word' id='word_1_647' title='bbox 1992 1555 2046 1585; x_wconf 83' lang='lat' dir='ltr'>pa·</span> 
     </span>
     <span class='ocr_line' id='line_1_92' title="bbox 1104 1592 2045 1637; baseline 0.001 -12"><span class='ocrx_word' id='word_1_648' title='bbox 1104 1593 1236 1626; x_wconf 77' lang='lat' dir='ltr'>rientem</span> <span class='ocrx_word' id='word_1_649' title='bbox 1261 1592 1373 1626; x_wconf 77' lang='lat' dir='ltr'>similia</span> <span class='ocrx_word' id='word_1_650' title='bbox 1394 1592 1548 1627; x_wconf 75' lang='lat' dir='ltr'>comitem</span> <span class='ocrx_word' id='word_1_651' title='bbox 1568 1593 1826 1637; x_wconf 79' lang='lat' dir='ltr'>Nivernensem:</span> <span class='ocrx_word' id='word_1_652' title='bbox 1854 1605 1950 1637; x_wconf 87' lang='lat' dir='ltr'>quem</span> <span class='ocrx_word' id='word_1_653' title='bbox 1975 1598 2045 1626; x_wconf 81' lang='lat' dir='ltr'>non</span> 
     </span>
     <span class='ocr_line' id='line_1_93' title="bbox 1107 1641 2046 1686; baseline 0.002 -11"><span class='ocrx_word' id='word_1_654' title='bbox 1107 1641 1301 1676; x_wconf 86' lang='lat' dir='ltr'>Parthorum</span> <span class='ocrx_word' id='word_1_655' title='bbox 1322 1641 1452 1684; x_wconf 86' lang='lat' dir='ltr'>jacula,</span> <span class='ocrx_word' id='word_1_656' title='bbox 1477 1648 1548 1674; x_wconf 55' lang='lat' dir='ltr'>non*</span> <span class='ocrx_word' id='word_1_657' title='bbox 1576 1641 1860 1686; x_wconf 79' lang='lat' dir='ltr'>Syrorum-gladii</span> <span class='ocrx_word' id='word_1_658' title='bbox 1882 1667 1892 1681; x_wconf 92' lang='lat'>,</span> <span class='ocrx_word' id='word_1_659' title='bbox 1930 1653 1965 1676; x_wconf 89' lang='lat' dir='ltr'>ut</span> <span class='ocrx_word' id='word_1_660' title='bbox 1985 1654 2046 1677; x_wconf 86' lang='lat' dir='ltr'>nec</span> 
     </span>
     <span class='ocr_line' id='line_1_94' title="bbox 1104 1689 2048 1734; baseline 0.001 -10"><span class='ocrx_word' id='word_1_661' title='bbox 1104 1692 1243 1734; x_wconf 84' lang='lat' dir='ltr'>gloriosa</span> <span class='ocrx_word' id='word_1_662' title='bbox 1256 1701 1341 1723; x_wconf 88' lang='lat' dir='ltr'>mors</span> <span class='ocrx_word' id='word_1_663' title='bbox 1353 1691 1411 1723; x_wconf 86' lang='lat' dir='ltr'>viri</span> <span class='ocrx_word' id='word_1_664' title='bbox 1433 1690 1528 1722; x_wconf 86' lang='lat' dir='ltr'>fortis</span> <span class='ocrx_word' id='word_1_665' title='bbox 1539 1689 1662 1731; x_wconf 83' lang='lat' dir='ltr'>aliquid</span> <span class='ocrx_word' id='word_1_666' title='bbox 1685 1691 1922 1724; x_wconf 86' lang='lat' dir='ltr'>consolationis</span> <span class='ocrx_word' id='word_1_667' title='bbox 1943 1693 2048 1725; x_wconf 83' lang='lat' dir='ltr'>adfer-</span> 
     </span>
     <span class='ocr_line' id='line_1_95' title="bbox 1105 1737 2051 1784; baseline 0.004 -13"><span class='ocrx_word' id='word_1_668' title='bbox 1105 1748 1173 1778; x_wconf 87' lang='lat' dir='ltr'>ret,</span> <span class='ocrx_word' id='word_1_669' title='bbox 1201 1739 1252 1771; x_wconf 90' lang='lat' dir='ltr'>sed</span> <span class='ocrx_word' id='word_1_670' title='bbox 1270 1737 1642 1780; x_wconf 83' lang='lat' dir='ltr'>lachrymaeviduarum,</span> <span class='ocrx_word' id='word_1_671' title='bbox 1670 1745 1844 1782; x_wconf 86' lang='lat' dir='ltr'>pauperum</span> <span class='ocrx_word' id='word_1_672' title='bbox 1867 1742 2009 1784; x_wconf 89' lang='lat' dir='ltr'>gemitus</span> <span class='ocrx_word' id='word_1_673' title='bbox 2040 1765 2051 1780; x_wconf 92' lang='lat'>‚</span> 
     </span>
     <span class='ocr_line' id='line_1_96' title="bbox 1107 1787 2051 1835; baseline 0.004 -14"><span class='ocrx_word' id='word_1_674' title='bbox 1107 1787 1319 1821; x_wconf 82' lang='lat' dir='ltr'>Ecclefiarum</span> <span class='ocrx_word' id='word_1_675' title='bbox 1336 1787 1472 1830; x_wconf 86' lang='lat' dir='ltr'>querelae</span> <span class='ocrx_word' id='word_1_676' title='bbox 1494 1787 1674 1833; x_wconf 86' lang='lat' dir='ltr'>inglorium</span> <span class='ocrx_word' id='word_1_677' title='bbox 1692 1787 1869 1835; x_wconf 85' lang='lat' dir='ltr'>creduntur</span> <span class='ocrx_word' id='word_1_678' title='bbox 1896 1791 2051 1825; x_wconf 82' lang='lat' dir='ltr'>extinxis-</span> 
     </span>
     <span class='ocr_line' id='line_1_97' title="bbox 1105 1836 2053 1884; baseline 0.004 -14"><span class='ocrx_word' id='word_1_679' title='bbox 1105 1838 1135 1870; x_wconf 88' lang='lat' dir='ltr'>se</span> <span class='ocrx_word' id='word_1_680' title='bbox 1151 1862 1158 1870; x_wconf 88' lang='lat'><strong>.</strong></span> <span class='ocrx_word' id='word_1_681' title='bbox 1181 1836 1275 1871; x_wconf 72' lang='lat' dir='ltr'>Licet</span> <span class='ocrx_word' id='word_1_682' title='bbox 1286 1848 1395 1871; x_wconf 88' lang='lat' dir='ltr'>autem</span> <span class='ocrx_word' id='word_1_683' title='bbox 1408 1838 1488 1870; x_wconf 84' lang='lat' dir='ltr'>sitin</span> <span class='ocrx_word' id='word_1_684' title='bbox 1503 1838 1602 1873; x_wconf 88' lang='lat' dir='ltr'>finem</span> <span class='ocrx_word' id='word_1_685' title='bbox 1626 1837 1751 1872; x_wconf 89' lang='lat' dir='ltr'>biennii</span> <span class='ocrx_word' id='word_1_686' title='bbox 1774 1850 1961 1874; x_wconf 72' lang='lat' dir='ltr'>memoratae</span> <span class='ocrx_word' id='word_1_687' title='bbox 1983 1852 2053 1884; x_wconf 90' lang='lat' dir='ltr'>pro·</span> 
     </span>
     <span class='ocr_line' id='line_1_98' title="bbox 1105 1886 2049 1928; baseline 0.005 -8"><span class='ocrx_word' id='word_1_688' title='bbox 1105 1886 1254 1920; x_wconf 65' lang='lat' dir='ltr'>festionis</span> <span class='ocrx_word' id='word_1_689' title='bbox 1274 1887 1372 1921; x_wconf 86' lang='lat' dir='ltr'>dilata</span> <span class='ocrx_word' id='word_1_690' title='bbox 1396 1887 1560 1922; x_wconf 71' lang='lat' dir='ltr'>necessitas</span> <span class='ocrx_word' id='word_1_691' title='bbox 1574 1914 1584 1928; x_wconf 95' lang='lat'>,</span> <span class='ocrx_word' id='word_1_692' title='bbox 1610 1897 1720 1922; x_wconf 86' lang='lat' dir='ltr'>tamen</span> <span class='ocrx_word' id='word_1_693' title='bbox 1742 1889 1763 1921; x_wconf 87' lang='lat' dir='ltr'>fi</span> <span class='ocrx_word' id='word_1_694' title='bbox 1789 1899 1864 1923; x_wconf 83' lang='lat' dir='ltr'>ante</span> <span class='ocrx_word' id='word_1_695' title='bbox 1887 1887 2049 1925; x_wconf 70' lang='lat' dir='ltr'>honoreris</span> 
     </span>
     <span class='ocr_line' id='line_1_99' title="bbox 1104 1936 2055 1983; baseline 0.004 -13"><span class='ocrx_word' id='word_1_696' title='bbox 1104 1937 1215 1971; x_wconf 86' lang='lat' dir='ltr'>Dei&amp;</span> <span class='ocrx_word' id='word_1_697' title='bbox 1228 1936 1482 1981; x_wconf 84' lang='lat' dir='ltr'>demigrantium</span> <span class='ocrx_word' id='word_1_698' title='bbox 1497 1938 1633 1972; x_wconf 89' lang='lat' dir='ltr'>salutem</span> <span class='ocrx_word' id='word_1_699' title='bbox 1657 1936 1803 1972; x_wconf 89' lang='lat' dir='ltr'>inchoari</span> <span class='ocrx_word' id='word_1_700' title='bbox 1816 1938 1911 1973; x_wconf 87' lang='lat' dir='ltr'>debet</span> <span class='ocrx_word' id='word_1_701' title='bbox 1934 1950 1990 1974; x_wconf 88' lang='lat' dir='ltr'>aut</span> <span class='ocrx_word' id='word_1_702' title='bbox 2002 1951 2055 1983; x_wconf 58' lang='lat' dir='ltr'>pe-&#39;</span> 
     </span>
     <span class='ocr_line' id='line_1_100' title="bbox 1105 1987 2050 2032; baseline 0.004 -14"><span class='ocrx_word' id='word_1_703' title='bbox 1105 1988 1172 2030; x_wconf 85' lang='lat' dir='ltr'>tagi</span> <span class='ocrx_word' id='word_1_704' title='bbox 1183 2011 1193 2026; x_wconf 91' lang='lat'>,</span> <span class='ocrx_word' id='word_1_705' title='bbox 1219 1997 1346 2029; x_wconf 83' lang='lat' dir='ltr'>tempus</span> <span class='ocrx_word' id='word_1_706' title='bbox 1360 1987 1452 2020; x_wconf 85' lang='lat' dir='ltr'>breve</span> <span class='ocrx_word' id='word_1_707' title='bbox 1466 1987 1511 2019; x_wconf 87' lang='lat' dir='ltr'>est</span> <span class='ocrx_word' id='word_1_708' title='bbox 1524 2012 1531 2018; x_wconf 93' lang='lat'><strong>.</strong></span> <span class='ocrx_word' id='word_1_709' title='bbox 1559 1988 1648 2021; x_wconf 86' lang='lat' dir='ltr'>Nam</span> <span class='ocrx_word' id='word_1_710' title='bbox 1661 1989 1833 2032; x_wconf 88' lang='lat' dir='ltr'>proverbio</span> <span class='ocrx_word' id='word_1_711' title='bbox 1848 1989 2050 2024; x_wconf 89' lang='lat' dir='ltr'>Francorum</span> 
     </span>
     <span class='ocr_line' id='line_1_101' title="bbox 1104 2036 2055 2071; baseline 0.003 -3"><span class='ocrx_word' id='word_1_712' title='bbox 1104 2036 1170 2069; x_wconf 90' lang='lat' dir='ltr'>dici</span> <span class='ocrx_word' id='word_1_713' title='bbox 1185 2036 1265 2070; x_wconf 90' lang='lat' dir='ltr'>solet</span> <span class='ocrx_word' id='word_1_714' title='bbox 1279 2050 1290 2069; x_wconf 91' lang='lat'>.·</span> <span class='ocrx_word' id='word_1_715' title='bbox 1316 2038 1412 2069; x_wconf 77' lang='lat' dir='ltr'>stulto</span> <span class='ocrx_word' id='word_1_716' title='bbox 1436 2038 1596 2071; x_wconf 76' lang='lat' dir='ltr'>dormiente</span> <span class='ocrx_word' id='word_1_717' title='bbox 1623 2043 1769 2071; x_wconf 73' lang='lat' dir='ltr'>terminus</span> <span class='ocrx_word' id='word_1_718' title='bbox 1792 2039 1960 2071; x_wconf 76' lang='lat' dir='ltr'>creditoris</span> <span class='ocrx_word' id='word_1_719' title='bbox 1974 2051 2055 2071; x_wconf 83' lang='lat' dir='ltr'>acce·</span> 
     </span>
     <span class='ocr_line' id='line_1_102' title="bbox 1104 2086 2052 2127; baseline 0.004 -8"><span class='ocrx_word' id='word_1_720' title='bbox 1104 2086 1195 2119; x_wconf 76' lang='lat' dir='ltr'>lem.</span> <span class='ocrx_word' id='word_1_721' title='bbox 1221 2087 1356 2121; x_wconf 90' lang='lat' dir='ltr'>Dormit</span> <span class='ocrx_word' id='word_1_722' title='bbox 1370 2086 1484 2121; x_wconf 79' lang='lat' dir='ltr'>stultus</span> <span class='ocrx_word' id='word_1_723' title='bbox 1496 2111 1506 2127; x_wconf 94' lang='lat'>,</span> <span class='ocrx_word' id='word_1_724' title='bbox 1518 2087 1571 2122; x_wconf 88' lang='lat' dir='ltr'>sed</span> <span class='ocrx_word' id='word_1_725' title='bbox 1582 2088 1682 2122; x_wconf 84' lang='lat' dir='ltr'>usurae</span> <span class='ocrx_word' id='word_1_726' title='bbox 1695 2100 1763 2122; x_wconf 89' lang='lat' dir='ltr'>non</span> <span class='ocrx_word' id='word_1_727' title='bbox 1772 2086 1939 2123; x_wconf 85' lang='lat' dir='ltr'>dormiunt</span> <span class='ocrx_word' id='word_1_728' title='bbox 1955 2114 1961 2120; x_wconf 93' lang='lat'><strong>.</strong></span> <span class='ocrx_word' id='word_1_729' title='bbox 1991 2089 2052 2123; x_wconf 86' lang='lat' dir='ltr'>Sed</span> 
     </span>
     <span class='ocr_line' id='line_1_103' title="bbox 1105 2131 2054 2182; baseline 0.005 -14"><span class='ocrx_word' id='word_1_730' title='bbox 1105 2135 1184 2179; x_wconf 83' lang='lat' dir='ltr'>quid</span> <span class='ocrx_word' id='word_1_731' title='bbox 1193 2136 1239 2169; x_wconf 89' lang='lat' dir='ltr'>est</span> <span class='ocrx_word' id='word_1_732' title='bbox 1252 2136 1341 2179; x_wconf 86' lang='lat' dir='ltr'>quod</span> <span class='ocrx_word' id='word_1_733' title='bbox 1353 2147 1410 2170; x_wconf 89' lang='lat' dir='ltr'>vos</span> <span class='ocrx_word' id='word_1_734' title='bbox 1423 2138 1457 2170; x_wconf 90' lang='lat' dir='ltr'>in</span> <span class='ocrx_word' id='word_1_735' title='bbox 1469 2136 1529 2171; x_wconf 84' lang='lat' dir='ltr'>hac</span> <span class='ocrx_word' id='word_1_736' title='bbox 1541 2147 1629 2182; x_wconf 88' lang='lat' dir='ltr'>parte</span> <span class='ocrx_word' id='word_1_737' title='bbox 1639 2131 1795 2179; x_wconf 87' lang='lat' dir='ltr'>sollicito,</span> <span class='ocrx_word' id='word_1_738' title='bbox 1805 2138 1862 2180; x_wconf 89' lang='lat' dir='ltr'>qui</span> <span class='ocrx_word' id='word_1_739' title='bbox 1875 2137 2054 2173; x_wconf 81' lang='lat' dir='ltr'>indesinen-</span> 
     </span>
     <span class='ocr_line' id='line_1_104' title="bbox 1105 2184 2051 2234; baseline 0.005 -16"><span class='ocrx_word' id='word_1_740' title='bbox 1105 2186 1301 2227; x_wconf 85' lang='lat' dir='ltr'>ter&amp;supra</span> <span class='ocrx_word' id='word_1_741' title='bbox 1323 2184 1405 2219; x_wconf 90' lang='lat' dir='ltr'>vires</span> <span class='ocrx_word' id='word_1_742' title='bbox 1430 2186 1514 2220; x_wconf 88' lang='lat' dir='ltr'>hanc</span> <span class='ocrx_word' id='word_1_743' title='bbox 1537 2188 1793 2222; x_wconf 78' lang='lat' dir='ltr'>sollicitudinem</span> <span class='ocrx_word' id='word_1_744' title='bbox 1819 2189 1954 2234; x_wconf 83' lang='lat' dir='ltr'>geritis,</span> <span class='ocrx_word' id='word_1_745' title='bbox 1992 2189 2051 2223; x_wconf 79' lang='lat' dir='ltr'>nisi</span> 
     </span>
     <span class='ocr_line' id='line_1_105' title="bbox 1105 2235 2053 2284; baseline 0.007 -17"><span class='ocrx_word' id='word_1_746' title='bbox 1105 2235 1194 2278; x_wconf 89' lang='lat' dir='ltr'>quod</span> <span class='ocrx_word' id='word_1_747' title='bbox 1209 2235 1276 2268; x_wconf 90' lang='lat' dir='ltr'>scio</span> <span class='ocrx_word' id='word_1_748' title='bbox 1289 2245 1346 2269; x_wconf 88' lang='lat' dir='ltr'>vos</span> <span class='ocrx_word' id='word_1_749' title='bbox 1371 2236 1508 2268; x_wconf 82' lang='lat' dir='ltr'>inultam</span> <span class='ocrx_word' id='word_1_750' title='bbox 1531 2238 1571 2270; x_wconf 85' lang='lat' dir='ltr'>ad</span> <span class='ocrx_word' id='word_1_751' title='bbox 1594 2248 1723 2271; x_wconf 84' lang='lat' dir='ltr'>tanturn</span> <span class='ocrx_word' id='word_1_752' title='bbox 1746 2237 1932 2284; x_wconf 86' lang='lat' dir='ltr'>Principem</span> <span class='ocrx_word' id='word_1_753' title='bbox 1946 2263 1957 2280; x_wconf 91' lang='lat'>,</span> <span class='ocrx_word' id='word_1_754' title='bbox 1983 2248 2053 2274; x_wconf 90' lang='lat' dir='ltr'>tam</span> 
     </span>
     <span class='ocr_line' id='line_1_106' title="bbox 1107 2284 2053 2331; baseline 0.007 -14"><span class='ocrx_word' id='word_1_755' title='bbox 1107 2286 1230 2318; x_wconf 86' lang='lat' dir='ltr'>bonum</span> <span class='ocrx_word' id='word_1_756' title='bbox 1254 2284 1441 2318; x_wconf 87' lang='lat' dir='ltr'>Dominum</span> <span class='ocrx_word' id='word_1_757' title='bbox 1460 2284 1583 2331; x_wconf 79' lang='lat' dir='ltr'>habere</span> <span class='ocrx_word' id='word_1_758' title='bbox 1605 2285 1818 2330; x_wconf 83' lang='lat' dir='ltr'>charitatem,</span> <span class='ocrx_word' id='word_1_759' title='bbox 1855 2298 1893 2323; x_wconf 90' lang='lat' dir='ltr'>ut</span> <span class='ocrx_word' id='word_1_760' title='bbox 1914 2289 2053 2324; x_wconf 89' lang='lat' dir='ltr'>salutem</span> 
     </span>
     <span class='ocr_line' id='line_1_107' title="bbox 1105 2333 2052 2383; baseline 0.006 -15"><span class='ocrx_word' id='word_1_761' title='bbox 1105 2335 1173 2377; x_wconf 82' lang='lat' dir='ltr'>ejus</span> <span class='ocrx_word' id='word_1_762' title='bbox 1185 2336 1217 2369; x_wconf 72' lang='grc' dir='ltr'>ὅ(</span> <span class='ocrx_word' id='word_1_763' title='bbox 1230 2333 1389 2368; x_wconf 86' lang='lat' dir='ltr'>honorem</span> <span class='ocrx_word' id='word_1_764' title='bbox 1402 2359 1412 2377; x_wconf 86' lang='lat'>,</span> <span class='ocrx_word' id='word_1_765' title='bbox 1439 2335 1528 2379; x_wconf 88' lang='lat' dir='ltr'>quod</span> <span class='ocrx_word' id='word_1_766' title='bbox 1543 2334 1677 2382; x_wconf 87' lang='lat' dir='ltr'>quidem</span> <span class='ocrx_word' id='word_1_767' title='bbox 1688 2337 1722 2373; x_wconf 70' lang='grc' dir='ltr'>ὃς</span> <span class='ocrx_word' id='word_1_768' title='bbox 1731 2349 1794 2383; x_wconf 84' lang='lat' dir='ltr'>ego</span> <span class='ocrx_word' id='word_1_769' title='bbox 1805 2339 1893 2376; x_wconf 89' lang='lat' dir='ltr'>facio</span> <span class='ocrx_word' id='word_1_770' title='bbox 1906 2365 1916 2381; x_wconf 95' lang='lat'>‚</span> <span class='ocrx_word' id='word_1_771' title='bbox 1943 2340 2052 2383; x_wconf 85' lang='lat' dir='ltr'>cupia-</span> 
     </span>
     <span class='ocr_line' id='line_1_108' title="bbox 1106 2385 1373 2419; baseline 0.004 -1"><span class='ocrx_word' id='word_1_772' title='bbox 1106 2385 1148 2418; x_wconf 88' lang='lat' dir='ltr'>tis</span> <span class='ocrx_word' id='word_1_773' title='bbox 1160 2396 1195 2418; x_wconf 89' lang='lat' dir='ltr'>ut</span> <span class='ocrx_word' id='word_1_774' title='bbox 1207 2385 1373 2419; x_wconf 81' lang='lat' dir='ltr'>vestrum?</span> 
     </span>
     <span class='ocr_line' id='line_1_109' title="bbox 1122 2434 2052 2480; baseline 0.003 -11"><span class='ocrx_word' id='word_1_775' title='bbox 1122 2434 1125 2437; x_wconf 82' lang='grc'><strong>’</strong></span> <span class='ocrx_word' id='word_1_776' title='bbox 1155 2435 1217 2469; x_wconf 92' lang='lat' dir='ltr'>Vir</span> <span class='ocrx_word' id='word_1_777' title='bbox 1228 2435 1317 2469; x_wconf 86' lang='lat' dir='ltr'>enim</span> <span class='ocrx_word' id='word_1_778' title='bbox 1328 2435 1373 2469; x_wconf 86' lang='lat' dir='ltr'>est</span> <span class='ocrx_word' id='word_1_779' title='bbox 1387 2436 1585 2471; x_wconf 83' lang='lat' dir='ltr'>omnilaude</span> <span class='ocrx_word' id='word_1_780' title='bbox 1596 2438 1716 2480; x_wconf 85' lang='lat' dir='ltr'>major,</span> <span class='ocrx_word' id='word_1_781' title='bbox 1742 2439 1763 2470; x_wconf 86' lang='lat' dir='ltr'>si</span> <span class='ocrx_word' id='word_1_782' title='bbox 1779 2438 1924 2472; x_wconf 79' lang='lat' dir='ltr'>Ecclefiae</span> <span class='ocrx_word' id='word_1_783' title='bbox 1946 2439 2010 2472; x_wconf 84' lang='lat' dir='ltr'>Dei</span> <span class='ocrx_word' id='word_1_784' title='bbox 2040 2462 2052 2478; x_wconf 91' lang='lat'>,</span> 
     </span>
     <span class='ocr_line' id='line_1_110' title="bbox 1106 2483 2049 2534; baseline 0.004 -17"><span class='ocrx_word' id='word_1_785' title='bbox 1106 2495 1142 2519; x_wconf 92' lang='lat' dir='ltr'>ut</span> <span class='ocrx_word' id='word_1_786' title='bbox 1155 2494 1285 2529; x_wconf 89' lang='lat' dir='ltr'>oportet</span> <span class='ocrx_word' id='word_1_787' title='bbox 1299 2509 1310 2526; x_wconf 94' lang='lat'>,</span> <span class='ocrx_word' id='word_1_788' title='bbox 1337 2485 1476 2521; x_wconf 89' lang='lat' dir='ltr'>deferret</span> <span class='ocrx_word' id='word_1_789' title='bbox 1499 2488 1626 2534; x_wconf 80' lang='lat' dir='ltr'>magis,</span> <span class='ocrx_word' id='word_1_790' title='bbox 1651 2488 1684 2520; x_wconf 90' lang='lat'>&amp;</span> <span class='ocrx_word' id='word_1_791' title='bbox 1698 2498 1773 2520; x_wconf 88' lang='lat' dir='ltr'>cum</span> <span class='ocrx_word' id='word_1_792' title='bbox 1797 2487 1847 2521; x_wconf 86' lang='lat' dir='ltr'>his</span> <span class='ocrx_word' id='word_1_793' title='bbox 1870 2483 2049 2523; x_wconf 77' lang='lat' dir='ltr'>modestius</span> 
     </span>
     <span class='ocr_line' id='line_1_111' title="bbox 1105 2535 2053 2581; baseline 0.005 -13"><span class='ocrx_word' id='word_1_794' title='bbox 1105 2544 1231 2580; x_wconf 82' lang='lat' dir='ltr'>ageret,</span> <span class='ocrx_word' id='word_1_795' title='bbox 1260 2535 1317 2577; x_wconf 92' lang='lat' dir='ltr'>qui</span> <span class='ocrx_word' id='word_1_796' title='bbox 1329 2536 1691 2576; x_wconf 86' lang='lat' dir='ltr'>cumeocontrahunt,</span> <span class='ocrx_word' id='word_1_797' title='bbox 1717 2537 1750 2570; x_wconf 90' lang='lat'>&amp;</span> <span class='ocrx_word' id='word_1_798' title='bbox 1767 2537 1875 2581; x_wconf 85' lang='lat' dir='ltr'>aliqua</span> <span class='ocrx_word' id='word_1_799' title='bbox 1902 2539 2053 2577; x_wconf 86' lang='lat' dir='ltr'>ratione,</span> 
     </span>
     <span class='ocr_line' id='line_1_112' title="bbox 1108 2584 2051 2629; baseline 0.003 -10"><span class='ocrx_word' id='word_1_800' title='bbox 1108 2585 1312 2628; x_wconf 86' lang='lat' dir='ltr'>nonimpetu</span> <span class='ocrx_word' id='word_1_801' title='bbox 1328 2584 1402 2624; x_wconf 68' lang='lat' dir='ltr'>irae,</span> <span class='ocrx_word' id='word_1_802' title='bbox 1429 2585 1623 2619; x_wconf 88' lang='lat' dir='ltr'>velalterius</span> <span class='ocrx_word' id='word_1_803' title='bbox 1636 2586 1988 2629; x_wconf 72' lang='lat' dir='ltr'>reprimendiaffectus:</span> <span class='ocrx_word' id='word_1_804' title='bbox 2017 2589 2051 2622; x_wconf 88' lang='lat'>&amp;</span> 
     </span>
     <span class='ocr_line' id='line_1_113' title="bbox 1107 2633 2052 2680; baseline 0.003 -11"><span class='ocrx_word' id='word_1_805' title='bbox 1107 2633 1342 2669; x_wconf 80' lang='lat' dir='ltr'>admensuram</span> <span class='ocrx_word' id='word_1_806' title='bbox 1355 2634 1468 2680; x_wconf 81' lang='lat' dir='ltr'>Regiae</span> <span class='ocrx_word' id='word_1_807' title='bbox 1477 2634 1646 2679; x_wconf 88' lang='lat' dir='ltr'>gravitatis</span> <span class='ocrx_word' id='word_1_808' title='bbox 1668 2635 1816 2680; x_wconf 89' lang='lat' dir='ltr'>linguam</span> <span class='ocrx_word' id='word_1_809' title='bbox 1837 2636 2005 2671; x_wconf 89' lang='lat' dir='ltr'>cohiberet</span> <span class='ocrx_word' id='word_1_810' title='bbox 2017 2638 2052 2673; x_wconf 90' lang='lat'>&amp;</span> 
     </span>
     <span class='ocr_line' id='line_1_114' title="bbox 1106 2684 2050 2730; baseline 0.003 -11"><span class='ocrx_word' id='word_1_811' title='bbox 1106 2685 1251 2719; x_wconf 88' lang='lat' dir='ltr'>animum</span> <span class='ocrx_word' id='word_1_812' title='bbox 1266 2709 1272 2715; x_wconf 96' lang='lat'>.</span> <span class='ocrx_word' id='word_1_813' title='bbox 1303 2684 1394 2718; x_wconf 67' lang='lat' dir='ltr'>Alias</span> <span class='ocrx_word' id='word_1_814' title='bbox 1404 2694 1512 2718; x_wconf 81' lang='lat' dir='ltr'>autem</span> <span class='ocrx_word' id='word_1_815' title='bbox 1528 2694 1647 2719; x_wconf 83' lang='lat' dir='ltr'>naturae</span> <span class='ocrx_word' id='word_1_816' title='bbox 1658 2687 1774 2729; x_wconf 90' lang='lat' dir='ltr'>pariter</span> <span class='ocrx_word' id='word_1_817' title='bbox 1784 2686 1819 2720; x_wconf 72' lang='grc' dir='ltr'>ὅ(</span> <span class='ocrx_word' id='word_1_818' title='bbox 1831 2687 1941 2730; x_wconf 84' lang='lat' dir='ltr'>gratiae</span> <span class='ocrx_word' id='word_1_819' title='bbox 1953 2697 2003 2722; x_wconf 93' lang='lat' dir='ltr'>tot</span> <span class='ocrx_word' id='word_1_820' title='bbox 2016 2688 2050 2722; x_wconf 87' lang='lat'>&amp;</span> 
     </span>
     <span class='ocr_line' id='line_1_115' title="bbox 1107 2732 2049 2779; baseline 0.001 -10"><span class='ocrx_word' id='word_1_821' title='bbox 1107 2732 1206 2769; x_wconf 85' lang='lat' dir='ltr'>tantis</span> <span class='ocrx_word' id='word_1_822' title='bbox 1219 2733 1349 2768; x_wconf 87' lang='lat' dir='ltr'>dotibus</span> <span class='ocrx_word' id='word_1_823' title='bbox 1362 2732 1561 2777; x_wconf 76' lang='lat' dir='ltr'>praeditusest</span> <span class='ocrx_word' id='word_1_824' title='bbox 1581 2758 1593 2775; x_wconf 92' lang='lat'>,</span> <span class='ocrx_word' id='word_1_825' title='bbox 1618 2743 1654 2768; x_wconf 90' lang='lat' dir='ltr'>ut</span> <span class='ocrx_word' id='word_1_826' title='bbox 1665 2736 1694 2768; x_wconf 90' lang='lat' dir='ltr'>ei</span> <span class='ocrx_word' id='word_1_827' title='bbox 1709 2735 1900 2779; x_wconf 87' lang='lat' dir='ltr'>Principum</span> <span class='ocrx_word' id='word_1_828' title='bbox 1914 2738 2026 2771; x_wconf 85' lang='lat' dir='ltr'>nullus</span> <span class='ocrx_word' id='word_1_829' title='bbox 2038 2761 2049 2777; x_wconf 94' lang='lat'>‚</span> 
     </span>
     <span class='ocr_line' id='line_1_116' title="bbox 1107 2781 2048 2829; baseline 0.003 -11"><span class='ocrx_word' id='word_1_830' title='bbox 1107 2786 1195 2829; x_wconf 89' lang='lat' dir='ltr'>quod</span> <span class='ocrx_word' id='word_1_831' title='bbox 1219 2784 1323 2828; x_wconf 86' lang='lat' dir='ltr'>magis</span> <span class='ocrx_word' id='word_1_832' title='bbox 1341 2781 1562 2826; x_wconf 81' lang='lat' dir='ltr'>crediderim,</span> <span class='ocrx_word' id='word_1_833' title='bbox 1583 2785 1697 2819; x_wconf 86' lang='lat' dir='ltr'>similis</span> <span class='ocrx_word' id='word_1_834' title='bbox 1720 2786 1969 2821; x_wconf 88' lang='lat' dir='ltr'>invenireturin</span> <span class='ocrx_word' id='word_1_835' title='bbox 1987 2788 2048 2821; x_wconf 89' lang='lat' dir='ltr'>Or-</span> 
     </span>
     <span class='ocr_line' id='line_1_117' title="bbox 1107 2831 2049 2878; baseline 0.002 -9"><span class='ocrx_word' id='word_1_836' title='bbox 1107 2835 1167 2870; x_wconf 90' lang='lat' dir='ltr'>be.</span> <span class='ocrx_word' id='word_1_837' title='bbox 1193 2834 1319 2867; x_wconf 88' lang='lat' dir='ltr'>Timeo</span> <span class='ocrx_word' id='word_1_838' title='bbox 1330 2831 1427 2876; x_wconf 70' lang='lat' dir='ltr'>vero,</span> <span class='ocrx_word' id='word_1_839' title='bbox 1453 2834 1599 2869; x_wconf 88' lang='lat' dir='ltr'>nevobis</span> <span class='ocrx_word' id='word_1_840' title='bbox 1609 2835 1695 2878; x_wconf 82' lang='lat' dir='ltr'>apud</span> <span class='ocrx_word' id='word_1_841' title='bbox 1706 2847 1779 2870; x_wconf 89' lang='lat' dir='ltr'>eum</span> <span class='ocrx_word' id='word_1_842' title='bbox 1792 2837 1941 2871; x_wconf 89' lang='lat' dir='ltr'>nocuerit</span> <span class='ocrx_word' id='word_1_843' title='bbox 1967 2836 2049 2871; x_wconf 84' lang='lat' dir='ltr'>fides</span> 
     </span>
     <span class='ocr_line' id='line_1_118' title="bbox 1108 2882 2046 2929; baseline 0.001 -10"><span class='ocrx_word' id='word_1_844' title='bbox 1108 2885 1140 2919; x_wconf 88' lang='lat'>&amp;</span> <span class='ocrx_word' id='word_1_845' title='bbox 1151 2884 1333 2919; x_wconf 82' lang='lat' dir='ltr'>officiositas</span> <span class='ocrx_word' id='word_1_846' title='bbox 1343 2882 1450 2918; x_wconf 83' lang='lat' dir='ltr'>nostra</span> <span class='ocrx_word' id='word_1_847' title='bbox 1463 2909 1475 2926; x_wconf 92' lang='lat'>,</span> <span class='ocrx_word' id='word_1_848' title='bbox 1499 2885 1541 2919; x_wconf 76' lang='lat' dir='ltr'>eo</span> <span class='ocrx_word' id='word_1_849' title='bbox 1552 2886 1643 2929; x_wconf 74' lang='lat' dir='ltr'>qued</span> <span class='ocrx_word' id='word_1_850' title='bbox 1655 2886 1861 2929; x_wconf 85' lang='lat' dir='ltr'>colloquium</span> <span class='ocrx_word' id='word_1_851' title='bbox 1873 2911 1884 2927; x_wconf 90' lang='lat'>,</span> <span class='ocrx_word' id='word_1_852' title='bbox 1910 2889 1990 2921; x_wconf 80' lang='lat' dir='ltr'>ficut</span> <span class='ocrx_word' id='word_1_853' title='bbox 2005 2886 2046 2920; x_wconf 88' lang='lat' dir='ltr'>ad</span> 
     </span>
     <span class='ocr_line' id='line_1_119' title="bbox 1109 2932 2046 2981; baseline 0.001 -13"><span class='ocrx_word' id='word_1_854' title='bbox 1109 2932 1268 2969; x_wconf 83' lang='lat' dir='ltr'>honorem</span> <span class='ocrx_word' id='word_1_855' title='bbox 1280 2933 1313 2967; x_wconf 77' lang='grc' dir='ltr'>δε</span> <span class='ocrx_word' id='word_1_856' title='bbox 1326 2934 1527 2969; x_wconf 86' lang='lat' dir='ltr'>voluntatem</span> <span class='ocrx_word' id='word_1_857' title='bbox 1539 2935 1605 2978; x_wconf 79' lang='lat' dir='ltr'>ejus</span> <span class='ocrx_word' id='word_1_858' title='bbox 1627 2935 1786 2981; x_wconf 85' lang='lat' dir='ltr'>volebatis</span> <span class='ocrx_word' id='word_1_859' title='bbox 1797 2960 1807 2977; x_wconf 92' lang='lat'>,</span> <span class='ocrx_word' id='word_1_860' title='bbox 1834 2948 1902 2972; x_wconf 88' lang='lat' dir='ltr'>non</span> <span class='ocrx_word' id='word_1_861' title='bbox 1914 2935 2046 2981; x_wconf 85' lang='lat' dir='ltr'>potuisti</span> 
     </span>
     <span class='ocr_line' id='line_1_120' title="bbox 1107 2982 2047 3037; baseline 0.002 -19"><span class='ocrx_word' id='word_1_862' title='bbox 1107 2985 1125 3018; x_wconf 67' lang='lat' dir='ltr'>a</span> <span class='ocrx_word' id='word_1_863' title='bbox 1148 2984 1371 3018; x_wconf 72' lang='lat' dir='ltr'>cantuariensi</span> <span class='ocrx_word' id='word_1_864' title='bbox 1391 2982 1689 3037; x_wconf 71' lang='lat' dir='ltr'>Archi-Episcopo</span> <span class='ocrx_word' id='word_1_865' title='bbox 1712 2986 1901 3029; x_wconf 89' lang='lat' dir='ltr'>impetrare.</span> <span class='ocrx_word' id='word_1_866' title='bbox 1940 2986 2047 3021; x_wconf 89' lang='lat' dir='ltr'>Unde</span> 
     </span>
     <span class='ocr_line' id='line_1_121' title="bbox 1108 3035 2047 3078; baseline 0.003 -12"><span class='ocrx_word' id='word_1_867' title='bbox 1108 3035 1404 3076; x_wconf 73' lang='lat' dir='ltr'>precorattentius,</span> <span class='ocrx_word' id='word_1_868' title='bbox 1433 3044 1468 3069; x_wconf 87' lang='lat' dir='ltr'>ut</span> <span class='ocrx_word' id='word_1_869' title='bbox 1483 3035 1563 3068; x_wconf 91' lang='lat' dir='ltr'>mihi</span> <span class='ocrx_word' id='word_1_870' title='bbox 1577 3035 1747 3078; x_wconf 72' lang='lat' dir='ltr'>quisillius</span> <span class='ocrx_word' id='word_1_871' title='bbox 1758 3037 1847 3070; x_wconf 90' lang='lat' dir='ltr'>verbi</span> <span class='ocrx_word' id='word_1_872' title='bbox 1873 3035 2047 3071; x_wconf 83' lang='lat' dir='ltr'>fueritexi-</span> 
     </span>
     <span class='ocr_line' id='line_1_122' title="bbox 1109 3082 2045 3131; baseline 0.003 -14"><span class='ocrx_word' id='word_1_873' title='bbox 1109 3094 1160 3117; x_wconf 88' lang='lat' dir='ltr'>tus</span> <span class='ocrx_word' id='word_1_874' title='bbox 1178 3108 1188 3124; x_wconf 93' lang='lat'>‚</span> <span class='ocrx_word' id='word_1_875' title='bbox 1213 3082 1326 3127; x_wconf 58' lang='lat' dir='ltr'>&amp;quaes</span> <span class='ocrx_word' id='word_1_876' title='bbox 1337 3084 1422 3118; x_wconf 84' lang='lat' dir='ltr'>eirca</span> <span class='ocrx_word' id='word_1_877' title='bbox 1448 3096 1504 3118; x_wconf 90' lang='lat' dir='ltr'>vos</span> <span class='ocrx_word' id='word_1_878' title='bbox 1520 3085 1634 3118; x_wconf 85' lang='lat' dir='ltr'>sunt&amp;</span> <span class='ocrx_word' id='word_1_879' title='bbox 1655 3085 1804 3120; x_wconf 84' lang='lat' dir='ltr'>vestrates</span> <span class='ocrx_word' id='word_1_880' title='bbox 1823 3111 1834 3126; x_wconf 89' lang='lat'>‚</span> <span class='ocrx_word' id='word_1_881' title='bbox 1864 3086 2045 3131; x_wconf 84' lang='lat' dir='ltr'>significare</span> 
     </span>
     <span class='ocr_line' id='line_1_123' title="bbox 1108 3132 2047 3179; baseline 0.003 -13"><span class='ocrx_word' id='word_1_882' title='bbox 1108 3133 1309 3178; x_wconf 90' lang='lat' dir='ltr'>dignemini.</span> <span class='ocrx_word' id='word_1_883' title='bbox 1332 3132 1376 3167; x_wconf 80' lang='lat' dir='ltr'>&#39;ln</span> <span class='ocrx_word' id='word_1_884' title='bbox 1389 3136 1526 3179; x_wconf 87' lang='lat' dir='ltr'>negotio</span> <span class='ocrx_word' id='word_1_885' title='bbox 1536 3144 1667 3173; x_wconf 84' lang='lat' dir='ltr'>autem,</span> <span class='ocrx_word' id='word_1_886' title='bbox 1690 3135 1781 3179; x_wconf 89' lang='lat' dir='ltr'>quod</span> <span class='ocrx_word' id='word_1_887' title='bbox 1803 3135 1897 3170; x_wconf 87' lang='lat' dir='ltr'>vobis</span> <span class='ocrx_word' id='word_1_888' title='bbox 1917 3137 2047 3179; x_wconf 65' lang='lat' dir='ltr'>praesen-</span> 
     </span>
    </p>
   </div>
   <div class='ocr_carea' id='block_1_15' title="bbox 1084 3184 2043 3229">
    <p class='ocr_par' dir='ltr' id='par_1_20' title="bbox 1084 3184 2043 3229">
     <span class='ocr_line' id='line_1_124' title="bbox 1084 3184 2043 3229; baseline 0.001 -13"><span class='ocrx_word' id='word_1_889' title='bbox 1084 3220 1086 3222; x_wconf 16' lang='lat'>*</span> <span class='ocrx_word' id='word_1_890' title='bbox 1108 3184 1190 3217; x_wconf 89' lang='lat' dir='ltr'>tium</span> <span class='ocrx_word' id='word_1_891' title='bbox 1203 3184 1285 3218; x_wconf 89' lang='lat' dir='ltr'>lator</span> <span class='ocrx_word' id='word_1_892' title='bbox 1300 3192 1443 3227; x_wconf 85' lang='lat' dir='ltr'>exponet</span> <span class='ocrx_word' id='word_1_893' title='bbox 1457 3209 1466 3223; x_wconf 93' lang='lat'>,</span> <span class='ocrx_word' id='word_1_894' title='bbox 1494 3185 1535 3217; x_wconf 88' lang='lat' dir='ltr'>sic</span> <span class='ocrx_word' id='word_1_895' title='bbox 1563 3185 1894 3229; x_wconf 85' lang='lat' dir='ltr'>procedatdiligentia</span> <span class='ocrx_word' id='word_1_896' title='bbox 1907 3185 2007 3219; x_wconf 81' lang='lat' dir='ltr'>vestra</span> <span class='ocrx_word' id='word_1_897' title='bbox 2032 3209 2043 3224; x_wconf 88' lang='lat'>,</span> 
     </span>
    </p>
   </div>
   <div class='ocr_carea' id='block_1_16' title="bbox 1108 3234 2046 3377">
    <p class='ocr_par' dir='ltr' id='par_1_21' title="bbox 1108 3234 2046 3377">
     <span class='ocr_line' id='line_1_125' title="bbox 1108 3234 2045 3278; baseline 0 -12"><span class='ocrx_word' id='word_1_898' title='bbox 1108 3234 1185 3268; x_wconf 85' lang='lat' dir='ltr'>sicut</span> <span class='ocrx_word' id='word_1_899' title='bbox 1197 3235 1340 3267; x_wconf 83' lang='lat' dir='ltr'>maxime</span> <span class='ocrx_word' id='word_1_900' title='bbox 1368 3234 1510 3267; x_wconf 85' lang='lat' dir='ltr'>videritis</span> <span class='ocrx_word' id='word_1_901' title='bbox 1533 3234 1701 3276; x_wconf 87' lang='lat' dir='ltr'>expedire.</span> <span class='ocrx_word' id='word_1_902' title='bbox 1730 3234 1783 3267; x_wconf 90' lang='lat' dir='ltr'>De</span> <span class='ocrx_word' id='word_1_903' title='bbox 1794 3235 1845 3268; x_wconf 86' lang='lat' dir='ltr'>his</span> <span class='ocrx_word' id='word_1_904' title='bbox 1866 3234 1961 3275; x_wconf 80' lang='lat' dir='ltr'>vero,</span> <span class='ocrx_word' id='word_1_905' title='bbox 1987 3234 2045 3278; x_wconf 86' lang='lat' dir='ltr'>qui</span> 
     </span>
     <span class='ocr_line' id='line_1_126' title="bbox 1112 3280 2045 3326; baseline 0 -10"><span class='ocrx_word' id='word_1_906' title='bbox 1112 3283 1253 3317; x_wconf 81' lang='lat' dir='ltr'>Romam</span> <span class='ocrx_word' id='word_1_907' title='bbox 1266 3284 1395 3326; x_wconf 67' lang='lat' dir='ltr'>profe-cu</span> <span class='ocrx_word' id='word_1_908' title='bbox 1411 3284 1499 3321; x_wconf 87' lang='lat' dir='ltr'>sunt,</span> <span class='ocrx_word' id='word_1_909' title='bbox 1513 3283 1596 3317; x_wconf 87' lang='lat' dir='ltr'>nihil</span> <span class='ocrx_word' id='word_1_910' title='bbox 1611 3282 1717 3317; x_wconf 86' lang='lat' dir='ltr'>adhuc</span> <span class='ocrx_word' id='word_1_911' title='bbox 1728 3292 1850 3317; x_wconf 88' lang='lat' dir='ltr'>certum</span> <span class='ocrx_word' id='word_1_912' title='bbox 1863 3294 1979 3323; x_wconf 89' lang='lat' dir='ltr'>teneo,</span> <span class='ocrx_word' id='word_1_913' title='bbox 1991 3280 2045 3317; x_wconf 77' lang='lat' dir='ltr'>sea</span> 
     </span>
     <span class='ocr_line' id='line_1_127' title="bbox 1109 3332 2046 3377; baseline -0.001 -11"><span class='ocrx_word' id='word_1_914' title='bbox 1109 3343 1183 3366; x_wconf 87' lang='lat' dir='ltr'>cum</span> <span class='ocrx_word' id='word_1_915' title='bbox 1196 3333 1398 3367; x_wconf 90' lang='lat' dir='ltr'>innotuerint</span> <span class='ocrx_word' id='word_1_916' title='bbox 1411 3333 1572 3367; x_wconf 78' lang='lat' dir='ltr'>referenda</span> <span class='ocrx_word' id='word_1_917' title='bbox 1585 3357 1596 3373; x_wconf 92' lang='lat'>,</span> <span class='ocrx_word' id='word_1_918' title='bbox 1622 3333 1696 3366; x_wconf 86' lang='lat' dir='ltr'>data</span> <span class='ocrx_word' id='word_1_919' title='bbox 1708 3332 1878 3367; x_wconf 75' lang='lat' dir='ltr'>Divinitus</span> <span class='ocrx_word' id='word_1_920' title='bbox 1891 3343 2046 3377; x_wconf 84' lang='lat' dir='ltr'>opportu-</span> 
     </span>
    </p>
   </div>
   <div class='ocr_carea' id='block_1_17' title="bbox 1111 3377 2042 3467">
    <p class='ocr_par' dir='ltr' id='par_1_22' title="bbox 1111 3377 2042 3467">
     <span class='ocr_line' id='line_1_128' title="bbox 1111 3377 2042 3466; baseline -0.001 -50"><span class='ocrx_word' id='word_1_921' title='bbox 1111 3384 1210 3418; x_wconf 83' lang='lat' dir='ltr'>nitate</span> <span class='ocrx_word' id='word_1_922' title='bbox 1219 3407 1230 3424; x_wconf 90' lang='lat'>,</span> <span class='ocrx_word' id='word_1_923' title='bbox 1240 3393 1315 3418; x_wconf 87' lang='lat' dir='ltr'>meo</span> <span class='ocrx_word' id='word_1_924' title='bbox 1327 3377 1433 3419; x_wconf 83' lang='lat' dir='ltr'>studio</span> <span class='ocrx_word' id='word_1_925' title='bbox 1447 3393 1638 3427; x_wconf 87' lang='lat' dir='ltr'>procurante</span> <span class='ocrx_word' id='word_1_926' title='bbox 1648 3406 1682 3466; x_wconf 72' lang='lat' dir='ltr'>‚L</span> <span class='ocrx_word' id='word_1_927' title='bbox 1673 3383 1913 3426; x_wconf 84' lang='lat' dir='ltr'>proficiscentur</span> <span class='ocrx_word' id='word_1_928' title='bbox 1922 3381 1962 3416; x_wconf 86' lang='lat' dir='ltr'>ad</span> <span class='ocrx_word' id='word_1_929' title='bbox 1975 3393 2042 3417; x_wconf 80' lang='lat' dir='ltr'>vos.</span> 
     </span>
     <span class='ocr_line' id='line_1_129' title="bbox 1891 3432 1996 3467; baseline -0.019 0"><span class='ocrx_word' id='word_1_930' title='bbox 1891 3433 1920 3467; x_wconf 86' lang='lat' dir='ltr'><strong>E</strong></span> <span class='ocrx_word' id='word_1_931' title='bbox 1933 3432 1959 3466; x_wconf 89' lang='grc' dir='ltr'>Ρ</span> <span class='ocrx_word' id='word_1_932' title='bbox 1974 3432 1996 3465; x_wconf 85' lang='lat'>1·</span> 
     </span>
    </p>
   </div>
  </div>
 </body>
</html>
