2358 3776
362 53 454 112 318

289 246 529 285 repugnaturos
550 246 610 276 vos
626 235 811 279 juramento
834 232 971 271 firmatis
992 255 1000 263 ·
1026 230 1115 268 Illud
1134 230 1227 268 deni-

289 300 354 333 que
370 284 475 332 'quale
493 285 565 332 est,
588 286 677 322 Oves
698 284 846 324 Pastores
866 281 1007 324 ,abjicere
1027 282 1043 319 ,i
1073 281 1227 320 Profectio

285 337 504 384 quiPastores
515 336 685 376 deserunt,
719 335 783 378 jam
802 333 916 374 Lupus
940 331 1075 368 invafit.
1103 332 1146 371 Et
1168 330 1226 366 nifi

286 388 532 434 Pastor‚quem
547 386 797 429 abjuraverunt,
822 392 913 419 nunc
936 390 1107 426 Pretegat,
1132 382 1227 428 depa-

284 439 352 474 scet
361 450 415 476 eas
425 439 460 477 in
470 438 571 477 finem
582 459 594 479 ‚
622 433 725 471 multa
744 432 972 479 scripturarum
992 431 1225 470 testimonia&

282 489 467 527 sanQorum
486 484 636 526 exempla
666 483 700 517 in
726 482 819 519 vestri
838 479 1091 518 detestationem
1115 482 1224 519 deliffi

283 540 413 585 possent
423 536 536 572 induci
548 558 557 568 ‚
585 532 672 571 Vere
682 533 766 571 tanti
776 533 920 566 excelius
939 531 1116 569 enormitas
1125 534 1224 567 etiam

282 598 433 626 extremae
448 583 675 633 ,intelligentiae
699 580 892 619 hominibus
910 581 1030 616 claret.
1059 581 1092 617 Si
1112 592 1223 620 tamen

277 650 350 675 non
362 636 557 685 spontanei,
582 631 949 673 sedinvitiacceffistis‚
976 632 1012 669 in
1036 640 1125 679 parte
1149 636 1224 678 qui-

277 688 356 725 dem
367 685 538 725 excusatur
549 694 716 728 peccatum
726 707 739 728 ‚
766 681 819 716 sed
834 693 903 719 non
924 683 1097 719 excusatur
1109 684 1220 719 omni·-

281 738 329 772 ῃὸ
344 763 354 772 ,
381 735 488 773 Satius
499 736 588 774 enim
598 734 833 777 suiffetvcorpus
843 732 947 775 ipsum
964 732 1092 776 perdere
1102 758 1113 773 ,
1125 735 1222 775 quam

280 788 578 832 iuramentumram
595 783 778 822 execrabile
799 783 1008 828 perpetrasse,
1038 783 1144 819 Unde
1161 784 1221 820 filii

277 838 396 875 mortis
420 837 558 873 universi
578 847 658 879 vos,
683 833 759 878 quia
779 832 868 877 juxta
882 833 972 877 quod
992 833 1157 877 Propheta
1177 836 1222 868 ait

276 888 320 922 de
332 887 463 932 Populo
476 888 556 924 suo:
582 888 626 917 Et
636 896 690 921 vos
699 886 790 930 plaga
803 884 921 918 inimic}
930 884 1051 928 percuffi
1060 885 1128 927 estis
1141 908 1153 925 ‚
1170 895 1219 919 ca-

268 936 427 982 stigatione
438 938 565 976 crudeli.
594 935 719 972 Verum
743 932 782 968 ad
806 934 1079 970 manifestandam
1104 935 1219 970 sollici-

276 989 426 1027 tudinem
438 1011 451 1032 ‚
476 997 576 1031 quam
587 997 646 1030 pro
658 985 752 1022 vobis
764 983 921 1023 habemus
930 984 972 1021 ad
994 986 1107 1022 Deum
1122 1009 1132 1025 ,
1152 984 1218 1019 vul·

275 1040 348 1074 neri
361 1049 429 1075 tam
451 1038 532 1075 saevo
549 1039 733 1074 fomentum
746 1059 758 1077 ‚
784 1035 872 1079 quod
897 1035 1004 1071 solum
1017 1045 1105 1070 nunc
1116 1036 1219 1081 super-

272 1088 321 1123 est
334 1109 345 1127 ,
364 1085 521 1123 adhihere
531 1087 716 1125 curavimus
728 1109 738 1127 ,
758 1085 791 1123 r&
802 1085 843 1121 de
853 1095 920 1122 tam
934 1085 1052 1121 illicito
1062 1084 1219 1131 juramen-

270 1147 310 1173 ιο
320 1137 516 1181 poenitentes
528 1161 539 1178 ‚
565 1136 642 1173 illos
653 1136 820 1181 praesertim
835 1136 892 1183 qui
917 1146 985 1170 non
1009 1136 1182 1180 spontanei
1209 1160 1220 1177 ‚

272 1188 325 1222 sed
337 1189 440 1222 coacti
452 1187 640 1230 juraverunt
652 1210 667 1231 ,
693 1187 764 1222 vice
777 1186 870 1221 Beati
896 1184 1008 1229 Petri,
1038 1185 1217 1231 Apostolo-

270 1248 345 1274 rum
363 1238 545 1282 Principis,
570 1239 605 1272 ἀ
615 1237 760 1271 Romani
772 1235 948 1273 pontificis
959 1261 970 1276 ,
997 1236 1031 1270 ἀ
1044 1236 1150 1271 nostra
1162 1235 1217 1270 ab·

273 1288 434 1325 solvimus
446 1313 453 1320 .
478 1286 737 1323 Venerabilibus
750 1285 902 1323 fratribus
912 1284 1029 1320 nostris
1054 1284 1215 1321 Dioecesa-

272 1339 325 1373 nis
349 1338 539 1381 Episcopis‚
569 1336 603 1370 &
622 1335 724 1371 etiam
748 1334 931 1370 minoribus
951 1335 1177 1371 Sacerdotibus
1203 1360 1213 1379 ‚

272 1388 334 1423 ubi
349 1388 447 1423 Sedes
459 1386 671 1430 Episcopaies
688 1395 798 1419 vacare
817 1385 996 1428 contigerit
1007 1408 1019 1425 ‚
1046 1385 1131 1418 vices
1155 1397 1213 1419 no-

270 1436 351 1473 stras
374 1438 408 1472 in
431 1436 586 1471 exteriori
608 1435 827 1470 satisfatione
848 1433 913 1475 jam
923 1433 1019 1470 dictis
1029 1435 1212 1476 poenitenti-

271 1486 332 1521 bus
343 1484 549 1530 injungenda
558 1483 805 1518 committentes
813 1506 825 1524 ‚
838 1492 954 1517 omnes
966 1481 999 1515 id
1012 1483 1091 1518 scire
1100 1482 1209 1517 volen-

271 1546 320 1571 tes
330 1562 341 1577 ,
367 1546 425 1570 vos
435 1533 493 1570 tali
504 1533 691 1579 juramento
704 1530 910 1575 nequaquam
922 1532 985 1565 esse
1004 1529 1174 1567 obnoxios
1199 1556 1210 1574 ,

272 1599 333 1622 nec
344 1598 379 1621 ut
392 1585 528 1631 pareatis
537 1583 679 1628 obligari
690 1606 702 1626 ,
728 1593 770 1617 ne
788 1579 888 1618 instar
908 1581 1055 1618 Herodis
1069 1582 1127 1618 sub
1137 1594 1212 1626 prae-

271 1647 365 1673 textu
379 1633 834 1681 pietatisefficiaminiimpii,
858 1631 1090 1675 &juramento
1113 1645 1211 1668 excu-

269 1689 345 1722 setis
365 1688 466 1721 scelus
486 1685 559 1729 ipso
577 1683 739 1722 deterius,
763 1682 857 1727 juxta
878 1681 969 1726 quod
983 1680 1114 1726 quidam
1126 1683 1172 1718 ait
1198 1696 1211 1719 .-

268 1743 343 1774 Non
353 1737 389 1776 est
400 1734 834 1778 observandumjuramemum
844 1755 854 1772 ‚
879 1743 935 1775 quo
944 1733 1061 1766 malum
1089 1735 1210 1768 incaute

266 1792 476 1834 promittitur.
507 1785 550 1820 Et
561 1783 662 1819 item:
689 1786 726 1817 In
739 1782 827 1816 malls
843 1781 990 1825 promiffis
1010 1780 1144 1825 resi-inde
1158 1780 1202 1826 fi-

268 1840 357 1874 dem.
384 1840 422 1869 ln
432 1839 596 1876 turpivoto
606 1841 690 1866 muta
708 1834 889 1867 Decretum.
911 1832 1008 1876 ‚Quod
1025 1833 1148 1867 incaute
1161 1842 1209 1865 vo·

267 1888 340 1930 visti
352 1898 390 1922 ne
393 1885 523 1932 facias.
551 1882 596 1918 Et
606 1882 731 1925 multa,
756 1880 875 1928 quibus
899 1892 988 1917 nunc
997 1881 1213 1931 supersedeo,

268 1937 322 1974 his
334 1932 552 1972 consonantia
564 1933 639 1968 sunt
650 1956 659 1964 .
685 1932 724 1967 ln
736 1931 800 1965 fine
810 1938 919 1965 autem
930 1931 1068 1967 obsecro
1079 1941 1137 1965 vos
1144 1942 1208 1974 ego

270 1989 400 2023 vincius
420 1987 457 2023 in
478 1983 655 2022 Domino.-
682 1981 818 2016 obsecro
839 1980 973 2024 quidem
985 1990 1045 2014 vos
1057 1979 1213 2022 tanquam

267 2039 354 2073 filios
367 2036 449 2073 mihi
460 2037 585 2080 semper
599 2034 634 2069 in
655 2030 792 2067 Christo
811 2030 1062 2077 amplectendos
1080 2054 1092 2071 ‚
1117 2038 1154 2063 ut
1163 2029 1213 2064 di-

266 2087 334 2136 gne
344 2086 517 2122 ambuletis
529 2083 706 2119 vocatione
722 2104 732 2122 ,
758 2092 822 2126 qua
838 2081 948 2116 vocati
957 2080 1032 2116 estis
1045 2104 1056 2123 ,
1068 2089 1103 2115 ut
1115 2080 1214 2124 ipsius

266 2139 393 2175 Christi
405 2135 513 2182 primo
524 2134 625 2171 fidem
638 2142 806 2174 tenentes,
834 2132 943 2176 postet
964 2131 1060 2175 ipsius
1080 2128 1211 2165 obedia-

266 2191 311 2224 tis
332 2186 511 2232 Praepositis
524 2209 535 2227 ‚
562 2183 762 2229 subjacentes
782 2182 848 2217 eis:
876 2180 939 2224 lpfi
953 2187 1037 2217 enam
1059 2189 1116 2224 pro
1127 2180 1213 2214 vobis

268 2239 424 2284 vigilant,
448 2235 751 2281 quafirattonempro
761 2232 925 2267 animabus
947 2232 1055 2273 velitis
1077 2231 1212 2264 redditu·

268 2285 315 2324 rt.
343 2288 432 2324 Scite
441 2297 552 2321 autem
568 2286 648 2320 volo
661 2281 718 2319 vos
730 2286 843 2319 fratres
853 2305 865 2321 ‚
889 2281 968 2325 quia
983 2279 1212 2322 &juramenta

269 2337 411 2379 illicita,
437 2337 594 2371 &caetera
606 2333 754 2367 enormia
779 2330 903 2370 multa,
929 2338 1000 2372 quae
1022 2328 1126 2373 pravis
1140 2330 1212 2374 sug-

259 2387 474 2435 gestionibus
486 2385 523 2420 in
542 2383 748 2427 oppressione
766 2379 894 2424 justitiae
917 2379 951 2414 ἀ
972 2378 1116 2414 veritatis
1125 2379 1212 2413 circa

269 2449 333 2474 nos
342 2436 424 2471 facta
437 2436 512 2471 sunt
521 2456 534 2473 ,
560 2433 627 2476 ipsa
639 2433 770 2467 favente
783 2430 915 2464 veritate
940 2428 1045 2474 magis
1056 2431 1213 2464 evenient

270 2487 313 2524 ad
336 2487 431 2531 ipsius
452 2483 651 2529 profectum.
680 2479 814 2515 Veritas
836 2479 928 2514 enim
949 2478 1059 2514 claudi
1072 2479 1212 2524 &ligari

272 2537 378 2585 potest
388 2561 400 2580 ‚
425 2534 513 2570 vinci
526 2530 603 2566 vero
615 2542 683 2566 non
697 2529 823 2575 potest,
850 2539 920 2572 quae
931 2529 966 2563 ἀ
986 2530 1116 2563 suorum
1129 2540 1210 2573 pau-

270 2590 371 2624 citate
379 2594 538 2621 contenta
547 2582 593 2617 est
606 2606 618 2624 ,
637 2582 671 2617 δε
683 2578 899 2615 multitudine
910 2577 1054 2614 hostium
1067 2590 1135 2613 non
1168 2589 1213 2614 te-

273 2648 377 2674 retur.
405 2636 541 2680 Spiritus
552 2643 663 2667 autem
684 2629 813 2665 consilii
828 2629 863 2664 &
881 2629 1045 2674 sapientia
1054 2630 1109 2664 det
1121 2629 1212 2664 vobis

275 2687 424 2731 idipsum
438 2686 546 2728 sapere
558 2684 593 2716 in
605 2681 811 2720 alterutrum,
835 2690 872 2714 ut
882 2681 1057 2715 unanimes
1075 2690 1144 2714 uno
1157 2691 1213 2715 ore

273 2735 502 2773 honorificetis
511 2732 656 2766 Pastores
665 2730 700 2764 &
712 2730 892 2774 Episcopos
907 2730 1089 2764 animarum
1102 2730 1211 2763 vestra·

275 2796 445 2832 rum,quos
455 2783 625 2820 constituit
635 2780 690 2815 ille
697 2790 836 2825 magnus
846 2780 959 2814 Pastor
968 2782 1094 2817 Ovium
1103 2781 1137 2815 in
1148 2782 1223 2815 sarr-s

278 2839 381 2884 guine
391 2835 502 2871 aterni
513 2830 719 2868 Testamenti
733 2830 982 2872 Iesus-Christus
996 2855 1007 2871 ,
1027 2832 1060 2865 ἀ
1073 2843 1128 2874 per
1140 2829 1214 2865 cha·

279 2890 408 2924 ritatem
420 2887 555 2929 Spiritus
567 2881 693 2922 sancti,
723 2889 757 2914 ut
771 2880 859 2915 Patri
885 2880 991 2915 vestro
1014 2882 1078 2924 jam
1092 2882 1214 2916 naufra-

279 2939 376 2985 ganti
389 2934 550 2971 orationis
562 2932 667 2966 vestrae
688 2941 804 2964 manus
827 2932 1023 2976 porrigatis,
1050 2942 1086 2967 ut
1099 2932 1215 2967 liberer

280 2990 325 3025 ab
337 2984 546 3024 infidelibus,
573 2980 826 3026 prohibentibus
835 2981 934 3014 etiam
946 3006 957 3022 ‚
973 2993 1014 3016 ne
1027 2983 1061 3016 in
1079 2981 1214 3017 Ecclefia

282 3050 342 3084 pro
355 3049 407 3073 me
419 3038 451 3071 in
463 3043 587 3070 carcere
598 3034 654 3067 fiat
664 3031 772 3067 oratio
784 3055 794 3072 ,
819 3041 891 3075 quae
911 3040 1019 3065 tamen
1040 3028 1218 3068 comm'une

283 3088 433 3125 fidelium
454 3087 489 3120 δε
511 3083 693 3118 infidelium
715 3082 905 3126 suffragium
927 3082 992 3115 est.
1022 3083 1133 3118 Gratia
1149 3085 1218 3118 Do-

283 3139 370 3175 mini
379 3136 480 3172 nostri
494 3135 565 3179 Jesu
577 3131 699 3167 Chri'sti
711 3133 747 3166 sit
760 3142 835 3167 cum
845 3131 1000 3166 omnibus
1013 3133 1107 3168 vobis
1117 3159 1128 3175 ,
1142 3133 1218 3178 quia

284 3188 370 3225 male
392 3186 532 3232 praestito
550 3182 736 3227 juramento
758 3180 972 3225 resipueritis,
1003 3183 1037 3216 δε
1055 3183 1220 3228 condigne

285 3238 502 3274 &humiliter
526 3231 763 3280 poe'nitueritis.
792 3232 936 3266 Caeteros
960 3233 1038 3266 vero
1061 3233 1153 3267 Deus
1164 3244 1219 3267 aut

286 3290 354 3322 cito
365 3295 534 3324 convertat
544 3308 555 3325 ‚
578 3295 635 3319 aut
648 3282 871 3326 temporaliter
881 3282 1008 3327 affligat
1019 3306 1031 3323 ‚
1053 3283 1221 3326 quousque

286 3339 476 3382 resipuerint
486 3362 497 3381 ,
507 3337 539 3372 ὅ(
551 3334 753 3382 condignam
765 3333 994 3378 poenitentiam
1005 3332 1145 3381 egerint.

966 39 1541 95 EPIS'TOLAE

290 138 373 176 bant
385 135 597 176 sententiam.
625 133 699 169 Vos
707 141 819 171 autem
827 131 939 172 secisse
948 127 1229 176 videmini,quod
1272 167 1275 171 ,

288 190 435 228 deterius
446 188 512 228 est,
538 185 595 230 qui
608 195 677 223 non
688 183 794 222 solum
809 183 999 228 repugnatis
1008 205 1022 227 ,
1049 181 1104 219 sed
1129 181 1228 218 etiam
1273 185 1275 187 '

1451 179 1860 219 EpisTossLA
1894 183 2068 226 atvar.
2135 158 2137 161 ³

1294 277 1413 318 Tbomae
1422 279 1636 327 cantuariens
1655 281 1770 319 Arabi·
1782 281 1929 329 Episcopo
1937 261 2064 329 quidun
2081 294 2202 327 mm,
2217 315 2230 326 ,

1373 382 1491 419 ICET
1515 382 1626 418 vessrae
1644 382 1852 420 discretionis
1873 384 2110 423 paternitatem
2135 388 2229 427 litte-

1397 441 1503 469 rarum
1525 433 1644 469 solatio
1663 433 1775 478 saepius
1783 445 1854 470 non
1865 435 2059 472 visitaverim
2078 461 2090 477 ,
2110 449 2171 473 voa
2179 440 2229 477 in-

1292 484 1331 515 de
1342 482 1453 519 mirari
1464 484 1650 520 nullatenus
1663 483 1778 525 decet,
1800 497 1880 520 cum
1902 486 1959 520 vix
1980 487 2100 531 aliquis
2109 498 2169 524 aut
2179 484 2233 527 fer

1291 531 1324 565 τὲ
1334 533 1445 568 nullus
1458 534 1500 570 ad
1515 544 1571 569 vos
1590 534 1609 570 a
1633 534 1735 570 Curia
1749 536 1931 580 processum
1952 535 2072 572 habeat
2084 560 2096 577 ,
2118 537 2176 573 cui
2186 539 2232 574 se-

1291 591 1378 616 creta
1398 582 1578 622 litterarum
1598 585 1767 620 committi
1794 586 1914 632 poffint
1934 610 1943 619 .
1971 587 2015 621 Et
2035 599 2113 624 cum
2137 587 2233 624 vobis

1292 630 1789 679 plureslitterasdestinaverim,
1814 647 1882 680 quae
1899 637 1943 672 ad
1970 637 2162 681 presentiam
2176 649 2233 673 ve-

1290 682 1384 716 stram
1395 708 1406 724 ‚
1417 684 1498 721 sicut
1511 697 1571 730 pro
1579 696 1667 723 certo
1680 685 1783 720 didici
1796 710 1808 729 ,
1819 686 1986 732 nunquam
1996 697 2229 732 pervenerunt.

1289 732 1406 768 Sciatis
1429 736 1548 780 quippe
1570 747 1624 771 me
1643 736 1730 771 circa
1742 737 1875 782 negotia
1890 738 1991 772 vestra
2003 738 2184 772 sollicitum
2197 739 2233 773 δε

1290 782 1480 828 vigilantem
1489 797 1546 829 pro
1558 786 1776 832 possibilitatis
1790 798 1868 823 mee
1879 787 2001 824 viribus
2013 788 2182 829 exstitisse,
2193 789 2231 824 a:

1289 834 1327 867 ad
1338 845 1454 871 eorum
1466 837 1708 879 promotionem
1717 837 1896 882 diligenter
1909 838 2084 874 intendisse
2099 861 2111 879 ‚
2125 838 2229 882 preci-

1287 883 1381 927 cipue
1391 896 1447 929 per
1457 886 1649 931 magistrum
1662 886 1871 923 Waltherum
1883 911 1895 928 ,
1919 889 1978 932 qui
1999 899 2060 933 prae
2070 888 2230 924 omnibus

1289 934 1468 977 specialiter
1488 948 1547 980 pro
1570 937 1696 971 eisdem
1719 938 1864 981 negotiis
1883 938 2117 981 promovendis
2138 937 2230 983 apud

1288 985 1473 1021 Dominum
1486 986 1609 1030 Papam
1621 986 1797 1021 efficaciter
1807 986 1968 1023 laboravit
1980 1013 1992 1030 ,
2017 990 2052 1024 δε
2065 988 2131 1032 ipsa
2145 999 2231 1024 con-

1287 1032 1456 1069 scribendo
1466 1036 1506 1069 ad
1519 1037 1732 1072 desideratum
1743 1036 1843 1071 finem
1857 1060 1870 1077 ,
1895 1037 1973 1072 Deo
1988 1039 2121 1072 volente
2132 1061 2144 1079 ,
2165 1049 2235 1082 perr·

1286 1085 1399 1120 duxit.
1421 1085 1514 1121 Sicut
1524 1085 1665 1120 enimin
1679 1086 1796 1121 litteris
1806 1087 1840 1122 δι
1856 1086 2056 1131 transcriptis
2072 1087 2129 1121 sub
2143 1086 2233 1122 Bul«.-

1287 1135 1316 1168 la
1328 1135 1442 1171 claufis
1456 1160 1467 1176 ,
1495 1136 1757 1180 quaeaDomino
1779 1136 1868 1181 Papa
1889 1135 1984 1172 vobis
2005 1135 2195 1181 diriguntur
2218 1159 2232 1178 .

1285 1185 1470 1223 evidentius
1496 1186 1606 1221 videre
1626 1186 1780 1230 potestis,
1808 1186 1986 1230 petitiones
2009 1187 2118 1221 vestro
2137 1185 2231 1222 dehi-

1285 1246 1354 1270 tum
1371 1237 1487 1271 sortitae
1508 1237 1585 1272 sunt
1607 1237 1778 1271 effestum.
1806 1237 1971 1273 Caetetum
1996 1236 2228 1273 Londonicnfi

1286 1286 1420 1320 firmiter
1431 1286 1613 1330 injuncium
1623 1285 1668 1319 est
1692 1286 1711 1320 a
1734 1286 1886 1320 Domino
1905 1287 1992 1330 Papa
2009 1311 2021 1328 ,
2045 1297 2082 1322 ut
2094 1288 2229 1322 senten-t

1283 1336 1362 1370 tiam
1376 1346 1474 1377 quam
1486 1336 1520 1370 in
1535 1346 1611 1370 eum
1622 1334 1775 1375 dedistis,
1802 1336 1930 1371 firmam
1940 1338 1975 1372 &
1996 1337 2227 1378 inconcussam

1283 1386 1430 1420 observet
1441 1409 1450 1418 .
1478 1384 1553 1419 Nee
1564 1385 1583 1421 a
1598 1383 1861 1429 Rothomagenfi
1874 1386 1906 1420 ὃς
1917 1387 2113 1422 Lexovienfi
2125 1409 2138 1426 ,
2156 1387 2234 1433 qui»

1283 1434 1343 1469 bus
1353 1437 1449 1477 super
1458 1433 1522 1469 hoc
1535 1432 1651 1468 iterato
1661 1434 1771 1468 scribit
1782 1433 1953 1468 Dominus
1965 1435 2055 1478 Papa
2063 1453 2082 1475 ⁴,
2091 1436 2230 1478 niffsor·

1283 1485 1315 1519 te
1330 1483 1372 1519 ab
1383 1483 1504 1519 eisdem
1519 1483 1590 1527 post
1613 1483 1852 1525 susceptionem
1875 1483 2020 1528 priorum
2043 1484 2228 1522 litterarum

1284 1533 1378 1577 ipsius
1393 1559 1404 1575 ,
1428 1543 1509 1579 quas
1524 1532 1602 1567 inde
1623 1533 1852 1576 susceperunt,
1876 1533 2017 1578 proestito
2036 1526 2226 1572 secu-'durii

1283 1583 1431 1618 Ecclefiae
1455 1585 1593 1617 formam
1614 1583 1801 1627 juramento
1821 1583 1861 1618 sit
1879 1583 2047 1619 absolutus
2062 1607 2074 1626 ,
2100 1583 2227 1628 absque

1283 1634 1426 1669 Domini
1439 1632 1533 1676 Papae
1546 1631 1709 1668 Mandato
1721 1632 1909 1669 nullatenus
1918 1633 2111 1669 absolvatur.
2131 1633 2226 1671 ω

1282 1683 1540 1730 fortaminiergo
1551 1683 1585 1718 dt
1596 1683 1786 1718 constanter
1807 1684 1912 1730 agatis
1928 1709 1940 1726 ‚
1964 1684 1998 1720 δε
2010 1682 2239 1728 anquando*

1282 1746 1335 1777 pra
1349 1735 1476 1768 firmam
1487 1743 1611 1779 petram
1632 1733 1791 1770 fundatus
1813 1734 1855 1770 ad
1874 1734 2098 1778 quorumlibet
2110 1736 2233 1781 vente·

1280 1794 1352 1817 rum
1362 1783 1608 1819 exsufflationes
1620 1784 1723 1818 nolite
1743 1783 1894 1824 moveri,
1916 1795 1972 1817 aut
1995 1785 2109 1827 aliquo
2122 1782 2230 1819 mod·

1279 1833 1389 1867 terreri
1406 1832 1459 1867 vel
1472 1831 1616 1873 turbari,
1636 1842 1699 1867 nee
1709 1841 1746 1867 ut
1757 1832 1860 1866 moris
1885 1833 1979 1867 vestri
2008 1833 2078 1874 est,
2102 1834 2230 1878 quosli-

1280 1882 1334 1917 bet
1347 1893 1402 1926 per
1412 1883 1682 1917 vostranseuntes
1703 1883 1901 1921 secretorum
1924 1882 2105 1919 vestrorum
2130 1884 2230 1918 ineu·

1281 1942 1383 1975 pretes
1402 1931 1611 1967 constituatis
1623 1954 1635 1970 ‚
1659 1942 1697 1965 ut
1709 1931 1814 1976 magis
1831 1931 1874 1967 de
1892 1931 2017 1976 justitia
2032 1958 2043 1974 ‚
2071 1932 2227 1978 quamde

1280 1981 1495 2015 multitudine
1505 1980 1672 2015 confidere
1682 1980 1880 2016 videamini.
1907 1982 1999 2026 Quia
2024 1983 2081 2018 ubi
2105 1983 2226 2021 multi-

1281 2030 1387 2071 tudo,
1412 2031 1447 2064 &
1469 2028 1626 2075 precipue
1646 2028 1681 2065 in
1703 2029 1845 2071 talibus,
1881 2032 2082 2069 ereberrime
2115 2033 2226 2070 soie-t

1279 2081 1486 2115 confusiones
1520 2091 1682 2126 emergere
1693 2104 1706 2121 ,
1729 2081 1766 2116 δε
1803 2081 2044 2126 impedimenta
2080 2083 2224 2126 plurima

1281 2130 1471 2174 provenire.
1499 2132 1665 2166 secretum
1682 2131 1723 2164 fit
1743 2130 1830 2174 apud
1853 2142 1910 2166 vos
1931 2131 2022 2176 quod
2044 2132 2154 2168 scribo
2174 2133 2218 2170 de

1280 2181 1507 2216 Londoniensi
1517 2204 1528 2221 ,
1553 2191 1630 2215 cum
1653 2179 1740 2215 nihil
1753 2180 1795 2215 de
1805 2181 1866 2215 illo
1879 2181 1975 2216 vobis
1988 2182 2144 2226 scriptum
2156 2183 2196 2218 sit
2205 2206 2215 2216 .

1280 2230 1416 2276 Propter
1428 2229 1648 2276 malignantes
1671 2230 1749 2265 dico
1763 2244 1776 2266 .-
1801 2242 1845 2265 ne
1868 2231 1958 2266 dicar
1968 2233 2087 2267 secreta
2098 2232 2221 2268 revela·

1278 2292 1328 2315 re.
1358 2282 1448 2316 Cum
1473 2281 1550 2316 vere·
1573 2282 1666 2316 Deus
1689 2291 1747 2315 vos
1759 2280 1794 2315 in
1807 2279 1926 2316 statum
1938 2282 2111 2325 pristinum
2126 2282 2221 2318 redu-

1278 2331 1384 2372 xerit,
1409 2329 1500 2375 quod
1521 2333 1558 2365 in
1580 2331 1734 2374 proximo
1757 2332 1848 2373 spero
1871 2331 2084 2375 adfuturum,
2111 2332 2220 2369 estote

1278 2391 1403 2415 memor
1414 2379 1558 2425 magistri
1583 2379 1745 2414 Waltheri
1757 2381 1887 2421 &mei,
1911 2382 1933 2415 fi
1946 2382 2075 2425 placet,
2101 2392 2222 2426 rie-pro

1278 2428 1487 2465 multitudine
1508 2429 1549 2462 ad
1573 2439 1629 2462 vos
1652 2428 1893 2471 respicientium
1912 2431 2042 2466 avestra
2054 2433 2220 2467 memoria

1278 2479 1443 2517 elabamur
1453 2504 1466 2523 ,
1488 2479 1566 2522 quia
1577 2487 1657 2515 tunc
1667 2476 1753 2514 forte
1762 2480 1930 2523 praesentes
1943 2489 2012 2515 non
2025 2480 2144 2516 erimus
2156 2506 2164 2514 .

1413 2618 1826 2665 1312‘1sT0LA
1926 2628 2081 2666 xLix.

1356 2734 1389 2777 J
1392 2714 1505 2764 oannes!
1526 2728 1750 2773 Saresberienfis
1776 2729 1913 2775 magistro
1938 2729 2092 2765 Hei-ebeno
2121 2757 2130 2766 .

1388 2829 1544 2866 ESTRA
1569 2828 1694 2865 redolet
1725 2828 1845 2875 pagina
1866 2828 2055 2864 charitatem
2077 2831 2112 2864 ἀ
2133 2843 2213 2876 quas

1409 2882 1450 2916 ad
1464 2882 1596 2924 praesens
1606 2878 1738 2914 reddere
1751 2890 1879 2923 nequeo
1900 2880 2019 2924 gratias
2031 2905 2042 2920 ,
2068 2880 2216 2926 diligen·

1282 2933 1326 2967 tia
1347 2932 1491 2967 studiosa
1512 2930 1710 2976 promeruit.
1736 2929 1866 2963 Reddet
1886 2941 1996 2964 autem
2015 2931 2071 2973 qui
2088 2942 2209 2975 potens

1281 2983 1326 3018 est
1348 3007 1358 3023 ,
1397 2983 1433 3017 ἀ
1455 2982 1511 3025 qui
1534 2979 1622 3016 cordi
1647 2979 1750 3013 vestro
1771 2981 1908 3023 gratiam
1934 2979 2103 3024 inspiravit
2127 3006 2139 3023 ,
2174 2993 2212 3016 ut

1281 3032 1434 3078 desolatis
1455 3031 1628 3071 solatium,
1660 3030 1696 3063 δε
1717 3026 1840 3063 Christi
1863 3030 2112 3066 Confessoribus
2132 3031 2212 3067 veti'-

1283 3084 1358 3118 tatis
1369 3082 1592 3119 testimonium
1610 3078 1811 3124 perhiberet.
1837 3079 2005 3124 Siquidem
2029 3082 2148 3123 nobis,
2172 3090 2211 3115 ut

1284 3133 1630 3170 Coexulantiumvota
1639 3127 1792 3165 dictionis
1804 3129 1990 3174 pluralitate
2009 3131 2208 3174 concipiam,

1284 3183 1441 3230 gaudium
1460 3184 1506 3216 est
1527 3183 1561 3217 dc
1579 3179 1761 3221 exultatio,
1787 3180 1864 3215 cum
1890 3181 2039 3215 Eealefiae
2072 3181 2206 3216 colum-

1276 3246 1341 3269 ›nas
1358 3234 1507 3268 adversus
1527 3234 1663 3275 impetus
1687 3230 1942 3275 malignantium
1964 3255 1976 3272 ‚
2012 3231 2070 3275 qui
2092 3242 2152 3265 nos
2172 3232 2207 3264 in

1283 3285 1373 3320 aliud
1395 3282 1614 3328 Evangelium
1635 3282 1804 3315 transferre
1822 3281 2004 3316 moliuntur
2023 3304 2035 3320 ,
2061 3280 2208 3316 videmus

1286 3334 1490 3374 immobiles,
1517 3341 1552 3368 ut
1562 3331 1638 3367 fidei
1649 3330 1864 3376 sinceritatem
1884 3332 1997 3376 gratiae
2013 3332 2047 3366 δε
2071 3331 2207 3376 potesta-

1285 3386 1334 3423 tui
1353 3385 1518 3432 ptaeferant
1537 3406 1550 3425 ‚
1583 3383 1619 3418 ὅ(
1646 3381 1839 3418 traditiones
1867 3380 2043 3418 hominum
2074 3381 2203 3466 grino

2122 3441 2157 3476 gl
