2358 3776
339 152 367 198 8
1052 144 1097 189 V
1169 141 1187 189 1

1261 136 1415 191 TA

283 229 368 273 ‘am
388 254 401 279 ,.
425 233 482 279 qui
504 233 538 266 in
557 224 613 267 die
632 241 698 280 υῳ
720 227 822 276 digne
840 227 978 264 celebret
1002 252 1010 260 .
1039 226 1116 262 ilios
1137 227 1243 263 autem
1288 225 1379 270 its,
1408 241 1496 264 nun-c
1516 228 1600 269 inis,
1627 229 1683 272 qui
1708 229 1740 263 in
1765 219 1893 272 judiciis
1914 240 2086 281 praemit,
2123 224 2271 277 offerre.

273 288 309 322 in
335 284 590 331 praesentiarum,
617 292 676 315 uec
700 289 879 314 memoratu
901 278 1042 323 dignos,
1070 285 1137 312 non
1150 278 1242 312 Chr-i-

1305 279 1365 313 Sed
1390 291 1464 314 cum
1487 290 1603 314 omnes
1623 282 1823 324 respuerent,
1851 279 1964 315 Abbas
1994 283 2163 326 negotium
2185 293 2272 326 pere-

275 337 341 376 sti,
369 334 420 368 sed
440 334 641 367 Mammonae
661 331 846 364 Sacerdotes
867 337 1019 372 praetereo
1045 352 1056 367 ,
1087 327 1149 371 qui
1171 339 1241 372 pro-
1304 329 1376 373 git,
1404 341 1520 365 aurum
1543 330 1653 364 tetulit
1679 354 1689 370 ‚
1725 329 1759 363 ἃς
1783 329 1954 371 recedens,
1990 331 2118 374 inquit:
2144 337 2270 368 cunam

271 396 342 430 pter
362 383 568 419 oblationum
590 380 743 426 quaestum
762 403 773 419 ,
810 389 908 413 unam
934 376 1056 412 Christi
1078 377 1111 411 δι
1145 377 1242 412 semel

270 434 415 468 oblatam
436 431 575 467 hostiam
598 429 746 474 quotidie
770 440 840 463 non
863 427 981 466 semel,
1009 427 1061 461 sed
1087 427 1239 462 libentius

270 483 391 518 iterum
414 495 482 518 non
504 493 570 516 tam
591 481 781 515 consecrant
801 503 814 520 ,
839 489 935 522 quam
958 477 1117 511 dilaniant
1140 492 1168 517 ,ι
1188 478 1238 511 Fi-

270 534 354 568 lium
378 534 445 568 Dei
474 531 604 577 quaessui
637 529 793 564 habentes
814 529 849 564 ὅ(
871 527 1031 563 ostentui.
1058 526 1238 571 Contemp-

269 584 312 618 tis
330 582 432 628 igitur
458 581 532 620 his,
558 579 595 614 ad
617 591 773 625 magnum
798 577 1004 614 Sacerdotem
1028 577 1172 610 nostrum
1195 587 1236 626 te-

269 644 455 673 vertamur,
483 632 568 666 inter
592 631 667 664 illos
688 629 898 664 Reverendos
918 627 1072 661 Altiffimi
1087 626 1235 661 Sacerdo-

270 694 319 719 tes
343 681 581 717 numerandum
595 705 606 721 ,
632 680 687 723 qui
707 679 856 725 quotidie
870 688 1019 711 verentur
1036 679 1070 711 δε
1094 687 1234 711 reveren·

268 743 323 767 tur
340 734 473 768 offerre.
500 731 606 777 Igitur
628 741 707 764 mox
729 740 763 763 ut
796 727 914 763 Beatus
932 727 1087 762 Thomas
1106 726 1234 770 parabat

269 784 303 817 se
327 793 364 817 ut
386 783 535 820 offerret,
560 781 593 815 δ(
615 779 750 823 mystica
770 778 823 813 illa
844 779 877 812 &
897 776 1116 813 Sacerdotalia
1142 774 1236 812 indu-

265 841 376 866 menta
399 831 576 867 offerebant
597 829 741 864 Ministri
769 851 781 869 ,
818 839 898 862 mox
928 828 961 861 in
989 827 1095 873 primo
1127 828 1193 861 visu
1223 850 1233 866 ,

247 875 407 917 *necdum
430 882 528 916 etiam
553 879 606 914 his
625 890 756 913 ornatus
769 904 779 919 ,
806 887 913 912 totum
925 879 957 912 se
976 877 1232 912 concuffit&ef·

264 933 371 967 fudit.
393 931 543 978 Effudit,
569 930 701 973 inquam
727 951 737 969 ,
773 928 887 964 cor&
903 928 1042 962 excuffit
1059 926 1142 962 adeo
1162 950 1174 965 ‚
1200 935 1235 960 ut

262 982 397 1025 quidam
423 980 658 1024 lachrymarum
683 979 756 1012 fons
775 987 940 1013 emanaret
960 978 978 1011 ὲ
996 978 1118 1021 capite.
1145 976 1232 1010 Cum

261 1032 342 1065 vero
364 1028 625 1067 Sacerdotalibus
642 1030 705 1072 jam
726 1038 885 1069 ornatus,
923 1028 1030 1062 Altari
1050 1053 1061 1068 ,
1091 1038 1148 1070 pro
1170 1025 1234 1060 suis

262 1081 298 1114 δε
319 1081 438 1124 Populi
459 1079 582 1114 deliciis
594 1078 679 1121 prius
702 1088 874 1117 oraturuS,
900 1076 933 1111 ὅ(
959 1077 1028 1119 post
1051 1076 1230 1116 oblaturus,

259 1129 397 1164 adstaret
417 1154 428 1170 ‚
466 1127 545 1162 ade&
565 1126 775 1162 humiliatum
797 1137 865 1161 erat
884 1137 943 1160 cor
959 1126 1027 1169 ejus
1059 1127 1094 1161 &
1115 1127 1233 1161 contri-

260 1189 356 1220 tum,
381 1190 417 1213 ut
442 1180 525 1213 inter
544 1180 628 1212 sacra
650 1176 867 1220 deprecatoria
879 1187 953 1210 cum
975 1175 1152 1219 lachrymis
1173 1177 1233 1210 sin·

259 1230 372 1274 gultus
393 1228 497 1273 magis
517 1237 736 1272 ponerentur,
762 1227 859 1271 quam
882 1226 1010 1262 Verba.
1037 1227 1106 1275 Qi
1132 1227 1231 1261 etiam

261 1279 309 1313 ob
330 1291 428 1314 vanas
450 1279 484 1312 ὅ(
506 1288 602 1323 vagas
623 1277 731 1312 cordis
753 1275 977 1322 cogitationes
1012 1277 1231 1319 reprimendas

259 1330 348 1363 inter
369 1329 600 1364 celebrandum
616 1352 626 1367 ,
651 1326 729 1361 dum
753 1326 896 1361 Ministri
910 1327 941 1360 in
958 1339 994 1361 ea
1017 1327 1115 1361 Missa
1129 1351 1139 1367 ,
1165 1338 1233 1371 quae

257 1377 582 1414 Catechumenorum
605 1378 747 1417 dicitur,
775 1377 994 1420 spiritualibus
1026 1377 1232 1411 intenderent

258 1427 427 1470 Canticis,
456 1430 579 1472 semper
607 1428 750 1469 aliquem
773 1425 932 1461 Ethicum
944 1428 978 1461 in
1002 1438 1102 1461 manu
1127 1437 1233 1462 tenere

257 1480 484 1513 consueverat.
513 1479 558 1513 Et
575 1476 777 1520 frequentius
796 1488 832 1511 ea
852 1475 934 1511 hora
956 1476 1095 1511 habebat
1116 1477 1150 1512 in
1172 1488 1235 1511 ma·

258 1526 357 1561 nibus
379 1527 553 1569 quemdam
583 1527 784 1560 orationum
809 1525 956 1560 libellum
979 1550 1007 1568 ,›
1027 1538 1126 1571 quem
1151 1538 1236 1561 unus

259 1575 520 1621 praedecessorum
541 1574 696 1611 suorum,
723 1583 778 1604 vas
804 1573 1043 1615 Catholicum,
1070 1575 1237 1611 haeretico.

258 1637 333 1662 xum
355 1625 509 1665 baculus,
535 1622 668 1656 malleus
690 1621 931 1664 Tyrannorum
955 1647 966 1663 ,
990 1622 1226 1668 Scripturarum

257 1676 457 1715 armarium,
485 1672 657 1717 Evangelii
679 1671 755 1705 tuba
779 1694 790 1711 ,
827 1671 861 1704 &
884 1670 1040 1705 columna
1071 1674 1197 1714 justitie
1224 1699 1235 1714 ,

254 1725 375 1761 Beatus
390 1724 559 1759 Anselmus
573 1722 658 1765 stylo
678 1722 758 1755 ficut
771 1720 939 1755 salubriter
950 1721 1128 1766 pungitivo
1143 1745 1155 1761 ‚
1182 1723 1231 1756 vel

254 1775 428 1822 pungitive
450 1773 569 1809 salubri
592 1773 625 1807 &
647 1770 844 1816 elegantiex
863 1771 991 1805 intimis
1011 1772 1122 1805 sanstae
1135 1771 1231 1806 devo-

255 1828 361 1862 tionis
380 1827 439 1859 suae
463 1822 613 1859 medullis
626 1827 811 1866 exceperat.
838 1820 966 1862 Hunc,
991 1820 1126 1865 inquam
1140 1845 1151 1861 ,
1179 1822 1231 1857 ha·

258 1876 356 1911 bebat
378 1875 500 1910 ibidem
524 1874 564 1907 ab
584 1872 736 1907 oratione
759 1869 798 1905 ad
817 1870 990 1906 lectionem
1002 1874 1034 1905 se
1053 1870 1227 1915 excipiens.

255 1926 390 1963 Deinde
414 1923 490 1958 vero
511 1933 620 1958 toturn
646 1921 711 1956 hoc
746 1921 883 1966 speciale
902 1921 1061 1957 orationis
1087 1932 1191 1966 genus
1218 1946 1230 1962 ,

258 1974 348 2021 quod
372 1975 470 2008 Missa
490 1973 634 2011 dicitur,
658 1972 984 2015 festinantersemper
1005 1973 1231 2006 consummare

251 2026 466 2061 consueverat
490 2034 497 2054 :
524 2022 561 2055 In
585 2021 691 2056 Miffae
712 2021 849 2055 introitu
883 2020 968 2056 dicta
987 2031 1054 2056 una
1085 2021 1230 2056 collecta

252 2073 368 2119 saepius
381 2098 391 2114 ‚
418 2071 549 2108 interim
563 2071 665 2104 tribus
681 2094 692 2111 ,
718 2071 863 2115 pluribus
874 2070 951 2105 νει-ὂ
965 2095 977 2111 ,
1002 2081 1059 2106 aut
1082 2072 1138 2106 vix
1150 2095 1161 2113 ,
1176 2082 1231 2106 aut

255 2125 446 2169 nunquam.
477 2122 520 2155 Et
542 2120 693 2164 primaria
717 2120 850 2163 quidem
877 2120 1043 2155 institutio
1053 2121 1140 2160 fuit,
1166 2133 1231 2155 una

257 2173 390 2212 tantum
411 2173 592 2207 diceretur:
620 2180 656 2204 ut
684 2171 764 2205 sicut
785 2170 831 2205 est
843 2170 989 2215 Epistola
1012 2182 1100 2210 una,
1128 2171 1230 2206 Evan-

255 2226 384 2272 gelium
409 2233 535 2262 unum,
563 2221 597 2254 &
620 2221 766 2255 Colleffl
789 2222 863 2255 esset
887 2231 952 2254 una
974 2244 982 2253 .
1019 2220 1132 2254 Postea
1156 2221 1232 2255 vero

257 2275 404 2321 processu
428 2272 583 2316 temporis
604 2270 710 2314 plures
727 2271 802 2304 sunt
814 2268 948 2312 additae,
977 2281 1048 2314 quae
1068 2279 1177 2304 tamen
1192 2273 1232 2305 se-

257 2325 407 2361 cundum
426 2324 566 2358 formam
588 2321 766 2355 Canonum
787 2344 798 2362 ,
823 2331 998 2355 numerum
1020 2321 1230 2364 septenarium

261 2387 332 2411 non
360 2373 542 2408 excedunt.
572 2371 671 2405 Hanc
686 2381 797 2405 autern
819 2370 852 2404 in
876 2369 940 2405 hoc
962 2370 1093 2414 speciali
1111 2372 1232 2406 oratio-

259 2425 314 2461 nis
333 2435 451 2470 genere
472 2421 662 2456 brevitatem
677 2445 687 2462 ,
712 2421 746 2455 &
763 2421 799 2455 in
832 2421 1061 2455 Sacramentali
1086 2422 1232 2456 carnium

261 2475 355 2520 Agni
382 2472 585 2509 immaculati
608 2472 663 2506 esu
694 2468 916 2505 festinantiam
938 2495 949 2511 ‚
989 2481 1116 2514 propter
1138 2472 1230 2505 illurn

258 2522 430 2560 verebatur
454 2522 594 2558 Domini
613 2522 800 2562 transitum,
827 2520 986 2556 edostusa
1004 2521 1157 2556 Domino
1181 2523 1232 2556 Sa·

257 2575 373 2609 cerdos
396 2572 582 2615 hujusmodi
604 2571 794 2606 observabat
814 2596 825 2612 ,
849 2572 940 2615 juxta
963 2572 1054 2615 quod
1079 2572 1111 2605 in
1145 2573 1232 2616 Lege

261 2625 415 2666 scriptum
437 2621 481 2655 est
508 2634 517 2652 2
543 2624 587 2653 Et
603 2623 753 2654 comedetis
765 2621 965 2663 festinanter.
995 2621 1047 2661 Est
1059 2628 1137 2655 enim
1156 2622 1230 2664 pha·

260 2672 314 2717 se,
340 2673 374 2704 id
393 2671 452 2711 est,
475 2669 618 2711 tranfitus
643 2673 762 2702 Domini
799 2695 807 2703 .
835 2670 1040 2706 Comedebat
1061 2672 1171 2716 itaque
1193 2672 1234 2706 fe-

264 2724 424 2757 stinanter
444 2731 571 2764 propter
585 2720 768 2753 emissiones
793 2731 846 2763 per
860 2720 1003 2765 Angelos
1015 2722 1118 2758 malos
1131 2746 1141 2762 ‚
1167 2734 1233 2766 per·

265 2773 427 2806 niciosum
450 2770 572 2804 scilicet
603 2780 758 2802 vanarum
791 2771 1032 2814 cogitationum
1068 2774 1233 2816 superven-

266 2834 358 2861 tum,
393 2821 425 2854 in
448 2820 677 2855 Sacramentali
700 2819 873 2853 Dominici
895 2820 1048 2863 Corporis
1060 2823 1234 2868 perceptio·

267 2884 309 2907 ne
328 2882 394 2904 non
414 2869 547 2909 tardus,
572 2881 638 2902 non
651 2870 798 2903 morosus
810 2894 819 2908 ,
850 2880 916 2903 non
930 2882 1014 2904 nova
1028 2873 1234 2917 praeterquam

266 2924 302 2957 in
324 2922 463 2956 Canone
484 2919 659 2954 constituta
681 2921 752 2952 sunt
765 2918 967 2963 adiungens,
995 2922 1102 2958 verum
1115 2934 1152 2956 ea
1165 2934 1231 2966 prae-

267 2972 375 3006 sertim
398 2969 477 3003 hora
502 2968 759 3013 profundiffimas
783 2980 938 3012 tauquam
960 2982 999 3003 ex
1025 2972 1150 3006 intimis
1173 2974 1231 3016 pie·

270 3023 348 3055 tatis
366 3019 540 3054 visceribus
559 3018 740 3062 lachrymas
761 3016 1030 3061 profundebat&
1055 3022 1233 3066 singultus,

270 3070 423 3115 tanquam
444 3070 557 3106 attada
580 3067 702 3103 Christi
724 3070 857 3103 vulnera
890 3079 959 3103 tota
982 3070 1099 3105 intima
1128 3073 1235 3106 cordis

268 3121 438 3156 excutiens
459 3120 574 3153 viscera
589 3143 599 3159 ‚
624 3119 657 3152 &
676 3118 844 3153 effundens
864 3142 872 3150 .
899 3119 991 3153 Huic
1012 3130 1108 3154 tantae
1139 3122 1234 3156 devo-

273 3172 358 3206 tioni
380 3170 601 3204 testimonium
620 3168 784 3212 perhibere
810 3179 984 3212 poterunt,
1011 3181 1173 3214 quotquot
1185 3173 1233 3204 sae·

274 3222 344 3264 pius
366 3219 496 3264 publice
515 3219 669 3254 offerenti
690 3218 875 3253 adstabant.
907 3219 1029 3253 Manus
1047 3221 1145 3254 etiam
1168 3223 1238 3254 suas

274 3270 455 3303 excutiebat
479 3268 533 3302 hic
555 3269 602 3302 vir
625 3267 666 3302 ab
691 3269 782 3304 omni
799 3278 949 3309 munere,
976 3271 1007 3303 ὃ(
1029 3270 1045 3303 a
1070 3270 1172 3305 domo
1184 3271 1236 3305 sua

275 3319 383 3353 sordes
403 3320 543 3353 avaritiae
564 3317 691 3363 prorsus
711 3318 917 3353 eliminabat.

572 3369 586 3412 J
613 3369 647 3403 O
669 3368 700 3401 A
728 3369 761 3402 N
791 3369 825 3401 N
856 3369 883 3400 E
910 3370 947 3403 S.

325 3416 469 3452 UNDE
496 3418 529 3451 ἆ
543 3427 618 3452 tunc
630 3419 784 3461 temporis
797 3419 937 3458 accidit,
964 3430 999 3452 ut
1023 3419 1238 3462 Abbasums,

274 3469 443 3515 negotium
467 3467 587 3502 habens
605 3467 637 3502 in
660 3469 760 3504 Curia
774 3468 840 3513 ejus
852 3493 862 3510 ‚
889 3469 1015 3514 aliquot
1026 3482 1138 3506 aureos
1153 3484 1238 3505 nun<-

1303 384 1395 419 reperi
1413 379 1593 423 superquam
1617 391 1738 413 auream
1756 404 1767 421 ‚
1803 390 1870 422 quae
1887 391 1944 412 non
1960 379 2052 423 sellim
2070 380 2134 424 post
2159 382 2271 417 ‘aurum

1303 428 1396 468 a'bm,
1418 429 1476 472 sed
1494 442 1599 462 aurum
1620 430 1723 470 abjicit
1735 453 1746 468 ,
1765 428 2049 472 spernit&cal2at.
2082 432 2124 465 Et
2135 431 2267 474 qffidem

1301 478 1341 511 de
1359 479 1462 513 domo
1483 479 1660 514 Pontifieis
1682 479 1823 514 Abbatis
1852 478 1918 514 hoc
1940 480 2118 524 gloriosum
2153 492 2270 524 praeco-

1302 528 1409 562 nium.
1439 529 1517 564 Erat
1536 541 1668 574 quoque
1693 529 1844 575 providus
1855 530 1889 563 in
1902 529 2063 572 consiliis,
2079 530 2166 566 &in
2191 542 2269 567 ven·

1299 577 1450 613 tilatione
1470 581 1647 614 caussarum
1668 580 1809 623 diligens
1819 579 2026 613 &modestus
2047 580 2205 624 auditor,
2230 583 2267 618 iu

1299 627 1609 673 interrogationibus
1632 629 1777 670 subtilis,
1797 629 1839 663 -in
1863 629 2118 673 responsionibus
2142 642 2270 677 promp-

1299 687 1372 718 tus,
1399 678 1433 711 in
1457 677 1589 721 judiciis
1610 680 1711 723 justus
1732 703 1743 719 ,
1778 679 1814 713 δε
1835 680 2045 722 personarum
2076 681 2267 725 acceptione

1298 727 1432 762 deducta
1458 728 1536 771 juris
1559 740 1611 772 per
1635 729 1748 763 omnia
1760 728 1945 763 rectiffimus
1962 740 2137 764 executor·
2162 730 2270 766 Ost'ia·

1299 776 1357 811 tim
1375 778 1634 813 mendicantium
1655 779 1762 813 nullus
1782 778 1823 813 ab
1844 779 1914 823 ejus
1946 778 2052 822 januis
2077 790 2197 815 vacuus
2221 781 2270 817 re0'

1299 827 1362 861 diit
1375 850 1383 859 .
1409 826 1540 863 Domos
1554 840 1715 874 oegrorum
1730 828 1780 863 vel
1794 829 1874 863 lares
1885 828 2048 863 debilium
2068 841 2124 874 per
2135 832 2211 867 suos
2222 831 2274 866 di·

1302 877 1455 921 ligentius
1476 878 1696 918 scrutabatur,
1721 879 1754 913 δε
1775 878 1942 913 beneficiis
1961 878 2106 915 visitabat
2119 905 2130 921 ,
2156 892 2271 926 quam·

1300 926 1403 970 plures
1423 939 1536 963 eorum
1560 930 1756 973 quotidiano
1791 928 1900 969 vie'tu,
1937 928 2116 974 vestituque
2141 932 2270 966 susten·

1300 986 1386 1011 tans.
1418 975 1505 1012 Cum
1525 979 1571 1013 eis
1594 980 1651 1022 piae
1673 978 1836 1013 memoriae
1851 977 2070 1014 Theobaldus
2091 980 2269 1017 Ptaedeces-

1299 1027 1349 1060 sor
1370 1028 1615 1076 ipsiusstatutas
1641 1028 1907 1065 Praedecefforum
1932 1030 2062 1064 suorum
2082 1030 2271 1076 Eleemosya

1299 1087 1355 1111 nas
1374 1077 1539 1121 duplicare
1557 1079 1786 1119 consueverit,
1811 1076 1868 1111 hic
1888 1077 2037 1122 religiosa
2047 1080 2270 1124 minuatione,

1298 1127 1431 1175 duplum
1454 1128 1659 1171 ejuseensuit
1679 1127 1913 1171 duplicandum
1926 1152 1933 1160 .
1961 1128 2017 1162 Ad
2027 1129 2120 1172 cujus
2138 1125 2270 1174 pii'opei

1297 1177 1608 1213 ris'observa‘ntiam
1641 1180 1791 1213 omnium
1808 1202 1818 1218 ‚
1853 1189 1896 1212 ex
1924 1184 2130 1223 quocumque
2165 1179 2276 1215 titul&

1297 1227 1513 1271 percipiebat,
1538 1230 1679 1263 decimas
1690 1229 1907 1262 consecravit.
1943 1227 2135 1272 Religiosos
2165 1229 2269 1264 Viros

1295 1286 1383 1312 tanta
1415 1279 1592 1313 reverentia
1630 1278 1812 1322 excipiebat
1837 1302 1848 1318 ,
1885 1287 1921 1311 ut
1941 1277 2026 1312 credi
2049 1280 2150 1322 posset
2173 1280 2206 1314 se
2233 1281 2270 1314 in

1293 1327 1342 1361 eis
1361 1327 1520 1362 Divinam
1545 1329 1744 1372 praesentiam
1771 1338 1827 1363 aut
1850 1328 2001 1372 Angelos
2025 1329 2169 1371 venerari
2188 1352 2197 1361 .
2227 1330 2269 1364 ln

1292 1371 1468 1412 ex‘ercenda
1493 1378 1714 1423 hospitalitate
1730 1378 1764 1412 δι
1784 1378 1854 1413 aliis
1890 1377 2092 1413 liberalitatis
2110 1377 2270 1423 operibus

1293 1427 1334 1461 sic
1356 1427 1524 1471 pollebat,
1549 1438 1585 1463 ut
1604 1429 1834 1473 quodcumque
1853 1426 1972 1463 eratin
1996 1427 2207 1464 facultatibus
2229 1440 2271 1464 e·-

1293 1476 1360 1520 jus,
1385 1489 1562 1514 commune
1575 1478 1740 1514 bonorum
1751 1478 1900 1514 omnium
1911 1477 2006 1513 credi·
2023 1479 2145 1523 posset.
2171 1478 2270 1514 Libe-

1295 1527 1382 1562 rabat
1405 1539 1577 1572 pauperem
1598 1530 1616 1563 a
1638 1539 1797 1573 putente,
1823 1537 1862 1564 ut
1882 1529 1941 1572 qui
1966 1528 2073 1563 revera
2092 1526 2186 1564 datus
2195 1537 2266 1564 erat

1295 1588 1471 1621 pauperum
1496 1578 1593 1613 Pater
1614 1603 1627 1619 .
1658 1580 1692 1613 &
1714 1578 1923 1613 moerentium
1948 1578 2171 1614 Consolatot.
2205 1579 2272 1614 Ar·

1293 1627 1413 1671 guebat
1437 1626 1535 1661 libere
1557 1638 1838 1671 quarumcumque
1854 1628 1934 1660 vitia
1958 1628 2185 1674 potestatum,
2211 1628 2274 1664 stoi-⁶

1292 1687 1350 1709 ens
1362 1698 1372 1712 ‚
1396 1676 1486 1717 quod
1498 1676 1556 1708 ubi
1576 1676 1711 1717 Spiritus
1726 1675 1894 1715 Domini,
1922 1672 1967 1711 ibi
1978 1677 2076 1712 conse
2218 1677 2274 1715 uss-

1292 1723 1325 1756 ec
1348 1722 1499 1757 libertas.
1525 1721 1686 1757 Pensabat
1703 1733 1812 1756 tamen
1837 1723 2058 1757 vir-discretus
2079 1725 2275 1760 meree-hod

1295 1773 1443 1810 minum,
1468 1782 1552 1816 quos
1571 1771 1725 1816 arguebat
1748 1771 1981 1807 aut-‘monebat
2003 1797 2014 1813 ,
2041 1784 2085 1809 ne
2110 1774 2264 1810 &ustum

1293 1822 1381 1857 daret
1401 1822 1538 1856 canibus
1550 1847 1560 1862 ‚
1581 1832 1636 1856 aut
1657 1821 1853 1867 Margaritas
1871 1822 2029 1866 spargeret
2048 1832 2127 1858 ante
2139 1822 2270 1868 porcos.

1292 1873 1335 1906 Et
1359 1873 1436 1917 quia
1452 1883 1527 1906 eum
1549 1871 1696 1907 Coelestis
1719 1872 1859 1907 docebat
1882 1873 1995 1907 unstio
2014 1897 2027 1914 ‚
2052 1873 2118 1909 sive
2138 1875 2265 1918 littera-

1290 1923 1355 1963 tis,
1380 1923 1446 1956 five
1466 1921 1624 1956 illiteratis
1660 1922 1846 1964 loqueretur
1867 1947 1879 1964 ,
1912 1923 2032 1957 mirum
2060 1923 2096 1958 in
2129 1919 2268 1960 modum

1289 1971 1454 2012 eruditus,
1480 1973 1514 2006 ἀ
1527 1972 1683 2015 eloquens
1701 1972 1887 2016 apparebat.
1917 1972 1961 2007 Et
1985 1972 2267 2018 praedicatio'ejuz

1290 2032 1357 2057 tarn
1378 2021 1521 2065 pondere
1541 2022 1795 2063 sententiarum,
1820 2022 1918 2068 quam
1942 2022 2080 2067 puritate
2091 2024 2274 2060 verborum.

1291 2072 1419 2116 placens
1443 2082 1509 2106 erat
1528 2072 1560 2105 ἀ
1583 2073 1713 2106 efficax.
1755 2073 1799 2106 Et
1821 2072 1968 2117 quamvis
2001 2074 2134 2109 Domus
2159 2075 2229 2117 ejus
2254 2097 2268 2116 ,

1292 2134 1349 2166 pro
1375 2133 1467 2156 more
1491 2121 1620 2166 gentis,
1660 2121 1849 2157 utensilibus
1883 2123 2029 2166 pretiosis
2046 2125 2079 2158 δε
2108 2124 2270 2170 gerendo·

1291 2184 1359 2206 rum
1384 2171 1480 2205 variis
1504 2170 1692 2205 utensilibus
1731 2171 1978 2213 nobilitaretur,
2006 2173 2262 2209 divitias-tamen

1291 2223 1324 2256 ὃ(
1346 2232 1447 2265 opes,
1472 2222 1506 2255 ἀ
1525 2233 1658 2255 ornnem
1680 2221 1802 2256 Mundi
1835 2222 2064 2265 supellectilem
2088 2235 2146 2268 pro
2168 2221 2269 2258 Chri·

1293 2272 1340 2306 sto
1362 2272 1450 2315 parvi
1473 2271 1634 2314 pendebat
1649 2295 1659 2310 ,
1687 2271 1876 2306 transitoriis
1899 2270 2008 2315 potius
2027 2282 2122 2307 utens
2145 2270 2187 2308 ed
2210 2283 2268 2308 ex·

1292 2321 1464 2366 pediendas
1492 2320 1714 2359 necessitates,
1739 2320 1837 2363 quam
1873 2319 1982 2355 sitiens
2016 2321 2058 2356 ad
2081 2321 2258 2367 explendas

1291 2371 1561 2416 concupiscentiae
1583 2369 1765 2414 voluptates
1783 2394 1791 2403 .

1492 2467 1879 2507 CAPUTs
1967 2469 2067 2504 ΧΗ.

1340 2574 1385 2605 De
1401 2570 1562 2615 sobrietate
1586 2573 1650 2612 ejur
1663 2595 1670 2603 .
1697 2572 1742 2603 Ee
1771 2571 1871 2613 qualis
1885 2569 1983 2612 fuerit
2004 2577 2036 2604 in
2058 2569 2234 2606 ordinibus.

1494 2671 1531 2704 H
1560 2672 1586 2705 E
1615 2670 1647 2704 R
1674 2671 1689 2704 1
1717 2670 1743 2702 B
1771 2669 1799 2703 E
1826 2670 1857 2704 R
1885 2670 1923 2703 T
1952 2670 1988 2706 U
2018 2671 2056 2705 S.

1395 2722 1571 2757 ALIBUS
1594 2717 1700 2766 'igitur
1714 2721 1869 2754 virtutum
1891 2720 2022 2755 refertus
2036 2720 2194 2756 odoribus
2205 2720 2268 2756 eir·

1409 2783 1445 2806 ca
1456 2771 1521 2806 diei
1545 2781 1668 2804 nonam
1693 2768 1746 2803 hic
1766 2769 1923 2804 Pontifex
1948 2772 2055 2805 noster
2075 2771 2115 2806 ad
2149 2781 2268 2814 corpo·

1293 2823 1366 2856 ralis
1390 2822 1557 2855 alimoniae
1579 2822 1609 2854 se
1638 2820 1835 2854 discubitum
1855 2821 2058 2863 preparabat.
2107 2823 2148 2854 Et
2185 2832 2265 2855 mox

1293 2883 1367 2907 curn
1390 2871 1495 2905 nobili
1518 2871 1577 2904 illo
1631 2869 1842 2903 Eruditorum
1865 2871 1993 2905 suorum
2028 2870 2194 2915 Citalogo
2218 2871 2280 2904 di·-

1295 2923 1475 2957 scubiturus
1499 2918 1689 2964 procedebat
1716 2920 1748 2951 in
1771 2918 1951 2961 publicum.
1992 2919 2034 2954 Et
2057 2917 2282 2955 discumbens*

1295 2965 1493 3006 in'medinm
1511 2971 1529 3004 a
1551 2970 1672 3004 dextris
1698 2969 1851 3002 Eruditos
1879 2971 1974 3011 suos,
2000 2969 2188 3005 Monachos
2213 2980 2263 3004 ve:

1300 3023 1336 3056 ro
1357 3022 1391 3056 ἀ
1416 3020 1605 3063 Religiosos
1627 3020 1736 3052 statuit
1758 3019 1776 3051 a
1798 3019 1928 3054 sinistris
1952 3034 1962 3053 :
2000 3020 2128 3055 Milites
2151 3019 2231 3054 vero
2255 3044 2267 3060 ,

1300 3072 1464 3113 caeterique
1486 3070 1639 3103 Potentes
1652 3069 1818 3112 separatim
1828 3070 1949 3113 semper
1970 3070 2004 3103 &
2023 3082 2077 3113 per
2089 3072 2120 3104 se
2130 3070 2268 3104 discum-

1302 3123 1420 3157 bebant
1445 3121 1594 3154 seorsim.
1622 3120 1677 3153 Ne
1692 3118 1939 3162 videlicetipsos
1958 3131 2023 3153 non
2046 3119 2267 3163 intelligentes

1302 3171 1481 3206 molestaret
1506 3170 1602 3203 lectio
1627 3193 1638 3208 ,
1664 3180 1735 3212 quae
1751 3169 1901 3212 quotidie
1921 3171 2077 3203 inmensa
2092 3168 2268 3203 pontificis

1302 3223 1342 3256 ab
1366 3220 1463 3255 initio
1484 3218 1635 3262 usquead
1649 3219 1746 3252 finem
1770 3219 1951 3254 discubitus
1961 3218 2167 3262 personabat.
2196 3219 2268 3253 vix

1302 3274 1400 3306 etiam
1432 3269 1611 3304 adventans
1640 3268 1786 3302 Clericus
1807 3270 1913 3312 quivis
1933 3269 1969 3303 in
1992 3270 2118 3312 propria
2151 3266 2269 3304 Archi·

1305 3319 1447 3355 Praesulis
1477 3320 1587 3353 mensis
1616 3318 1838 3352 discumbebat
1861 3321 1942 3353 inter
1961 3319 2034 3352 suos
2058 3344 2067 3360 ‚
2107 3318 2164 3352 nifi
2190 3328 2266 3351 eum

1304 3371 1386 3405 forie
1406 3367 1638 3404 Archi-Praesul
1660 3379 1781 3401 vocans
1813 3381 1851 3402 ex
1877 3369 2012 3403 nomine
2045 3368 2185 3403 multum
2210 3367 2266 3400 ho-

1307 3431 1418 3455 norare
1437 3420 1642 3458 decrevinet,
1668 3418 1770 3463 magis
1785 3420 1906 3461 firmpes
1923 3419 2034 3453 sanstae
2053 3419 2269 3453 conversatio-

1308 3475 1355 3506 nis
1388 3469 1437 3505 vel
1464 3470 1624 3509 scientiae,
1652 3469 1747 3513 quam
1782 3469 1953 3513 dignitatis
1987 3470 2035 3503 ve'l
2073 3469 2172 3504 officii
2206 3477 2273 3501 me·-

2130 3523 2193 3553 rsto
2220 3529 2226 3549 ε
