2358 3776
609 116 1012 172 RERUM-ET
1049 116 1495 165 VERB‘ORUM.

1883 125 1974 181 385

178 211 240 247 bus
262 212 525 256 provenientibus
535 219 682 253 tempore
700 208 781 242 sedis
802 204 947 241 vacantis
958 227 969 243 ‚
995 203 1054 237 διε.
1114 203 1230 237 Claves
1242 200 1352 245 Regni
1364 199 1533 234 Coelotum
1543 199 1643 236 Petro
1654 204 1775 242 tradita
1785 209 1861 243 sunt
1873 231 1883 242 .
1912 217 1988 255 119.
2016 216 2047 246 1.

168 265 255 297 Vide
276 263 412 307 Regalia
426 287 433 294 .
460 260 646 304 objiciebat
667 258 842 301 aliquando
862 256 935 291 Rex
958 277 969 292 ,
1003 253 1055 286 sed

178 313 320 347 {mxime
330 312 488 356 urgebant
503 311 679 354 Episcopi,
704 308 792 352 quod
807 306 908 350 Regis
927 300 1056 336 debitor

179 364 255 397 effer
267 363 313 396 D.
329 362 478 397 Thomas
488 372 527 395 ex
551 359 647 394 bonis
666 358 695 392 ei
717 356 900 391 commiffis-
911 363 1056 395 tempore

175 412 389 448 Cancellariae
400 414 461 447 suae
471 436 479 444 .
510 408 586 446 180-
598 421 627 448 2.
655 419 764 442 verum
778 406 930 441 Thomas
942 403 988 436 nil
997 403 1055 436 Re-

176 464 212 507 gi
228 461 364 497 debebat
381 469 492 508 271-1·
521 461 611 495 sicuti
624 459 697 493 Rex
710 458 775 501 ipse
786 455 829 490 est
844 453 937 487 fassus
948 454 1057 495 postea

176 511 310 556 publice
325 537 334 545 .
359 509 546 554 ibidibseq.
574 509 676 543 Erant
686 518 794 541 aurem
817 505 917 538 multa
942 505 1055 546 puncta

175 561 481 597 controversainter
501 570 688 603 utrumque.
718 558 792 591 Vide
811 553 1058 588 consuetudines

181 612 313 657 Angliae
321 637 329 644 .
357 611 555 646 protestatur
567 620 676 644 autem
687 604 894 644 D.Thomas,
905 603 993 647 quod
1004 604 1058 637 etsi

178 663 266 696 solus
276 661 430 696 articulus
453 662 621 705 superesset
633 659 674 693 de
693 653 935 700 posseffionibus
957 653 1055 688 bono-

175 723 249 746 rum
262 711 426 748 Ecclesia:
454 711 680 746 mallettamen
691 706 773 741 moti
785 705 898 749 quavis
918 714 1022 738 morte
1050 728 1060 744 ,

172 772 280 804 quam
295 762 345 795 illi
356 761 468 797 cedere
481 786 490 793 .
683 783 686 786 -
828 795 829 798 ,
935 764 1014 800 241·
1027 765 1057 790 2-

126 811 271 846 Causam
285 812 373 850 suam
384 810 465 844 dicit-
474 810 516 843 D.
528 806 680 843 Thomas
691 816 801 845 eoram
822 805 909 849 Papa
921 828 932 844 ‚
958 803 1049 838 osten

178 861 260 895 dens
284 860 542 904 persecutionem
579 858 669 891 suam
695 856 857 901 originem
880 854 996 888 ducere
1020 865 1059 886 ex

176 910 368 945 adulatione
379 908 618 953 Episcoporum
640 906 844 943 studentium
862 905 985 950 placere
1001 903 1060 937 Re·

179 962 215 1004 gi
229 982 237 992 .
967 964 1020 1002 79.
1036 964 1062 989 1.

124 1010 235 1045 Causa
249 1011 292 1044 D.
314 1007 463 1044 Thomas
486 1009 651 1053 justiffima
671 1018 754 1043 erat.
780 1007 861 1041 Non
884 1005 974 1040 enim
995 1015 1060 1038 erat

179 1059 325 1095 Thomae
335 1084 345 1100 ,
375 1060 427 1094 sed
442 1060 506 1094 Dei
519 1062 628 1103 potius
639 1061 671 1093 ὅ(
689 1057 884 1102 Apostolicae
897 1056 987 1090 Sedis
997 1054 1062 1088 Pri·

180 1110 377 1155 vilegiorum
389 1107 464 1158 285.
483 1121 510 1146 1.
524 1110 571 1143 nil
581 1111 669 1143 enim
681 1108 834 1142 Thomas
844 1106 901 1141 fibi
917 1116 1061 1148 unquam

179 1160 368 1204 praetendit,
395 1161 449 1194 sed
463 1161 579 1194 Deo&
591 1158 755 1195 Ecclesiae.
782 1156 886 1206 Qod
906 1156 928 1189 si
950 1164 1063 1188 contra

179 1210 385 1254 aequitatem,
412 1210 499 1254 Regi
514 1208 628 1244 cedere
639 1210 787 1243 voluisset
803 1233 814 1249 ,
840 1206 931 1240 omni
946 1204 1026 1238 hora
1054 1228 1065 1244 ,

179 1260 301 1294 nullius
311 1270 407 1303 opera
421 1259 505 1301 Regi
515 1260 623 1294 fuisset
635 1258 861 1295 amicissimus,
885 1255 961 1289 &in
987 1263 1061 1286 tem·

177 1309 345 1351 poralibus
371 1308 570 1342 feliciffimus
591 1331 599 1338 .
624 1305 703 1352 284.
735 1317 764 1340 ι.
789 1306 867 1348 285.
882 1314 912 1338 2.
940 1303 1063 1336 Omnia

177 1357 228 1392 illi
238 1356 374 1392 dedisset
385 1357 457 1391 Rex
471 1381 480 1396 ‚
493 1355 675 1390 dummodo
687 1354 805 1388 cadens
816 1353 973 1386 adorasset
986 1363 1062 1387 eum

178 1405 248 1453 ¹3⁸·
264 1418 292 1442 1.
320 1406 423 1452 Quod
435 1406 529 1438 causa
540 1406 583 1439 D.
593 1404 735 1438 Tbomae
746 1414 851 1438 tantas
863 1403 896 1436 &
909 1413 976 1436 tam
995 1403 1065 1436 lon-

180 1467 237 1500 gas
257 1456 292 1489 in
315 1454 439 1499 Anglia
461 1454 653 1489 excitaverit
669 1453 781 1488 turbas
810 1451 844 1485 ὅ(
867 1451 1030 1486 molestias
1056 1476 1067 1493 ,

181 1506 347 1541 existimat
359 1505 402 1537 D.
415 1503 568 1539 Thomas
579 1504 668 1547 quod
681 1504 715 1537 sit
728 1505 761 1536 ὃς
772 1502 871 1536 faerit
901 1503 1003 1536 nimia
1018 1514 1066 1544 pa-

180 1556 298 1590 tientia
313 1554 460 1589 Romani
483 1553 676 1593 pontificis,
701 1555 757 1597 qui
777 1552 794 1585 a
815 1553 976 1596 principio
999 1563 1065 1585 non

179 1606 349 1640 damnavit
359 1604 613 1638 consuetudines
626 1603 756 1649 Angliae
769 1617 779 1635 .-
807 1603 841 1636 &
865 1601 984 1636 deinde
999 1614 1066 1634 non

181 1655 333 1690 extendit
344 1666 477 1689 manum
490 1655 580 1688 suam
595 1655 686 1698 supra
700 1653 880 1696 Episcopos
893 1677 904 1693 ‚
918 1654 949 1687 ἀ
965 1653 1064 1695 ipsam

188 1706 356 1749 personam
370 1704 488 1749 Regis.
940 1701 1019 1748 285.
1037 1713 1065 1738 1.

135 1754 249 1789 Causa
258 1755 301 1788 D.
314 1754 457 1789 Thomae
466 1755 498 1788 δι
511 1754 611 1799 Regis
620 1777 630 1792 ,
655 1752 752 1796 judex
761 1752 914 1787 omnibus
937 1754 971 1785 in
994 1764 1066 1785 con-

182 1806 263 1840 seflo
284 1805 346 1838 fuit
371 1804 542 1838 Romanus
566 1802 722 1836 Pontifex
746 1812 824 1849 274.
849 1813 879 1838 2·
911 1801 953 1834 ad
976 1803 1068 1834 illum

182 1853 410 1888 convolabant
425 1852 576 1896 Episcopi
591 1863 687 1894 „pro
698 1853 730 1886 ὅτ
751 1861 866 1885 contra
878 1875 888 1890 ,
917 1850 957 1884 ad
977 1852 1068 1884 illum

180 1905 226 1939 D.
239 1904 393 1939 Thomas
403 1928 416 1945 ‚
442 1903 515 1936 Rex
527 1903 671 1936 Francia
680 1904 714 1936 δε
730 1901 862 1945 Angliae
872 1901 933 1934 διε.
945 1902 1067 1945 Singula

181 1955 255 1988 vide
265 1960 396 1997 proprus
406 1955 476 1986 locis
492 1977 499 1984 .

136 2004 258 2039 Causas
271 2004 312 2038 de
326 2003 477 2038 Eccleffis
486 2002 519 2036 δε
529 2001 667 2036 decimis
679 2000 857 2035 tractabant
869 1997 960 2034 Laici
969 2023 978 2039 ‚
995 2000 1066 2034 Rex

179 2054 311 2094 dcclii,
335 2054 428 2097 juxta
438 2053 689 2087 consuetudines
712 2051 843 2096 Angliae
868 2051 1035 2086 damnatas
1062 2076 1070 2085 .

188 2115 205 2140 1
214 2114 229 2140 1
260 2128 266 2135 ·
278 2115 310 2141 2-

146 2115 299 2190 Chari⁷tas
309 2151 443 2196 expellit
453 2153 605 2187 timorem
618 2166 626 2185 ε
948 2161 966 2200 3
975 2161 987 2185 ι
993 2162 1023 2198 5.
1039 2162 1068 2187 2.

135 2203 286 2244 Cbristum
296 2203 353 2246 qui
365 2204 464 2246 coepit
477 2202 564 2246 sequi
578 2227 589 2243 ‚
615 2213 675 2236 nec
686 2201 856 2236 familiaris
866 2199 1071 2245 dispensatio,

188 2264 248 2287 nec
263 2253 359 2296 patris
369 2262 445 2286 eum
455 2251 551 2286 debet
563 2262 712 2287 revocare
724 2252 882 2295 sepultura
897 2278 904 2284 .
943 2261 1023 2298 231.
1038 2263 1069 2287 2-

135 2303 269 2343 cbristus
280 2302 443 2345 judicatur
452 2310 528 2336 ante
540 2301 682 2345 tribunal
695 2326 707 2342 ,
733 2300 869 2346 quando
880 2300 1070 2336 Ecclesiasti-

183 2365 222 2387 ca
247 2354 379 2396 persona
401 2351 517 2394 injuste
540 2351 678 2387 trabitur
687 2352 728 2386 ad
751 2351 892 2386 seculare
911 2350 1069 2393 judicium

184 2401 240 2440 86.
257 2413 286 2438 1.
296 2402 359 2437 Sed
372 2403 427 2436 etfi
441 2403 458 2437 a
471 2401 726 2444 persecutoribus
737 2402 800 2435 suis
812 2402 929 2434 iterum
944 2401 1069 2433 crucifi-

182 2462 304 2498 gatur,
330 2462 398 2485 nou
410 2450 572 2486 occiditur
582 2461 692 2485 tamen
703 2475 710 2482 .
739 2447 794 2488 81.
809 2460 843 2485 2.
870 2449 1006 2489 cbristus
1025 2461 1070 2482 ar-

186 2511 264 2535 cum
287 2501 379 2533 suum
400 2501 561 2541 tetendit,
591 2500 787 2543 jaculaturus
809 2499 843 2533 in
866 2499 954 2533 brevi
976 2524 986 2540 ,
1013 2499 1070 2548 nisi

184 2551 337 2594 sponsam
359 2550 469 2588 suam,
496 2561 554 2592 pro
574 2550 666 2591 cuius
690 2562 800 2584 amore
812 2549 896 2584 moti
918 2549 1072 2594 dignatus

184 2600 231 2635 est
244 2625 255 2641 ,
282 2599 412 2633 liberam
427 2599 623 2641 permiserint
636 2598 802 2640 Principes
815 2623 825 2637 ,
847 2599 880 2633 &
894 2599 1072 2643 privilegiis

186 2660 259 2685 eam
281 2648 434 2684 honorari
468 2647 674 2682 sustinuerint
701 2672 711 2687 ‚

189 2711 269 2744 quas
280 2699 328 2733 illi
342 2699 499 2743 sanguine
514 2699 571 2732 suo
584 2698 783 2741 comparavit
794 2722 801 2730 .
817 2706 874 2744 92.
889 2708 919 2733 1.
940 2697 1074 2738 Christus

188 2750 259 2795 post
272 2748 480 2784 Asceufionis
503 2747 661 2793 gloriam,
690 2748 879 2790 protestatus
899 2748 944 2782 est
958 2773 968 2788 ‚
995 2749 1073 2783 ficut

187 2802 223 2835 in
238 2800 351 2834 litteris
362 2798 528 2833 invenitur
538 2796 732 2832 authenticis
744 2821 754 2837 ,
767 2798 797 2831 se
809 2797 918 2831 adhuc
928 2808 1071 2840 paratum

186 2853 251 2884 effe
262 2850 344 2883 mori
366 2861 425 2893 pro
447 2847 647 2890 humilibus,
673 2848 706 2882 &
720 2848 824 2882 crucis
848 2848 1071 2892 ignominiam

190 2899 364 2933 sustinere.
954 2909 1029 2946 153.
1042 2909 1072 2934 2·

139 2949 350 2988 Christiano,
378 2947 498 2981 nedum
512 2947 676 2983 Sacerdoti
692 2971 703 2988 ,
728 2945 813 2981 nihil
829 2947 957 2981 licitum
967 2950 1012 2982 est
1031 2961 1071 2982 ex

190 3008 346 3044 praetextu
358 2997 523 3032 fidelitatis
539 2997 610 3036 ‚ubi
622 2997 759 3032 charitas
773 2998 992 3040 periclitatur,
1003 3010 1073 3042 quae

190 3051 259 3084 vita
270 3046 345 3082 fidei
357 3047 402 3082 est
415 3071 427 3088 ‚
452 3057 652 3092 operumque
663 3048 851 3082 testimonio
873 3047 1051 3083 declaratur
1062 3074 1069 3081 .

195 3109 242 3135 10
267 3123 274 3131 ·
291 3110 322 3136 2-

141 3110 429 3185 CHkisnANl
454 3148 515 3181 effe
524 3145 677 3183 debemus
687 3173 698 3189 ,
715 3160 780 3183 non
791 3153 987 3188 Hen'riciani,
1013 3148 1072 3192 aie-

188 3198 244 3232 bat
259 3198 401 3241 Joannes
415 3196 655 3231 Satesberienfis
667 3222 674 3230 .
948 3209 1029 3245 207.
1042 3210 1072 3236 2·

134 3248 369 3283 Cistercienses
396 3247 470 3281 sunt
493 3257 640 3290 potentes
664 3247 739 3287 128.
790 3260 818 3285 1.
856 3250 964 3284 ferunt
985 3249 1071 3294 Regi

192 3297 328 3342 Angliae
350 3296 479 3331 acerbas
499 3298 541 3331 D.
562 3296 706 3332 Thomae
724 3299 865 3334 litteras.
891 3298 966 3332 Rex
989 3298 1068 3332 indi-

185 3346 383 3392 gnabundus
394 3346 504 3381 scribit
518 3345 663 3388 Abbati,
691 3358 727 3383 ut
736 3351 918 3393 compescat
931 3349 1006 3382 suos
1032 3347 1073 3381 ne

188 3399 327 3433 litterras
337 3398 443 3431 ferant
452 3421 463 3437 ,
473 3406 528 3431 aut
541 3396 630 3440 quod
643 3398 826 3439 providebit
839 3425 848 3433 .
949 3395 1028 3435 228-
1046 3410 1072 3435 1·

137 3447 297 3485 Cilicium
311 3445 500 3481 D.Thomae
515 3456 582 3480 erat
593 3447 691 3489 usque
701 3448 743 3483 ad
752 3450 893 3494 poplites
905 3475 913 3484 .
966 3459 1022 3496 49·
1039 3460 1066 3486 1.

235 3496 340 3539 cbrist-
359 3500 440 3541 Lupi
461 3500 565 3540 Opera·
579 3499 659 3533 rom.
678 3499 721 3531 X.

749 2647 1040 2692 Dignitatibusque
1064 2671 1076 2688 ,

1164 253 1252 286 vide.
1283 252 1452 284 Romanus
1463 249 1620 285 Pontifex
1633 275 1641 282 .

1117 302 1238 337 Clerici
1256 302 1340 335 male
1363 300 1506 336 viventes
1527 325 1541 342 ,
1577 302 1651 336 sunt
1669 307 1818 341 coronati
1847 307 2011 344 demones
2036 333 2044 343 .

1170 363 1223 388 11·
1237 362 1268 387 2-

1120 401 1288 436 Clericulo
1301 400 1359 435 uni
1370 410 1403 446 4.
1415 411 1470 435 aut
1483 412 1516 448 ς.
1528 400 1677 436 Ecclefiae
1696 403 1730 437 &
1742 401 1912 445 praebendae
1931 409 2048 444 tribue·

1170 452 1287 486 bantur
1297 451 1331 485 in
1344 451 1469 495 Anglia
1485 476 1496 492 ,
1520 460 1633 485 contra
1647 452 1800 486 Canones
1811 477 1819 485 .
1946 469 2003 505 94,
2014 467 2046 495 1,

1121 502 1268 536 Clericus
1278 501 1367 535 enim
1379 502 1420 535 ne
1430 501 1465 534 in
1478 501 1603 536 duabus
1615 501 1766 537 Ecclefiis
1775 513 2028 540 connumeretur
2038 531 2051 548 ,

1171 561 1281 586 vetant
1293 552 1448 586 Canones
1459 577 1466 583 .
1979 554 2055 589 ibid.

1122 599 1455 644 Clericorumjudicia
1472 599 1793 643 differuntajudiciis
1816 602 2015 639 saecularium
2041 628 2056 646 ‚

1172 651 1418 685 ficutdifferunt
1440 649 1573 685 illorum
1597 650 1747 688 habitus.
1777 651 1830 701 87.
1855 665 1887 691 2·
1909 654 2056 692 Clerico-

1173 700 1374 743 rumjudicia
1397 702 1526 744 usurpat
1552 701 1626 735 Rex
1653 702 1805 747 Angliae.
1834 703 1990 743 Accusati
2013 704 2056 740 de

1172 762 1378 794 quacumque
1390 761 1438 791 re,
1464 762 1651 795 comparere
1662 752 1825 787 debebant
1847 754 1887 787 ad
1910 755 2056 796 curiam.

1172 802 1204 834 δε
1228 799 1346 834 ibidem
1368 801 1510 835 convicti
1533 813 1601 836 non
1624 813 1773 845 poterant
1785 802 1826 837 ab
1852 803 1992 840 Ecclesia
2004 804 2058 839 de-

1174 849 1266 884 fendi
1280 874 1286 881 .
1301 851 1443 894 Eratque
1453 849 1521 884 haec
1533 863 1596 885 una
1609 863 1649 886 ex
1661 853 1955 890 consuetudinibus
1965 854 2057 890 dam-

1175 903 1259 935 natis
1281 896 1336 946 58-
1363 911 1389 936 1·
1419 911 1495 948 117-
1519 912 1548 937 2.
1575 901 1718 937 Causam
1749 902 1910 947 allegabat·
1931 929 1943 946 ,
1979 904 2056 949 quia

1174 949 1294 985 Clerici
1310 950 1394 992 apud
1410 949 1588 995 Episcopos
1600 951 1742 986 conviisti
1754 977 1765 994 ‚
1790 963 1858 987 non
1873 955 1951 987 satis·
1971 956 2059 989 seve-

1175 1002 1209 1035 re
1240 999 1478 1043 puniebantur;
1505 1002 1557 1035 sed
1578 1002 1816 1037 mulctabantur
1835 1002 1876 1038 ad
1897 1005 2059 1038 summam

1174 1051 1332 1094 pecuniae.
1362 1061 1414 1097 93.
1442 1062 1469 1086 1.
1499 1053 1609 1095 Atque
1630 1052 1693 1086 hoc
1717 1053 1856 1088 avaritiae
1881 1053 2063 1098 Episcopo·

1175 1112 1245 1134 rum
1257 1099 1456 1134 adscribebat
1469 1100 1563 1134 Rex.
1591 1102 1664 1135 ibid.
1692 1102 1799 1137 Aliter
1810 1104 1887 1137 fecit
1898 1103 2063 1139 Constan-

1177 1152 1286 1185 tinus-7
1313 1150 1354 1183 ad
1370 1161 1466 1191 quem
1479 1163 1555 1185 cum
1567 1154 1659 1186 causa
1674 1152 1877 1187 Clericorum
1894 1153 2064 1189 defereba-

1177 1212 1244 1234 tur:
1275 1200 1459 1242 respondit,
1487 1204 1981 1245 vost?neminejudt'caripotestls:
2009 1205 2060 1237 sae-

1176 1252 1334 1286 culariurn
1345 1250 1466 1284 scilicet
1487 1250 1665 1293 judicium:
1693 1252 1842 1297 quisalius
1872 1257 1928 1288 Del
1945 1254 2063 1298 judicto

1175 1299 1371 1343 reservamini
1382 1324 1389 1331 .

1128 1350 1249 1386 Clerici
1264 1348 1599 1384 criminalesinfames
1609 1350 1649 1385 ad
1673 1350 1816 1386 tribunal
1835 1352 1981 1388 faeculare
2004 1364 2066 1390 tta*

1178 1399 1415 1434 hunturlicite.
1447 1399 1500 1435 16.
1515 1411 1542 1436 1·
1570 1401 1644 1435 Rex
1669 1402 1871 1445 pertrahebat
1896 1406 2065 1448 quoscum·

1178 1460 1264 1492 que,·
1291 1448 1487 1483 sedillicite.
1985 1456 2061 1488 ibid.

1130 1499 1249 1535 Clerici
1260 1498 1413 1532 occisoris
1434 1510 1549 1541 paena,
1576 1500 1620 1534 ab
1642 1501 1809 1545 Episcopis
1831 1502 2066 1540 decernebatur

1179 1547 1427 1583 exauthoratio.
1459 1560 1534 1598 139.
1550 1562 1579 1587 2--
1612 1551 1663 1586 16.
1688 1563 1716 1587 1.
1743 1552 1775 1586 id
1800 1554 1834 1587 in
1861 1555 1999 1590 Clericis
2024 1556 2068 1590 le-

1178 1599 1319 1633 storibus
1330 1598 1362 1631 δι
1376 1599 1556 1642 Acolythis
1568 1602 1712 1636 sufficere
1724 1604 1861 1647 negabat
1877 1605 1949 1639 Rex
1964 1617 1970 1637 z
1996 1618 2068 1640 rnu-

1179 1650 1265 1684 tilari
1277 1649 1377 1683 ctiam
1390 1661 1446 1682 eos
1458 1650 1592 1684 volens.
1606 1652 1677 1684 ibid.
1697 1652 1849 1696 Episcopi
1864 1656 1940 1688 vero
1954 1655 2070 1690 ortho-

1180 1698 1525 1743 doxisicarguebant:
1553 1701 1646 1734 Deus
1666 1713 1732 1735 non
1756 1703 1849 1744 punit
1870 1705 1956 1738 idem
1981 1706 2029 1739 bis
2055 1721 2065 1740 2

1184 1762 1243 1783 nec
1259 1748 1379 1781 Clerici
1392 1749 1543 1782 conditio
1557 1749 1646 1792 pejor
1665 1750 1709 1783 est
1722 1752 1915 1787 conditione
1937 1755 2070 1789 Saecula-¹

1181 1800 1242 1832 ris.
1272 1797 1415 1830 Proinde
1430 1797 1533 1840 primo
1544 1799 1712 1843 degradari
1724 1800 1843 1837 debent
1859 1828 1869 1844 ‚
1895 1804 1926 1838 ἃ
1938 1802 2069 1847 sufficit,

1181 1860 1218 1882 ac
1229 1847 1348 1882 deinde
1358 1871 1369 1887 ‚
1396 1847 1419 1881 fi
1431 1848 1466 1882 in
1475 1851 1597 1883 crimen
1611 1850 1793 1885 reincidant
1807 1876 1818 1892 ,
1831 1863 1983 1896 poterunt
1998 1867 2069 1889 mu-

1182 1898 1265 1932 tilari
1281 1921 1288 1929 .
1966 1905 2017 1941 16.
2039 1918 2067 1941 1.

1119 1946 1298 1981 *Clericum
1313 1948 1480 1992 quemvis,
1509 1948 1701 1990 &ministris
1713 1950 1840 1994 justitiae
1852 1954 2005 1991 saecularis
2018 1956 2069 1990 in·

1179 1997 1330 2031 carcerari
1341 2023 1351 2039 ,
1376 1999 1421 2032 est
1432 2008 1546 2033 contra
1557 1999 1753 2046 dignitatem
1766 2003 1890 2039 ordinis
1903 2030 1910 2038 .
1940 2017 2018 2052 225.
2034 2018 2069 2043 2.

1132 2048 1336 2083 Clericorum
1357 2047 1591 2085 adhaerentium
1618 2051 1662 2085 D.
1688 2052 1830 2087 Thomae
1850 2054 1992 2097 reditus,
2021 2057 2069 2091 su-

1182 2098 1281 2142 spenfi
1300 2100 1374 2132 sun-t
1385 2099 1418 2133 ἀ
1430 2098 1588 2135 interdiffl
1604 2113 1658 2144 per
1675 2102 1812 2148 Regem.
1965 2117 2022 2153 72.
2036 2118 2069 2144 2.

1131 2147 1355 2183 Cluniacenfis
1368 2148 1504 2184 Ecclefia
1521 2150 1655 2193 poffidet
1667 2154 1699 2186 in
1715 2154 1903 2189 Monastica
1920 2155 2069 2201 Religio·

1178 2209 1243 2256 ne,
1270 2198 1463 2235 orbislatini
1474 2224 1486 2242 ,
1512 2201 1713 2244 poffeffionis
1723 2203 1862 2249 gloriam
1890 2205 1977 2249 quafi
1998 2217 2072 2250 pro-

1182 2258 1283 2289 priam
1302 2271 1310 2279 .
2017 2281 2024 2288 .
2036 2269 2069 2294 2·

1131 2295 1355 2331 collectarum
1365 2295 1401 2329 in
1418 2297 1516 2333 Missa
1531 2300 1633 2344 prima
1654 2302 1818 2337 institutio
1843 2304 1911 2342 est,
1939 2266 2075 2340 ut9⁵tan-

1183 2359 1254 2381 turn
1276 2347 1404 2381 dicatur
1425 2358 1510 2382 una:
1550 2351 1660 2393 postea
1681 2351 1838 2387 Canones
1858 2355 2072 2397 permiserunt

1185 2398 1326 2440 septem,
1352 2396 1402 2430 sed
1418 2408 1484 2430 non
1501 2398 1605 2439 plures
1621 2422 1628 2430 .
1992 2402 2023 2440 8.
2039 2417 2068 2441 1·

1133 2448 1260 2484 Comes
1269 2446 1310 2480 de
1321 2445 1470 2479 Arundel
1485 2446 1591 2479 nitide
1602 2447 1636 2480 &
1660 2448 1806 2483 modeste
1819 2460 1945 2493 perorat
1956 2465 2069 2489 coram

1169 2530 1173 2534 ,
1185 2496 1271 2540 Papa
1283 2521 1293 2536 ‚
1320 2496 1362 2529 de
1373 2495 1543 2529 formanda
1556 2497 1729 2540 paceinter
1741 2499 1896 2545 Regnum
1907 2503 1942 2537 δε
1963 2504 2073 2539 Sacer·

1187 2549 1314 2582 dotium
1335 2570 1341 2577 -
1975 2553 2063 2590 26.1

1137 2597 1289 2640 Compati
1312 2593 1450 2628 miseriis>
1467 2595 1583 2630 alienis
1606 2607 1721 2640 parum
1730 2599 1774 2634 est
1790 2625 1800 2640 ,
1829 2601 1881 2635 sed
1906 2604 2069 2638 succurre·

1185 2660 1218 2682 re
1230 2647 1274 2680 est
1286 2643 1511 2679 misericordiae
1525 2670 1532 2678 .
1941 2663 2014 2700 304,
2032 2665 2062 2691 2-

1135 2696 1303 2733 Confeffio
1315 2706 1374 2729 nec
1386 2705 1440 2739 per
1450 2697 1599 2737 personas
1609 2696 1813 2743 interpofitas
1824 2726 1835 2742 ,
1865 2714 1924 2737 nec
1942 2705 2066 2747 scripto

1184 2747 1250 2781 fieri
1261 2745 1359 2780 debet
1372 2767 1383 2784 ‚
1407 2756 1467 2779 nec
1480 2746 1560 2781 solet
1572 2771 1579 2778 .
1834 2761 1884 2797 ις.
1904 2765 1932 2788 1.
1970 2765 2024 2799 51.
2039 2764 2069 2788 2.

1135 2797 1334 2833 Confitentis
1346 2795 1420 2829 viva
1428 2806 1494 2830 vox
1506 2821 1518 2838 ,
1544 2797 1613 2841 quo
1628 2798 1702 2843 plus
1722 2810 1819 2846 auget
1838 2803 2049 2838 devotionem
2061 2828 2073 2845 ,

1181 2849 1222 2881 eo
1235 2847 1304 2890 plus
1317 2845 1412 2880 habet
1427 2846 1556 2881 virtutis
1568 2873 1575 2880 .
1978 2862 1996 2898 ς
2007 2863 2068 2888 1-2.

1134 2898 1308 2932 conrardus
1320 2895 1671 2940 Moguntinuseleetus
1685 2922 1696 2939 ‚
1721 2901 1850 2936 summae
1862 2904 2013 2946 potentiae
2023 2903 2068 2936 est

1183 2947 1269 2990 apud
1304 2945 1427 2990 Papam
1439 2971 1449 2978 .
1470 2946 1548 2983 106.
1576 2961 1606 2985 2·
1634 2951 1774 2984 Amicus
1809 2964 2003 2997 permagnus
2026 2953 2068 2986 D.

1186 2995 1348 3031 Thomae.
1948 3011 2014 3045 107
2038 3012 2067 3037 1.

1134 3047 1346 3084 Conscientia
1358 3047 1482 3091 semper
1507 3048 1651 3092 exagitat
1674 3049 1834 3093 impium,
1860 3062 2069 3095 perpetuum-

1182 3098 1409 3141 quetimorem
1429 3098 1571 3136 incutit,
1599 3097 1702 3142 neper
1724 3101 1846 3145 singula
1859 3112 2026 3136 momenta
2054 3125 2068 3143 ‚

1183 3147 1315 3191 recipiat
1328 3146 1416 3188 quod
1431 3157 1571 3180 meretur
1585 3172 1593 3180 .
1943 3160 2020 3197 273.
2036 3162 2067 3186 1.

1134 3196 1428 3233 consentientes&
1439 3195 1621 3238 facientes,
1647 3199 1713 3243 pari
1726 3211 1819 3244 poena
1836 3224 1846 3239 ,
1874 3201 1922 3233 lex
1937 3200 2065 3237 Divina

1182 3245 1453 3291 comprehendit.
1801 3247 1878 3286 280.
1891 3259 1918 3282 2.
1955 3247 2016 3286 118.
2036 3261 2066 3287 t-

1134 3297 1315 3334 Consilium
1332 3295 1365 3329 in
1378 3294 1680 3340 ambiguistantum
1697 3298 1790 3332 habet
1803 3299 1928 3333 locum.
1952 3309 2031 3343 214.
2041 3308 2066 3333 1.

1183 3346 1367 3382 Consilium
1379 3347 1582 3388 quaerendum
1596 3348 1639 3381 est
1654 3347 1821 3390 asapiente
1838 3373 1845 3381 .
1861 3358 1964 3397 1¹32·
1978 3350 2068 3384 Con·

1184 3398 1288 3431 filium
1310 3395 1518 3430 necessarium
1539 3396 1595 3439 qui
1624 3407 1723 3441 negat
1745 3421 1756 3437 ,
1801 3400 1937 3443 seipsum
1969 3409 2059 3434 reum

1183 3444 1350 3493 sanguinis
1360 3446 1495 3482 fratrum
1507 3445 1678 3530 constitiicit
1692 3471 1698 3478 .
1730 3457 1785 3495 90,
1796 3459 1828 3486 2.
1852 3448 1999 3485 confluo
2011 3448 2066 3489 ἀφ,

1673 3496 1705 3532 Κ
1906 3498 2016 3544 ficiem:
