2358 3776
396 116 415 151 ¹
430 114 495 162 54

305 188 352 227 ‘in
364 182 572 227 contumacia
583 179 802 222 &rebellione
811 185 867 222 sua
876 195 990 222 contra
1002 194 1035 221 te
1063 187 1174 220 fovere
1196 195 1255 218 no-

309 239 432 279 lentes,
460 236 651 272 sententiam
663 260 674 277 ‚
702 247 801 280 quam
826 237 861 271 in
872 247 947 272 eum
971 245 1105 279 propter
1131 235 1195 270 hoc
1207 244 1254 269 tu·

293 289 403 330 Jeris,
423 284 558 324 authore
567 285 718 321 Domino
727 296 830 322 ratam
842 286 1014 320 &firmam
1034 285 1226 320 habebimus
1243 308 1253 325 ,

309 340 460 381 &totam
469 337 594 374 causam
605 335 675 380 ejus
692 346 753 371 tuae
775 335 982 370 discretionis
1006 335 1139 370 arbitrio
1162 335 1253 369 duxi-

307 397 382 425 mus
402 385 668 431 relinquendam,
697 386 788 429 quod
811 384 891 419 inde
911 384 1084 419 Canonice
1105 386 1217 420 feceris
1243 409 1254 427 ,

304 448 409 478 tarum
421 436 561 476 cessante
569 434 797 481 appellationis
805 433 975 471 obstaculo
987 433 1129 470 habituri
1139 461 1147 469 .

462 585 872 624 EPISTOLA
934 583 1090 620 CXLIX.

536 681 620 725 Idem
630 687 726 723 eidem
743 683 985 729 Archi-Epifiopo
1000 710 1009 719 .

387 836 420 875 X
429 836 579 882 rescripto
592 837 773 873 litterarum
784 859 796 877 ‚
822 847 903 881 quas
922 834 1146 872 Saresberiensi
1162 835 1250 878 Epis-

410 887 665 932 copodessinasti
678 911 690 928 ,
716 886 934 932 cognovimus
957 885 1047 932 quod
1070 886 1252 921 concellio-

303 951 380 977 nem
393 941 603 979 Decanatus,
628 948 728 982 quam
751 937 840 972 idem
864 937 1047 982 Episcopus
1069 935 1188 980 Ioanni
1211 935 1252 969 de

302 990 495 1029 Oxeneford
505 988 682 1024 enormiter
691 988 771 1022 fecit
781 1011 792 1028 ,
817 987 941 1031 duplici
957 988 1086 1023 ratione
1106 985 1227 1020 cassasti
1241 1009 1248 1017 .

302 1040 397 1078 Tum
410 1042 485 1085 quia
496 1040 582 1073 idem
595 1039 736 1082 Joannes
747 1035 931 1073 Schismatis
953 1039 984 1073 se
1010 1038 1125 1080 laqueo
1149 1035 1252 1070 invol—

302 1090 374 1131 vit,
413 1099 486 1123 tum
506 1089 604 1124 etiam
628 1086 716 1132 quod
738 1087 771 1121 id
792 1098 905 1122 contra
929 1086 1187 1131 prohibitionem
1217 1085 1251 1120 δε

300 1138 502 1176 Mandatum
515 1138 661 1172 nostrum
672 1139 781 1176 fuisset
803 1139 938 1172 fastum.
968 1136 1246 1172 prohibueramus

301 1189 415 1229 enim,
439 1200 481 1223 ne
501 1187 622 1232 absque
642 1188 802 1223 consensu
823 1187 1074 1223 Canonicorum
1087 1213 1098 1228 ,
1141 1196 1250 1221 tecum

301 1238 405 1282 &pro
416 1239 663 1275 teexulantium
677 1262 687 1278 ‚
714 1238 869 1274 Decanus
891 1239 926 1272 in
951 1238 1119 1281 prescripta
1144 1235 1252 1270 Eccle-

300 1287 345 1324 saa
354 1288 461 1333 aliqua
472 1288 596 1324 ratione
605 1287 875 1324 constitueretur.
897 1288 1004 1323 Unde
1018 1298 1079 1321 nos
1100 1284 1252 1320 authori-

302 1347 370 1377 tate
383 1363 393 1379 ,
420 1349 483 1382 qua
494 1338 666 1381 fungimur
686 1360 698 1377 ‚
724 1338 992 1380 praenominatam
1013 1336 1252 1370 concessionem

296 1388 441 1428 ornain&
451 1388 626 1429 caffamus,
651 1386 686 1424 ἀ
698 1387 820 1423 irritam
833 1386 896 1422 esse
914 1385 1119 1423 decernimus
1133 1411 1142 1421 .

511 1531 925 1571 EPISTOLA
974 1534 1048 1571 CL.

395 1634 543 1672 Thomae
579 1634 805 1669 cantuariensi
843 1631 1148 1678 Archi-Episcopo

559 1684 700 1727 joannes
725 1683 987 1719 Saresberienlis.

301 1788 435 1824 Salutem
458 1784 494 1819 θ
516 1781 677 1823 confbrtarl
702 1785 735 1814 {n
759 1791 811 1822 eo,
838 1785 890 1823 qui
916 1780 1032 1823 diffipat
1052 1780 1166 1823 confilia
1175 1792 1247 1827 gen-

405 1841 483 1872 uum
499 1856 512 1875 ,
537 1835 571 1868 ὑ
596 1837 754 1873 impiorum
778 1839 900 1864 conatus
925 1839 1053 1866 evacuat
1069 1853 1082 1871 ‚
1114 1833 1149 1867 Θ

610 1880 772 1922 Potestam
795 1886 909 1916 evertit
929 1905 938 1915 .

402 2032 543 2070 ECEPI
575 2043 680 2078 nuper
705 2032 829 2068 litteras
862 2031 1074 2067 Paternitatis
1108 2031 1217 2066 vestra
1242 2052 1254 2070 ,

429 2083 549 2127 quibus
576 2083 745 2128 praecipitis
770 2094 807 2118 ut
833 2082 927 2120 vobis
952 2082 1146 2123 rescribam,
1162 2080 1252 2125 quod

299 2135 387 2174 mihi
405 2134 508 2169 visum
529 2134 626 2168 suerit
652 2134 801 2177 inspectis
821 2133 936 2168 litteris
950 2132 1094 2167 Domini
1108 2130 1252 2167 saresbe-

297 2187 431 2225 riensis,
454 2184 488 2219 ἀ
501 2183 637 2228 Ioannis
647 2183 689 2218 de
698 2182 914 2224 oxeneford,
942 2183 977 2218 δε
1002 2182 1146 2227 magistri
1165 2181 1251 2215 Her-

303 2238 382 2279 vei,
401 2235 435 2270 &
447 2232 588 2269 Domini
601 2232 735 2268 Nicolai
750 2259 757 2266 .
783 2233 867 2267 Puer
886 2242 998 2266 autem
1018 2242 1123 2275 neque
1147 2231 1250 2274 Joan-

303 2289 357 2323 nis
372 2310 386 2329 ‚
410 2295 515 2327 neque
537 2282 683 2327 magistri
703 2283 850 2321 Hervei,
875 2291 955 2322 quas
977 2280 1153 2324 plurimum
1175 2278 1252 2313 defi·

304 2338 406 2378 dero,
431 2334 552 2370 litteras
562 2331 715 2371 tradidit,
740 2331 794 2365 sed
814 2340 960 2366 mentem
981 2329 1115 2373 Joannis
1136 2340 1177 2364 ex
1201 2338 1253 2363 ve-

303 2387 399 2428 nris,
421 2386 453 2421 δε
482 2381 634 2427 Episcopi
650 2380 843 2424 &Capituli
868 2379 1131 2420 Saresberienfis‚
1156 2378 1252 2413 facile

305 2438 351 2476 est
364 2435 559 2481 agnoscere.
586 2431 717 2466 Electus
738 2429 815 2465 vero
837 2430 1047 2465 Carnutensis
1070 2428 1148 2474 quid
1159 2428 1253 2464 vobis

302 2482 551 2533 significaverit,
577 2482 689 2515 nescio
699 2505 710 2521 ,
721 2480 798 2524 quia
807 2480 842 2514 in
855 2480 972 2515 litteris
981 2479 1049 2523 ejus
1061 2478 1145 2514 nihil
1160 2477 1250 2514 aliud

304 2536 517 2574 continetur,
543 2531 601 2566 nisi
623 2540 659 2566 ut
684 2530 867 2566 Vincentio
885 2530 1044 2566 credatis.
1072 2531 1152 2564 Hoc
1174 2528 1253 2574 ergo

304 2586 412 2623 defuit
422 2580 628 2620 instructioni
640 2590 720 2614 meae
730 2604 743 2621 ,
754 2590 851 2624 quam
865 2579 1041 2624 plurimum
1052 2579 1254 2623 appetebam,

307 2638 340 2674 δι
352 2636 432 2671 scitu
444 2631 666 2676 dignissimum
677 2629 723 2664 est
742 2643 755 2664 .·
779 2630 883 2664 Nosse
895 2629 1048 2664 videlicet
1059 2654 1071 2671 ,
1096 2628 1253 2673 quantum

308 2685 445 2732 negotia
457 2680 556 2718 vestra
568 2681 750 2723 prosperata
761 2680 826 2714 sint
836 2681 983 2714 in‘manu
1004 2678 1150 2725 magistri
1173 2680 1255 2713 Her-

310 2737 386 2776 vei,
411 2732 553 2776 &quam
579 2739 677 2772 opem
700 2730 872 2774 naufragio
895 2729 1044 2764 Ecclenae
1063 2728 1255 2775 Anglicanae

309 2785 408 2822 Sedes
421 2778 611 2826 Apostolica
624 2802 636 2820 ,
663 2789 722 2823 pro
732 2789 795 2822 qua
808 2779 969 2823 patimur,
998 2780 1174 2816 decreverit
1197 2780 1255 2813 im-

310 2834 437 2881 pertiri.
466 2830 547 2867 Inde
557 2829 646 2864 enim
656 2828 823 2872 oportebit
834 2829 995 2864 cautelam
1007 2829 1133 2865 consilii
1157 2828 1255 2865 infor—

312 2885 417 2926 mari,
442 2892 478 2917 ut
490 2881 582 2926 juxta
594 2878 783 2923 parabolam
798 2879 1030 2923 Evangelicam
1052 2881 1124 2924 quis
1141 2880 1256 2913 turrim

311 2934 526 2970 aedificaturus
546 2929 658 2966 sedens
680 2928 768 2973 prius
790 2939 958 2972 computet
978 2953 989 2969 ‚
1024 2931 1144 2965 &cum
1166 2930 1257 2973 Rege

311 2982 538 3029 congressurus
549 2978 659 3024 copias
671 2980 742 3013 suas
761 2977 852 3012 domi
864 2979 1023 3013 recenseat
1042 3005 1053 3021 ‚
1080 2991 1121 3016 ne
1143 2979 1256 3024 magni

312 3033 496 3073 conaminis
515 3041 574 3066 aut
591 3028 823 3065 ostentationis
844 3028 950 3062 subita
974 3028 1254 3065 &inconsiderata

312 3083 519 3130 praesumptio
531 3080 609 3118 risui
619 3089 675 3114 aut
687 3078 786 3116 ruinae
797 3078 934 3122 turpiter
956 3089 1156 3121 exponatur.
1183 3079 1256 3115 Nec

312 3135 379 3170 hoc
387 3132 526 3171 dixerim
538 3155 550 3172 ,
571 3127 662 3174 quod
675 3127 849 3165 Ecclesiam
862 3128 1052 3164 Romanam
1065 3130 1128 3173 spei
1143 3130 1257 3164 nostrae

314 3183 563 3221 fundamentum
591 3179 726 3219 arbitrer
748 3177 951 3216 statuendam
973 3201 986 3219 ,
1011 3177 1065 3212 sed
1087 3179 1192 3221 ipsum
1213 3179 1259 3211 so-

313 3236 385 3271 lum
398 3258 410 3275 ,
435 3234 528 3276 super
538 3242 635 3276 quern
646 3229 748 3270 &illa
759 3226 893 3263 fundata
905 3227 951 3265 est
964 3252 977 3269 ,
1000 3228 1033 3262 δε
1055 3227 1087 3260 in
1099 3239 1166 3271 quo
1178 3238 1258 3271 quae-

314 3284 498 3327 libetopera
510 3280 634 3319 fidelite
660 3279 803 3318 radicata
813 3272 1011 3316 convilescit
1021 3278 1061 3311 ad
1081 3278 1219 3311 fructum
1246 3301 1257 3317 ,

316 3331 639 3373 &consummaturi
660 3329 785 3375 gloria.
813 3328 874 3363 llle
884 3328 1025 3365 nobisfit
1044 3326 1079 3361 in
1093 3328 1259 3362 conscien-

317 3382 373 3418 tia:
383 3381 595 3418 fundamento
607 3404 618 3422 ‚
635 3380 673 3414 ’δε
684 3379 787 3416 homo
798 3377 1027 3421 proculdubio
1049 3389 1117 3412 non
1141 3387 1259 3420 praeva-

321 3428 423 3470 lebit-
449 3429 522 3470 Nec
542 3430 649 3471 timeri
672 3436 804 3481 oportet
824 3450 838 3474 ,
866 3427 920 3467 vel
940 3427 1180 3476 Tyrannorum
1200 3427 1261 3464 rni-

804 85 1036 148 ..22212
1107 98 1129 147 1
1199 97 1227 143 s
1296 93 1338 146 T
1406 100 1453 147 o
1522 95 1686 148 L‘AE

1311 195 1390 227 nas,
1415 194 1472 221 aut
1482 184 1662 220 tendiculas
1674 184 1844 220 carnaliter
1869 187 2059 230 sapientium
2073 216 2083 232 ,
2109 200 2164 226 aut
2186 196 2272 238 prm*

1313 235 1457 270 dirorum
1485 235 1650 280 perfidiam
1673 259 1684 276 ‚
1706 247 1763 269 aut
1787 236 2079 279 pusillanimitatem
2101 241 2222 287 Judicis
2243 268 2254 283 ‚

1314 295 1369 320 aut
1378 287 1544 320 avaritiam
1556 285 1854 321 &inconstantiam
1867 294 1982 321 eorum
1997 310 2009 329 ‚
2027 293 2084 333 qui
2105 302 2254 336 quaerunt

1315 336 1348 369 in
1373 334 1528 371 omnibus
1546 347 1618 379 quae
1641 337 1695 370 sua*
1718 336 1812 371 sunt:
1837 335 1975 377 Carnis,
2001 348 2068 372 non
2087 353 2157 386 quae
2168 339 2254 386 Jefu-

1315 384 1458 420 Christi.
1485 386 1574 421 Nam
1589 410 1600 427 ,
1626 396 1662 421 ur
1673 385 1823 421 fidiffime
1834 386 1988 430 scriptura
2013 387 2132 430 docet,
2155 395 2270 428 turris

1314 436 1482 471 fortissima
1506 437 1641 471 Nomen
1666 436 1826 471 Domini.
1855 435 1911 470 Ad
1925 437 2026 480 ipsum
2043 438 2254 482 justuseonfi-

1313 483 1383 524 dit,
1408 487 1442 521 ἀ
1453 485 1493 521 de
1504 486 1597 522 omni
1607 486 1756 531 angustia
1768 486 1938 521 liberatur.

1362 536 1451 587 Qia
1463 537 1545 583 ergo
1557 535 1724 581 parvitatis
1736 547 1814 572 meae
1827 537 1997 572 consilium
2008 538 2148 582 quaeritis
2158 564 2167 579 ,
2179 545 2256 576 σου(

1316 585 1384 620 sulo
1398 598 1486 622 nunc
1499 613 1512 630 ,
1534 586 1623 632 quod
1635 588 1769 631 semper,
1796 598 1833 622 ut
1844 599 1979 622 omnem
1997 589 2030 623 δε
2054 599 2158 625 totam
2170 591 2255 634 spem

1317 635 1457 671 nostram
1470 637 1678 681 projiciamus
1690 638 1723 671 in
1735 649 1811 674 eum
1822 662 1834 680 ,
1859 639 1916 682 qui
1928 648 2038 673 eruere
2051 650 2111 674 nos
2124 639 2226 684 potest
2235 639 2257 674 a.

1314 684 1601 728 tribulationibus,
1626 688 1901 730 quaeinvenerunt
1928 699 1988 723 nos
2009 689 2126 724 nimis.
2152 687 2261 738 Qod.

1316 745 1350 769 ut
1362 735 1440 777 juste
1452 738 1487 771 δε
1498 738 1744 773 misericorditer
1763 738 1862 778 velit,
1891 749 2052 783 ponamus
2065 765 2075 782 ,
2100 749 2259 774 monente

1315 784 1456 831 Agge-0,
1482 788 1578 823 corda
1590 789 1699 823 nostra
1713 790 1805 833 super
1821 787 1889 823 vias
1910 789 2032 824 nostras
2045 790 2117 831 ,υά
2137 789 2259 825 facien·

1313 846 1360 869 res
1373 838 1571 879 poenitentiae
1581 838 1701 884 dignos
1714 840 1830 874 fructus
1842 862 1852 878 ‚
1877 840 2086 884 suscipiamus
2099 840 2258 884 poculum

1315 884 1409 928 hujus
1422 887 1591 923 salutiferae
1600 889 1827 924 amaritudinis
1837 889 1869 924 in
1883 889 1990 924 laetitia
2011 890 2054 925 de
2075 890 2260 925 manuoo·

1313 937 1396 971 mini
1409 961 1421 979 ,
1446 938 1539 981 cujus
1549 939 1738 974 muneribus
1747 939 1916 974 abutentes
1924 939 2068 983 pestifera
2079 938 2258 975 dulcedine

1314 987 1535 1030 prosperorum
1549 990 1582 1022 in
1607 989 1782 1032 perniciem
1803 989 1945 1024 nostram
1966 990 2063 1025 toties
2082 989 2261 1025 exhilarati

1314 1036 1440 1070 sumus.
1468 1037 1548 1073 Haec
1568 1039 1613 1073 est
1634 1038 1722 1072 enim
1745 1037 1847 1082 gratia
1871 1037 1958 1072 illius
1979 1063 1991 1080 ,
2014 1041 2070 1083 qui
2093 1041 2136 1075 ita
2158 1039 2257 1076 novit

1314 1085 1409 1120 beare
1422 1088 1494 1122 suos
1510 1086 1646 1122 Amicos
1658 1113 1668 1128 ,
1694 1098 1730 1121 ut
1742 1097 1798 1131 per
1809 1086 1928 1122 multas
1938 1087 2170 1124 tribulationes
2182 1101 2261 1125 exa·

1316 1137 1481 1178 miriatos,
1508 1138 1733 1183 purgatiores,
1760 1137 1795 1171 &
1815 1136 1992 1179 clariores,
2026 1139 2060 1175 ἀ
2087 1138 2259 1174 solidiores

1313 1187 1545 1221 introducatin
1560 1188 1713 1232 Regnum
1726 1213 1733 1220 .
1761 1187 1922 1221 Omnium
1943 1197 2128 1231 temporum
2143 1188 2257 1224 seriem

1315 1247 1533 1280 percurramus
1545 1262 1554 1277 ,
1581 1249 1678 1281 quem
1692 1237 1732 1272 ab
1746 1238 1844 1271 initio
1859 1238 2045 1272 invenimus
2069 1239 2258 1274 Electorun

1314 1286 1355 1321 de
1365 1286 1490 1321 deliciis
1503 1287 1651 1332 migrasse
1664 1287 1705 1321 ad
1727 1287 1882 1326 delicias,
1915 1299 2013 1331 quem
2036 1288 2176 1333 legimus
2198 1289 2257 1324 hic

1314 1335 1666 1371 floruisse&exultasse
1679 1348 1751 1371 cum
1770 1337 1894 1371 mundo
1914 1361 1924 1376 ,
1949 1337 1984 1370 <Sc
2007 1349 2094 1373 nunc
2118 1339 2150 1372 in
2164 1338 2261 1373 uber·

1314 1397 1378 1421 tate
1390 1388 1551 1421 fructuum
1565 1387 1662 1421 laetari
1672 1388 1704 1421 δι
1717 1398 1850 1431 regnare
1860 1398 1935 1420 cum
1947 1386 2078 1422 Christo
2101 1389 2114 1423 ?
2141 1388 2268 1424 Mente*

1314 1446 1423 1470 autem
1435 1437 1478 1470 sic
1489 1437 1674 1471 exulcerata
1687 1438 1720 1470 in
1735 1438 1765 1471 se
1778 1446 1830 1480 per
1841 1436 2067 1480 poenitentiam
2094 1462 2106 1479 ,
2131 1449 2186 1482 per
2206 1450 2259 1483 pa·

1314 1486 1465 1520 tientiam
1481 1486 1634 1522 roborata
1646 1511 1656 1526 ,
1682 1487 1716 1520 δε
1728 1487 1878 1531 mitigata
1890 1487 2032 1522 &eresta
2056 1498 2110 1532 per
2130 1490 2217 1532 spem
2243 1510 2259 1530 ‚

1306 1536 1346 1570 -&
1358 1537 1468 1570 sanetae
1480 1537 1736 1571 conversationis
1746 1537 1932 1571 testimonia
1945 1561 1956 1577 ‚
1982 1536 2065 1573 nihil
2077 1538 2261 1573 consultius

1314 1584 1450 1619 arbitror
1463 1584 1641 1620 secundum
1661 1597 1698 1619 ea
1711 1597 1779 1628 quae
1801 1587 1959 1630 proposita
1980 1588 2075 1629 sunt,
2102 1587 2199 1633 quam
2220 1590 2260 1622 ue

1315 1634 1480 1677 sequendo
1491 1634 1668 1669 consilium
1679 1635 1812 1669 Nicolai
1825 1659 1836 1674 ,
1846 1645 1943 1678 quem
1957 1637 2022 1670 Dei
2034 1637 2188 1680 Spiritum
2201 1636 2258 1672 ba-

1315 1684 1387 1719 bere
1397 1684 1555 1726 confido,
1582 1684 1728 1719 scribatis
1742 1683 1943 1727 Imperatrici
1958 1708 1968 1725 ,
1994 1686 2027 1719 δε
2051 1685 2260 1730 Archi-Epis-

1312 1736 1439 1777 copo&
1452 1734 1624 1778 Episcopis
1636 1734 1889 1775 Nortmanniae,
1916 1745 1975 1769 vos
1988 1736 2110 1779 semper
2127 1736 2220 1771 fuisse
2245 1748 2275 1776 ‚⁷

1313 1783 1420 1817 &esse
1433 1792 1561 1826 paratos
1573 1781 1794 1825 obtemperare
1805 1783 1865 1825 juri
1892 1784 2069 1818 secundum
2090 1787 2259 1821 censuram

1314 1833 1513 1873 Canonum,
1538 1832 1687 1866 &redire
1707 1830 1748 1865 ad
1768 1831 1883 1870 Sedem
1897 1833 2031 1866 vestram
2059 1857 2071 1874 ‚
2096 1835 2132 1869 ἀ
2157 1835 2260 1870 vestra

1313 1883 1450 1927 recipere
1462 1883 1494 1917 δε
1506 1882 1683 1916 vestrorum
1695 1905 1707 1922 ,
1732 1880 1915 1916 dummodo
1928 1883 2021 1918 vobis
2032 1884 2067 1918 &
2087 1883 2153 1918 illis
2172 1885 2260 1920 secu·

1314 1933 1390 1968 ritas
1403 1942 1589 1977 procuretur
1601 1957 1613 1974 ‚
1640 1932 1675 1967 ἀ
1687 1932 1826 1967 Ecclesia
1837 1935 1871 1966 in
1883 1943 1954 1967 eam
1969 1933 2154 1970 restituatur
2165 1934 2262 1970 liber-

1314 1991 1435 2022 tatem,
1461 1983 1496 2017 in
1510 1994 1573 2026 qua
1583 1991 1652 2017 erat
1677 1983 1852 2026 antequam
1871 1980 1967 2026 hujus
1988 1985 2171 2028 iniquitatis
2189 1995 2262 2028 pro-

1314 2030 1396 2066 cella
1417 2041 1606 2066 concuteret
1618 2055 1626 2064 .
1664 2031 1782 2074 quue
1799 2032 1975 2067 modestius
1998 2034 2204 2069 scribendum
2221 2036 2257 2070 δε

1315 2081 1524 2116 conditiones
1536 2082 1652 2116 censeo
1662 2080 1858 2127 exigendas,
1885 2093 1951 2126 quo
1965 2082 2045 2117 mihi
2066 2084 2185 2119 certior
2194 2086 2259 2120 effe

1316 2130 1428 2167 videor
1437 2132 1566 2167 animos
1578 2132 1818 2167 adversantium
1832 2133 1977 2167 Ecclesiae
1990 2134 2054 2168 Dei
2067 2134 2110 2168 sic
2130 2134 2260 2170 indura-

1314 2190 1365 2215 tos
1377 2183 1440 2217 esse
1454 2207 1465 2224 ,
1487 2192 1525 2217 ut
1537 2181 1661 2218 nullam
1676 2181 2055 2220 omninotonditionem
2065 2182 2259 2226 admittant,

1317 2231 1372 2265 nisi
1384 2244 1453 2277 quae
1465 2232 1616 2267 Ecclesiae
1630 2232 1812 2267 libertatern
1834 2242 1977 2273 evertat,
2001 2235 2037 2270 ὃ(
2058 2234 2197 2269 vestram
2222 2235 2258 2278 &-

1315 2283 1468 2316 omnium
1482 2282 1628 2317 nostrum
1643 2282 1773 2318 subruat
1783 2279 1990 2319 honestatem
1999 2309 2008 2318 .
2186 2292 2195 2300 ·’

1362 2332 1526 2375 Scriptum
1550 2342 1660 2370 tamen
1678 2342 1813 2367 eatenus
1833 2331 1977 2376 proderit
1999 2358 2011 2374 ,
2048 2343 2084 2370 ut
2105 2335 2202 2371 vobis
2219 2335 2259 2372 fit

1315 2391 1429 2416 contra
1445 2382 1663 2425 malignantes
1684 2381 1866 2424 Episcopos
1888 2382 1921 2415 in
1945 2381 2169 2420 testimonium
2189 2409 2201 2426 ,
2225 2386 2260 2420 dc

1317 2431 1476 2466 modestia
1488 2431 1610 2473 vestra,
1635 2429 1724 2473 quod
1739 2430 1915 2474 plurimum
1924 2431 2077 2475 expedit,
2100 2434 2260 2469 omnibus

1317 2481 1520 2516 innotescat.
1547 2480 1581 2515 Si
1603 2482 1703 2520 vero,
1730 2479 1819 2526 quod
1835 2492 1901 2514 non
1915 2482 2026 2524 spero,
2054 2483 2104 2517 illi
2118 2482 2182 2518 hoe
2195 2483 2263 2518 Re-

1317 2532 1351 2577 gi
1362 2530 1566 2577 obtulerint,
1592 2531 1626 2565 ἀ
1650 2531 1716 2574 ipse
1737 2529 1948 2565 conditiones
1968 2531 2135 2566 admiserit
2156 2533 2266 2575 usone

1317 2581 1358 2616 ad
1380 2581 1566 2617 cautionem
1595 2581 1796 2622 securitatis,
1832 2591 1900 2613 non
1922 2579 2048 2615 videtur
2067 2581 2151 2616 mihi
2167 2583 2260 2626 quod

1318 2643 1376 2666 vos
1390 2632 1424 2665 in
1438 2630 1536 2665 verbo
1559 2630 1618 2664 illo
1645 2631 1742 2663 nimis
1763 2630 1970 2674 scrupulosos
1988 2633 2050 2665 esse
2067 2631 2219 2675 expediat
2244 2648 2271 2675 ,’

1317 2680 1500 2716 dummodo
1511 2680 1700 2725 Imperatrix
1712 2680 1748 2715 δε
1761 2678 2055 2724 Archi-Episcopus
2066 2682 2099 2716 se
2118 2681 2270 2727 interpoav

1319 2742 1400 2767 nant
1413 2755 1425 2773 ,
1449 2731 1567 2766 &Rex
1576 2729 1809 2774 protestatione
1825 2728 1953 2773 publica
1973 2729 2009 2764 δε
2029 2729 2183 2775 scriptura
2205 2742 2262 2777 pa·

1319 2791 1410 2817 tente
1421 2782 1524 2816 vos&
1540 2780 1659 2829 vestros
1669 2778 1780 2823 jubeat
1798 2781 1862 2814 effe
1881 2780 2026 2815 securos.
2051 2782 2146 2829 Qid
2167 2782 2258 2818 enim

1319 2833 1341 2867 fi
1356 2833 1450 2867 Deus
1462 2830 1524 2865 hac
1535 2829 1756 2866 sollicitudine
1773 2841 1831 2863 vos
1852 2830 2028 2864 exercitare
2048 2830 2223 2867 decreverit
2246 2857 2259 2874 ,

1320 2892 1356 2916 ut
1383 2881 1501 2916 vivatis
1521 2881 1555 2915 in
1577 2878 1688 2914 medio
1706 2877 1927 2913 insidiantium
1951 2904 1962 2920 ,
1987 2880 2020 2915 δε
2044 2880 2261 2918 obsideamini

1321 2931 1362 2967 ab
1380 2930 1469 2971 illis,
1496 2932 1553 2974 qui
1578 2938 1724 2973 quaerunt
1745 2928 1889 2962 animam
1910 2928 2045 2964 vestram
2063 2955 2074 2970 ,
2113 2941 2151 2965 ut
2172 2934 2263 2968 aufe·

1321 2991 1392 3015 rant
1403 2981 1498 3015 eam?
1521 2981 1646 3015 Nonne
1655 2990 1696 3012 ex
1705 2979 1800 3012 causa
1811 2978 1973 3013 consimili
1996 2979 2071 3015 Gad
2093 2980 2259 3025 Propheta

1321 3030 1431 3066 David
1443 3031 1700 3075 peregrinantem
1711 3029 1728 3061 a
1741 3028 1825 3063 facie
1842 3028 1947 3063 Saulis
1967 3029 2069 3064 redire
2088 3031 2221 3067 monuit
2245 3052 2259 3072 ,

1322 3083 1354 3116 δε
1373 3080 1533 3124 compulit
1552 3081 1588 3114 in
1609 3077 1752 3123 Judaeam
1765 3101 1777 3118 ,
1803 3086 1839 3113 ut
1848 3079 1879 3113 ei
1901 3079 2112 3115 inimicorum
2135 3079 2258 3115 infidiz

1323 3131 1362 3166 ad
1373 3130 1525 3165 exercitia
1539 3130 1694 3164 virtutum
1707 3128 1902 3172 proficerent
1917 3152 1929 3170 ,
1953 3129 1987 3164 ἀ
2000 3130 2188 3164 meritorum
2210 3130 2263 3166 in-

1323 3181 1422 3227 signia
1434 3180 1477 3214 sic
1486 3178 1606 3214 clarius
1613 3178 1798 3213 radiarent?
2265 3203 2268 3207 .

1372 3229 1434 3266 Sed
1447 3234 1560 3274 arguet
1573 3228 1645 3274 quis
1666 3228 1799 3263 fortasse
1821 3228 2036 3264 temeritatem
2057 3226 2152 3272 hujus
2175 3241 2266 3264 con--

1323 3280 1408 3322 filii,
1432 3289 1529 3323 eaput
1542 3279 1682 3314 vestrum
1700 3278 1874 3313 hostilibus
1898 3277 2013 3324 gladiis
2034 3279 2224 3321 objectantis
2247 3302 2260 3318 ,

1324 3332 1475 3374 dicetque
1486 3327 1691 3364 commodius
1710 3329 1773 3363 esse
1790 3328 1823 3363 &
1846 3328 1995 3369 cautius,
2021 3330 2200 3372 exspertare
2225 3338 2265 3361 uc

1326 3378 1507 3426 peregeritis
1519 3378 1748 3422 poenitentiam
1767 3402 1779 3419 ,
1816 3374 1893 3422 quia
1908 3389 1950 3412 ex
1971 3378 2170 3414 conscientia
2193 3388 2264 3420 poo-

1305 3440 1472 3476 ,catorum
1484 3428 1637 3466 nondum
1648 3429 1725 3467 estis
1735 3428 1802 3475 apti
1814 3428 1980 3473 Martyrio
1992 3454 2001 3464 .
2014 3427 2068 3465 Ad
2084 3424 2173 3473 quod
2184 3431 2267 3471 ego·-

2102 3476 2214 3512 Nemo
