2358 3776
387 121 416 170 “3
430 122 493 169 34

325 181 366 229 int
388 201 446 235 pro
457 190 535 225 Deo
545 194 652 232 coepta
662 210 676 230 .
699 185 740 222 lic
747 192 864 225 contra
874 186 987 221 Deum
998 185 1132 222 finiatur
1153 183 1260 224 eausa,

323 252 363 280 ut
370 252 430 286 pro
442 249 654 285 quocumque
673 237 903 274 emolumento
926 234 1049 270 Christi
1072 234 1203 270 titulum
1214 233 1260 267 di·
1299 230 1302 260 ἰ

321 290 551 330 Rmhamus&
564 287 708 325 Ecclesiae
731 288 911 322 libertatem
923 309 933 319 ,.
959 279 1071 318 Testis
1087 284 1136 319 est
1159 284 1260 327 inspe-

323 343 395 382 fior
408 340 584 382 cordium,
609 339 699 385 qutid
709 335 920 372 Dominus&
932 333 1028 368 Pater
1048 333 1156 369 noster
1177 333 1260 374 mori

324 390 465 434 mallet,
489 385 859 428 &nosaiconsepelirh
884 382 1014 419 tantum
1036 386 1212 419 morientes
1225 384 1258 418 in

320 440 477 481 Domino
486 466 495 474 .
523 439 556 475 A
567 438 681 474 diebus
692 445 801 470 autem
813 433 948 478 Ioannis
958 433 1000 468 de
1022 433 1217 470 Oxeneford
1243 457 1253 474 ,

321 502 393 530 non
404 488 534 526 modoa
550 488 683 531 praefato
696 485 813 530 Rege,
839 483 938 521 sed&
961 482 1004 518 ab
1026 483 1168 520 Ecclesia
1193 483 1257 519 Ro-

318 551 420 579 mana
431 541 496 575 vim
509 537 675 583 patimur,
699 546 771 580 quae
791 535 893 579 usque
915 534 951 568 in
961 534 1064 570 finem
1089 534 1168 567 sexti
1180 534 1258 568 anni

320 591 409 628 datis
418 586 636 625 dilationibus
645 586 803 631 protraxit
813 584 950 620 exilium
962 582 1110 628 nostrum
1122 606 1134 624 ,
1145 584 1179 618 &
1193 594 1257 627 per·

316 642 478 679 secutores
491 637 656 679 Ecclefiae,
685 637 742 682 qui
754 635 865 680 spoliis
875 634 993 669 nostris
1004 634 1150 677 corrupti
1161 634 1235 668 sunt
1250 657 1261 674 ,

316 691 353 730 ὃς
379 690 463 725 alios
489 697 728 732 corrumpunt,
754 697 830 723 cum
850 683 1022 728 triumpho
1045 683 1260 719 remittunt&

316 740 446 786 gloria.
473 737 644 775 llliautem
664 737 834 775 redeuntes
857 734 987 780 Regem
1010 759 1022 776 ,
1049 734 1136 778 quafi
1158 744 1211 778 per
1231 736 1261 767 se

315 799 390 826 non
399 789 662 830 satis-insaniret,
687 788 866 832 instigant,
890 786 926 822 δι
941 784 1016 820 illos
1028 785 1085 829 qui
1111 783 1260 820 Ecclefiae

316 838 529 878 decreverant
546 837 726 879 adhaerere,
752 837 852 872 minis
870 836 903 872 &
927 834 1125 875 terroribus,
1151 836 1182 869 ἀ
1208 845 1260 867 ex-

317 890 443 936 quisuis
453 890 540 926 dolis
551 890 684 927 transire
693 888 820 927 faciunt
840 887 876 922 in
894 886 1059 937 adversam
1083 886 1222 930 figuram

313 937 454 985 Experti
467 942 576 977 sumus
586 939 651 974 hoc
659 948 733 976 tum
750 935 831 981 saepc
843 960 855 977 ,
882 945 954 979 tum
967 934 1111 971 maxime
1120 935 1222 969 modo
1248 956 1258 975 ,

314 990 454 1036 quando
477 990 642 1030 noviffimi
662 988 792 1025 Nuncii
820 985 1008 1029 redierunt,
1033 986 1110 1030 quia
1133 985 1261 1029 Regem

316 1050 461 1085 pronum
473 1040 515 1076 ad
525 1039 736 1086 concordiam
748 1036 791 1073 ab
812 1038 883 1082 ipso
893 1045 1129 1072 revocaverunt
1150 1035 1262 1070 introi-

313 1097 354 1127 tu
366 1090 452 1133 pacis
462 1113 475 1130 ,
500 1090 669 1126 suadentes
683 1100 720 1123 ut
731 1090 806 1123 suos
816 1087 968 1133 prosequi
991 1086 1129 1131 patiatur
1151 1085 1260 1129 appel·

313 1137 501 1177 lationesin
513 1139 595 1175 festo
607 1140 700 1176 Beati
715 1140 812 1176 Lucae
820 1161 834 1179 ,
859 1148 932 1180 quae
943 1137 1038 1174 variis
1050 1134 1260 1180 subterfugiis

309 1188 510 1234 interpolitae
520 1190 615 1232 sunt,
638 1190 739 1224 etiam
753 1188 823 1233 post
838 1186 1077 1222 inhibitionem
1102 1186 1120 1220 ὲ
1142 1184 1260 1222 Domi-

311 1251 362 1279 no
374 1239 463 1285 Papa
474 1242 591 1278 factam
609 1254 617 1275 :
640 1240 716 1283 quia
728 1248 845 1275 contra
868 1238 1073 1273 voluntatem
1097 1237 1186 1274 suam
1198 1259 1209 1276 ‚
1236 1234 1258 1268 sr

311 1291 583 1336 perseveraverit,
620 1290 706 1325 nihil
728 1291 834 1323 facere
857 1287 1085 1330 compelletur.
1122 1285 1258 1321 Interim

314 1339 462 1374 absoluti
474 1342 570 1378 sunt,
597 1339 655 1382 qui
666 1336 945 1372 excommunicari
959 1345 1140 1370 meruerant
1162 1334 1259 1377 hujus
1281 1363 1284 1368 .

310 1388 497 1427 schismatis
508 1391 693 1434 incentores
704 1411 717 1428 ,
741 1387 778 1422 ἃ.
792 1386 984 1430 spoliatores·
995 1385 1097 1421 nostri
1110 1410 1122 1427 ,
1134 1423 1136 1425 ,
1148 1384 1258 1419 indul-

312 1447 352 1474 to
362 1438 419 1472 fibi
429 1439 603 1481 privilegio
613 1461 624 1477 ,
648 1447 691 1469 ne
702 1435 793 1478 quod
803 1434 1014 1477 dispendium
1026 1433 1164 1468 honoris
1175 1458 1187 1474 ,
1213 1434 1259 1467 os-

313 1486 386 1529 ficii
397 1511 408 1531 ,
435 1485 607 1524 beneficii,
618 1492 676 1519 aut
687 1484 780 1528 famae
793 1481 991 1518 contrahant
1000 1492 1043 1517 ex
1052 1480 1118 1516 hoc
1131 1505 1142 1523 ,
1169 1481 1259 1525 quod

315 1535 539 1572 anathematis
549 1534 686 1571 vinculo
696 1533 824 1571 tamdiu
834 1531 988 1568 innodati
1001 1533 1140 1568 fuerunt.
1155 1530 1260 1579 Qod

312 1588 413 1632 quam
424 1584 550 1621 relic&
562 1584 731 1621 salubriter
750 1581 897 1618 Ecclefiae
918 1583 1037 1616 fastum
1061 1582 1119 1621 lit,
1144 1579 1260 1615 viderit

312 1639 411 1677 Deus
426 1637 461 1672 dt
474 1636 598 1680 judicet
609 1660 618 1669 .
645 1634 709 1672 Sed
719 1632 840 1668 dicitur
856 1644 912 1668 eos
922 1632 1035 1676 jurasse
1048 1654 1061 1672 ,
1086 1631 1178 1676 quod
1197 1631 1261 1667 sta·-

312 1687 401 1728 bunt
413 1686 573 1724 mandato
584 1684 725 1721 Domini
738 1684 852 1727 Papae,
878 1681 976 1726 idque
997 1682 1182 1726 praecipitur
1206 1680 1261 1723 'oc-

317 1738 438 1777 cultari
451 1760 463 1777 ,
488 1747 531 1772 ne
543 1734 628 1772 forte
637 1734 819 1768 innotescat
829 1732 954 1775 aliquid
969 1743 1026 1776 pro
1041 1731 1183 1767 Ecclefia
1206 1742 1260 1776 ge·

312 1785 402 1825 stum
411 1809 423 1826 ‚
448 1784 539 1829 quod
552 1783 593 1820 ad
605 1783 699 1827 ipsius
710 1781 870 1827 pertineat
881 1780 1086 1816 honestatem
1099 1805 1112 1822 ‚
1137 1780 1216 1816 cum
1242 1780 1261 1815 ὲ

309 1829 430 1875 conire
441 1834 570 1880 publice
579 1831 768 1879 predicetur
778 1830 814 1866 in
827 1833 903 1866 foro
914 1854 927 1872 ,
951 1829 975 1864 fi
990 1830 1069 1873 quid
1094 1831 1130 1864 in
1152 1829 1260 1874 perni-

312 1882 401 1924 cicm
409 1883 479 1929 ejus
490 1884 718 1931 presumptum
727 1881 774 1917 est
787 1890 842 1917 aut
854 1878 1022 1921 indultum
1037 1905 1046 1912 .
1072 1878 1162 1915 Cum
1175 1891 1258 1924 ergo

309 1945 386 1983 pars
403 1936 510 1971 nostra
521 1932 564 1970 ab
583 1934 684 1981 initio
695 1931 864 1978 prosecuta
874 1930 915 1965 fit
926 1929 1164 1974 appellationes
1186 1940 1259 1974 ornv

311 1995 376 2031 nes
389 1985 445 2028 ,δε
455 1986 488 2022 se
507 1983 643 2030 lingulis
656 1982 754 2019 annis
764 1980 888 2017 obtulit
899 1976 1096 2025 diffugiente
1110 1987 1197 2023 parte
1208 1978 1261 2012 ad·

309 2033 404 2075 versa
414 2060 426 2078 ,
451 2034 486 2073 δε
498 2034 552 2070 illa
562 2034 635 2080 plus
646 2032 821 2079 profecerit
844 2031 881 2066 in
902 2029 1029 2065 malitia
1055 2030 1111 2064 sua
1125 2052 1136 2070 ,
1162 2027 1260 2073 quam

313 2082 380 2127 :ios
391 2087 425 2128 ip
446 2085 640 2123 innocentia
653 2081 820 2129 &justitia
834 2080 945 2117 nostra
955 2104 967 2121 ‚
995 2079 1068 2122 quis
1084 2078 1151 2114 sani
1175 2077 1261 2122 capi·

315 2136 363 2176 tis
374 2136 510 2174 audebit
520 2135 649 2171 suadere
661 2158 674 2176 ‚
700 2143 737 2169 ut
747 2131 815 2167 haec
828 2129 963 2167 ulterius
972 2128 1134 2175 praestigia
1147 2129 1259 2163 conse-

315 2187 470 2224 Remur?
495 2186 580 2234 Qae
597 2185 644 2223 ‚est
669 2184 794 2227 utilitas
816 2182 850 2217 in
864 2191 916 2217 tot
938 2179 1102 2215 laboribus
1115 2203 1127 2220 ,
1152 2179 1188 2214 &
1206 2187 1259 2212 ex·

313 2238 420 2283 pensis
432 2262 446 2279 ,
469 2235 673 2283 &sanguine
695 2230 960 2276 innocentium,
980 2231 1040 2275 qui
1062 2239 1121 2273 pro
1140 2228 1261 2263 Testa-

313 2296 431 2327 meuto
441 2287 508 2321 Dei
517 2287 645 2321 animas
655 2284 855 2329 posuerunt?
884 2278 1019 2326 Utique
1040 2288 1109 2311 non
1133 2277 1179 2311 est
1202 2288 1257 2311 no-

312 2336 365 2378 bis
376 2337 475 2373 tantis
484 2334 705 2375 delusionibus
717 2330 826 2367 vexari
837 2330 871 2364 in
885 2328 987 2361 Curia
998 2325 1063 2361 fine
1073 2327 1176 2362 fructu
1186 2350 1198 2367 ,
1224 2336 1261 2361 ut

312 2398 378 2426 nos
388 2387 445 2430 qui
457 2383 574 2423 refidui
586 2385 695 2422 sumus
708 2406 721 2423 ,
745 2381 883 2418 velimus
904 2377 970 2412 fine
994 2377 1087 2411 causa
1111 2376 1259 2411 morien-

311 2437 399 2477 tium
422 2436 485 2474 csse
506 2434 693 2470 consortes,
719 2430 773 2467 sed
795 2430 871 2463 Deo
888 2428 1127 2466 causamsuatn
1152 2425 1261 2471 potius
1281 2441 1283 2444 ·

313 2485 556 2526 committimus
576 2480 781 2526 dirigendam
805 2503 814 2514 .
839 2477 965 2522 Siquis
988 2477 1082 2512 enim
1107 2476 1256 2511 nostrum

314 2534 636 2574 conventus‘fuerit‚
663 2541 699 2567 ur
709 2528 749 2565 ad
762 2529 897 2564 Curiam
911 2528 971 2562 iter
994 2527 1148 2571 arripiat,
1175 2527 1257 2562 olim

317 2587 408 2633 quod
432 2586 544 2631 vulpes
564 2592 688 2629 aegroto
707 2589 802 2616 cauta
823 2578 932 2614 Leoni
956 2576 1144 2621 respondit:
1171 2578 1259 2621 ,Quia
1283 2604 1284 2607 ,

317 2649 362 2678 me
380 2636 503 2680 vestigia
513 2640 625 2670 terrent
638 2635 738 2676 omnia
758 2640 787 2664 te
797 2628 961 2664 adversam
967 2625 1137 2670 speHantta
1150 2651 1162 2668 ,
1177 2628 1259 2661 nulla

318 2687 482 2724 retrorsim
495 2709 502 2717 .
529 2684 574 2719 Et
586 2683 647 2717 iter
657 2680 722 2715 hoe
734 2704 746 2721 ,
757 2680 863 2714 donec
875 2678 944 2721 spes
956 2678 1116 2722 profestus
1126 2676 1260 2712 aliunde

321 2737 429 2775 luceat
442 2760 454 2779 ,
480 2730 711 2770 detestabitur.
738 2729 863 2765 Vestris
873 2730 986 2772 itaque
994 2727 1132 2772 pedibus
1142 2738 1258 2771 provo·

318 2784 384 2823 luti
395 2784 612 2829 supplicamus
624 2779 780 2816 attentius
791 2777 951 2824 quatenus
972 2778 1177 2813 Sanctiffimo
1193 2777 1259 2812 Pa-

321 2835 363 2874 txi
374 2836 408 2873 &
419 2832 546 2872 Pastori
557 2830 708 2868 Ecclefiae
717 2855 727 2871 ,
754 2830 906 2867 Domino
919 2828 1015 2872 Papae
1028 2840 1083 2872 per
1103 2839 1162 2863 vos
1187 2838 1256 2862 om-

321 2886 378 2925 nia
389 2884 457 2919 haec
467 2882 672 2920 innotescant
683 2903 696 2920 ,
721 2879 755 2914 ἀ
768 2879 983 2924 persuadeatis
993 2879 1022 2913 ei
1036 2902 1047 2919 ,
1068 2890 1109 2913 ne
1127 2879 1158 2912 se
1171 2878 1260 2913 dein-

321 2946 397 2979 ceps
407 2931 641 2970 circumveniri
653 2938 720 2965 tam
732 2929 826 2963 facile
840 2929 980 2972 patiatur
994 2942 1001 2962 ε
1014 2930 1046 2964 &
1058 2930 1080 2962 fi
1092 2939 1170 2965 eum
1183 2940 1259 2963 ocu·
1283 2947 1285 2949 ·

323 2986 374 3023 lus
387 2985 437 3021 vel
449 2994 502 3029 pes
512 2991 568 3019 aut
576 2990 691 3016 manus
703 2978 837 3014 ulterius
848 2988 975 3024 appetat
989 2978 1142 3014 scandalo
1153 3003 1164 3020 ,
1194 2979 1260 3023 qni·

322 3045 463 3080 cumque
474 3033 530 3070 ille
538 3033 575 3067 fit
585 3057 596 3075 ,
622 3032 639 3066 ὲ
652 3029 781 3066 confini
794 3028 843 3063 sui
854 3038 989 3071 corpore
1001 3029 1106 3072 ipsum
1121 3030 1261 3064 resecare

323 3095 395 3120 non
406 3082 597 3130 pigritetur.
625 3079 715 3130 Qia
727 3078 845 3115 melius
857 3077 903 3112 est
919 3102 930 3119 ,
956 3088 992 3112 ut
1013 3089 1183 3123 amputato
1207 3090 1261 3114 au-

324 3134 422 3172 thore
433 3129 644 3173 scandalifine
655 3142 696 3165 eo
706 3130 808 3165 vitam
831 3125 1051 3172 promereatur
1072 3139 1224 3165 aeternam
1250 3151 1261 3170 ,

326 3185 426 3230 quam
438 3183 480 3219 ab
491 3193 533 3220 eo
542 3176 575 3221 se
586 3181 726 3230 patiatur
738 3175 901 3229 pertrahi,
926 3177 1014 3224 quod
1024 3178 1100 3214 absit
1110 3203 1122 3222 ‚
1149 3181 1185 3215 in
1209 3190 1264 3226 ge·

327 3234 491 3274 hennam.

1014 96 1562 149 EPISTOLAE

1448 235 1897 272 EPISTOLA.
1977 236 2135 278 xxtv.

1398 338 1574 373 Alexandro
1584 339 1682 381 Papae
1707 336 1836 372 Thomas
1846 337 2074 380 cantuarienfis
2086 341 2185 379 Arche.

1699 386 1866 432 Episcfflus
1875 411 1886 421 .

1412 488 1648 526 ESTATUR
1689 487 1738 523 vir
1759 487 2037 532 eloquentiffimus
2057 490 2210 525 aratoris
2227 492 2262 527 in

1436 549 1475 573 eo
1485 540 1628 575 maxime
1650 541 1833 582 promoveri
1854 538 2009 573 successus
2024 561 2036 579 ,
2058 540 2082 573 fi
2103 551 2262 584 praenove-

1323 587 1365 621 rit
1375 585 1490 630 judicis
1501 613 1513 630 ‚
1537 590 1791 633 auditorumque
1806 590 1954 634 personas
1963 613 1975 629 ‚
2001 590 2035 623 ὅ(
2046 601 2106 633 pro
2115 591 2250 633 qualita-

1323 647 1355 672 te
1363 648 1477 673 eorum
1487 641 1641 675 sermonis
1654 638 1840 674 moderetur
1864 638 2023 674 Officium
2040 664 2047 671 .
2073 639 2175 675 Hanc
2195 642 2262 676 sen-

1323 689 1508 725 tentiamad
1528 691 1631 725 multa
1645 690 1708 725 alia
1731 689 1945 734 probabiliter
1968 688 2107 724 arbitror
2126 690 2263 726 dilatan-

1323 738 1401 773 dam
1411 763 1423 780 ,
1449 740 1616 783 przsertim
1631 741 1706 775 cum
1719 751 1817 775 nemo
1829 739 1947 775 debeat
1957 735 1959 739 ’
1970 739 2172 785 ignarusess‘e
2183 752 2264 775 con·

1323 787 1461 823 ditionis
1471 789 1537 832 eius
1545 813 1557 832 ,
1582 789 1658 825 cum
1669 801 1736 833 quo
1747 788 1915 825 contrabit
1927 815 1935 823 .
1963 789 2007 824 Et
2019 789 2078 824 sibi
2099 790 2243 826 maxime
2251 816 2264 833 ,

1323 838 1344 872 fi
1360 837 1448 874 secus
1461 840 1548 883 spem
1562 849 1618 876 aut
1629 841 1828 885 opinionem
1840 838 1994 874 acciderit
2005 864 2017 881 ,
2042 839 2203 884 imputare
2213 840 2267 875 de-

1250 907 1260 917 ·
1285 910 1288 914 s
1324 888 1398 924 beat
1409 913 1420 930 ,
1448 893 1503 938 qui
1515 902 1693 927 commune
1707 890 1882 936 negotium
1895 890 1935 924 de
1945 889 2076 934 proprio
2087 890 2202 926 maluit
2214 901 2260 925 ar-

1323 938 1421 974 bitrio
1431 941 1637 976 committere
1649 941 1787 975 fortunae
1803 939 1954 974 manibus
1966 964 1976 980 ,
1988 939 2086 984 quam
2099 940 2181 977 vires
2196 941 2266 984 ejus

1322 989 1357 1024 δε
1379 999 1533 1024 eventum
1552 990 1718 1035 prometiri
1731 1014 1742 1031 ,
1769 990 1920 1032 inspeetis
1944 999 2016 1024 tum
2036 989 2109 1025 aliis
2127 992 2268 1025 circum-

1323 1037 1470 1080 stantiis,
1497 1049 1569 1074 tum
1592 1037 1753 1084 praecipue
1772 1039 1932 1084 qualitate
1952 1040 2131 1074 consortis.
2158 1040 2263 1087 Qod

1324 1088 1419 1123 Pater
1433 1113 1443 1130 ‚
1467 1089 1489 1123 fi
1502 1090 1601 1125 vestra
1612 1087 1765 1125 discretio
1776 1090 1811 1123 in
1822 1089 1919 1123 causa
1932 1087 2081 1122 Ecclesiae
2101 1089 2135 1122 δι
2155 1089 2265 1134 Regis·

1324 1138 1513 1184 Anglorum
1524 1139 1566 1174 ab
1575 1140 1677 1183 initio
1689 1139 1876 1174 attendisset
1888 1161 1900 1179 ,
1928 1136 2134 1181 nequaquam
2145 1136 2182 1173 in
2193 1148 2265 1173 tan-

1323 1200 1371 1224 tas
1381 1191 1582 1225 calamitates
1602 1189 1765 1225 incidisset
1790 1187 1978 1233 Anglicana
2004 1187 2144 1222 Ecclesia
2165 1211 2179 1229 ,
2204 1199 2266 1223 nec

1323 1240 1633 1284 Gallicurm-quod
1657 1239 1724 1274 fine
1746 1239 1862 1274 dolore
1884 1249 1954 1273 non
1978 1237 2171 1282 loquimur,
2195 1247 2266 1272 tam

1322 1290 1505 1332 pernicioso
1515 1298 1728 1325 attentaretur
1739 1300 1796 1324 aut
1819 1288 2057 1333 opprimeretur
2075 1288 2228 1333 exemplo
2252 1313 2260 1320 .

1321 1338 1588 1373 Praemonuerunt
1600 1347 1709 1385 tamen
1724 1348 1783 1372 vos
1797 1337 1894 1374 multi
1908 1337 2018 1372 fideles
2033 1338 2156 1379 nostri,
2174 1338 2267 1382 quod

1322 1389 1398 1424 Rex
1421 1388 1611 1433 Anglorum
1622 1387 1804 1434 expugnari
1822 1386 1961 1431 quidem
1984 1387 2170 1422 austeritate
2189 1389 2269 1422 faci-

1323 1438 1385 1471 lius
1399 1438 1502 1480 potest
1516 1461 1527 1477 ,
1553 1438 1607 1472 sed
1630 1437 1722 1471 nulla
1745 1437 2017 1475 mansuetudine,
2040 1437 2146 1471 nullis
2166 1437 2265 1482 obse·-

1323 1486 1410 1530 quiis
1422 1497 1478 1520 aut
1494 1484 1825 1520 Beneficiiemolliri.
1854 1483 2030 1518 Blanditur
2048 1483 2101 1517 his
2120 1495 2203 1527 quos
2226 1489 2268 1520 ti-v

1323 1546 1390 1570 met
1404 1560 1415 1576 ‚
1442 1535 1503 1570 hos
1514 1536 1595 1570 colit
1606 1535 1771 1579 obsequiis
1782 1544 1865 1579 quos
1886 1532 1980 1567 rebus
2003 1543 2060 1568 aut
2081 1534 2228 1570 moribus
2253 1560 2268 1576 ,

1313 1591 1381 1620 'aut
1393 1583 1589 1621 honestioris
1600 1585 1690 1622 famae
1701 1584 1800 1619 titulo
1813 1583 1937 1627 privare
1945 1582 2100 1618 desiderat
2113 1608 2121 1616 .
2147 1584 2182 1619 Si
2195 1584 2266 1619 moss

1324 1635 1480 1671 uentibus
1492 1646 1571 1671 tunc
1581 1635 1711 1670 credere
1724 1634 1876 1669 noluistis
1891 1657 1902 1674 ,
1928 1633 1950 1668 ss
1966 1633 2097 1678 publica
2113 1637 2265 1672 omnium

1323 1685 1488 1723 attestatio
1510 1697 1582 1721 vera
1596 1697 1666 1720 non
1688 1686 1796 1719 movit
1808 1707 1820 1724 ,
1846 1683 1959 1718 saltem
1978 1683 2044 1726 ipsa
2064 1684 2269 1727 experientia

1323 1735 1372 1771 vel
1380 1747 1468 1771 nunc
1480 1736 1713 1780 persuadeat&
1724 1733 1898 1778 compellat
1912 1744 2036 1768 mutare
2056 1733 2268 1774 sententiam,

1323 1794 1360 1820 ut
1371 1787 1566 1828 persecutori
1580 1786 1730 1820 Ecclefiae
1741 1784 1962 1828 respondeatis
1973 1794 2031 1827 pro
2057 1784 2177 1818 merito
2193 1809 2204 1825 ,
2229 1787 2266 1819 δε

1322 1834 1379 1878 qui
1398 1835 1555 1869 Divinam
1577 1834 1612 1868 ἀ
1635 1834 1863 1877 Apostolicam
1886 1832 2073 1867 contemnit
2086 1831 2269 1868 authorita-

1322 1893 1388 1918 tem
1403 1907 1414 1924 ,
1434 1884 1548 1919 sentiat
1561 1883 1760 1927 prophetam
1773 1884 1835 1917 effe
1847 1882 1879 1916 in
1896 1881 1990 1916 lsrael
2002 1906 2012 1922 ‚
2039 1881 2073 1916 δε
2086 1883 2193 1918 zelum
2205 1884 2267 1918 Pe-

1323 1935 1365 1967 tri
1378 1934 1526 1969 nondum
1537 1934 1556 1966 a
1568 1934 1650 1968 Sede
1663 1932 1854 1976 Apostolica
1863 1932 2003 1966 exulasse
2018 1956 2024 1963 .
2051 1932 2144 1967 Nam
2155 1933 2177 1967 fi
2194 1933 2267 1968 Ec«

1323 1983 1424 2017 clefiae
1442 1982 1596 2018 inimicus
1609 1981 1674 2025 est,
1700 1982 1735 2016 &
1758 1980 1941 2017 schismatis
1961 1982 2136 2024 incentor,
2163 1982 2268 2018 debec-

1324 2032 1428 2077 puniri
1442 2033 1631 2067 &cometa
1658 2033 1692 2067 Si
1707 2031 1868 2072 Amicus,
1896 2041 2024 2075 propter
2037 2031 2193 2076 obsequia
2208 2038 2267 2068 cat-T

1323 2082 1651 2127 stigari&emendari
1677 2090 1807 2125 oportet
1829 2105 1838 2115 .
1864 2081 1926 2116 Sed
1949 2082 2157 2124 proverbium
2172 2083 2215 2116 est
2242 2107 2254 2123 ,

1323 2136 1434 2166 Timeri
1458 2136 1583 2166 Danaos
1600 2134 1636 2172 β·
1658 2133 1735 2170 dpna
1749 2130 1886 2173 ferentes
1910 2154 1918 2162 .
1960 2130 2094 2172 Utique
2132 2132 2260 2167 Nuncii

1325 2182 1425 2227 Regis
1443 2182 1631 2228 Anglorum
1656 2179 1906 2225 quodammodo
1932 2180 2041 2214 Danai
2053 2181 2152 2221 sunt,
2176 2182 2210 2216 dt
2237 2183 2263 2217 fi

1325 2241 1391 2267 non
1413 2232 1580 2279 consortio
1602 2231 1731 2277 generis
1744 2256 1754 2272 ,
1793 2239 1862 2264 arte
1883 2240 1992 2264 tamen
2019 2230 2053 2264 &
2074 2231 2261 2267 imitatione

1322 2283 1475 2316 Sinonis.
1502 2282 1551 2317 Hi
1563 2282 1657 2318 vobis
1681 2280 1933 2316 satisfactionem
1957 2280 2172 2324 promiserunt
2187 2305 2197 2321 ‚
2223 2291 2267 2316 ut}

1325 2333 1470 2366 Eeclefiae
1479 2332 1546 2372 Dei
1558 2331 1778 2370 calamitatem
1792 2330 2020 2375 protenderent
2040 2354 2059 2372 ,1
2074 2331 2110 2366 δε
2118 2330 2256 2366 exilium

1324 2380 1469 2416 nostrum
1481 2407 1489 2415 .
1515 2382 1773 2425 Impetraverunt
1783 2391 1819 2415 ut
1833 2379 1943 2415 adhuc
1952 2381 2028 2415 Rex
2039 2380 2096 2414 ille
2114 2392 2171 2425 per
2191 2381 2267 2422 Λιπ-4

1322 2429 1609 2474 chi-Episcopum
1629 2430 1935 2473 Rothomagensem
1961 2430 2031 2468 ,'&
2054 2430 2255 2474 Episcopum

1323 2481 1559 2515 Nivernensem
1572 2478 1806 2515 conveniretur
1817 2502 1828 2519 ,
1856 2478 1943 2521 quali
1955 2477 2019 2521 jam
2034 2477 2106 2512 satis
2116 2489 2257 2514 conven-

1322 2541 1374 2566 tus
1391 2542 1459 2565 non
1472 2530 1579 2566 fuisset
1589 2553 1600 2569 ,
1624 2530 1659 2565 &
1672 2528 1797 2563 malitia
1810 2527 1879 2571 ejus
1893 2538 1962 2562 non
1976 2529 2176 2569 provocasset
2199 2529 2258 2572 Ju-

1320 2580 1446 2616 dicium
1456 2606 1463 2613 .
1492 2579 1647 2617 Clamant
1657 2579 1746 2613 enim
1758 2584 1872 2611 contra
1887 2576 1982 2611 illum
1994 2575 2078 2611 Coeli
2089 2577 2124 2614 δε
2136 2585 2218 2613 terra
2245 2602 2258 2619 ,

1321 2631 1353 2665 dt
1364 2630 1448 2669 soli,
1472 2630 1530 2673 qui
1542 2628 1695 2663 lateribus
1705 2626 1817 2662 vestris
1827 2625 1973 2662 adfideut
1985 2649 1998 2667 ,
2022 2637 2090 2662 non
2114 2626 2255 2662 audiunt

1322 2678 1513 2715 Cardinales
1525 2703 1532 2712 .
1558 2678 1622 2714 Sed
1632 2676 1719 2712 certe
1729 2676 1873 2722 quisquis
1885 2674 2084 2711 obsurdescit
2095 2675 2150 2710 hic
2163 2692 2181 2716 ‚·
2200 2689 2257 2712 au·

1321 2730 1389 2765 diet
1401 2731 1435 2764 in
1446 2727 1570 2773 judicio
1592 2727 1724 2762 verbum
1750 2728 1917 2771 asperum:
1943 2728 2017 2759 rtem
2040 2726 2193 2760 maledi&
2220 2733 2266 2761 in*

1322 2787 1420 2825 ignem
1438 2789 1583 2814 aeternum
1596 2804 1604 2812 .
1630 2778 1787 2813 Praefatus
1800 2787 1910 2811 autem
1934 2773 2036 2812 Archi
2047 2793 2057 2803 ·
2070 2775 2252 2819 Episcopus

1322 2833 1357 2868 δε
1381 2830 1559 2875 Episcopus
1577 2827 1722 2863 mandati
1747 2827 1838 2861 vestri
1859 2827 1998 2861 formam
2023 2826 2219 2861 excedentes
2243 2852 2255 2868 ,

1322 2881 1497 2916 dilationes
1510 2878 1698 2923 indulgent,
1725 2876 1829 2920 Regis
1849 2875 2079 2918 obtemperant
2100 2875 2249 2910 volunta·

1323 2932 1371 2972 ti,
1397 2932 1431 2965 &
1444 2930 1507 2964 live
1519 2940 1626 2964 errore
1635 2927 1698 2962 five
1709 2927 1790 2961 dolo
1803 2950 1814 2964 ‚
1839 2925 1916 2960 ficut
1927 2936 1968 2958 ex
1979 2925 2095 2960 litteris
2106 2936 2185 2969 quas
2198 2937 2254 2960 vo·

1325 2982 1374 3017 bis
1387 2981 1571 3020 mittimus,
1608 2976 1739 3022 potestis
1762 2975 1949 3015 advertere,
1975 2986 2166 3021 perpetuant
2186 2977 2268 3010 Ec*-

1325 3031 1426 3067 clefiae
1435 3031 1651 3065 calamitatem
1661 3051 1670 3058 .
1683 3023 1922 3061 Londoniensis
1933 3023 2116 3069 Episcopus
2125 3050 2136 3066 ,
2150 3036 2252 3070 quem

1325 3092 1382 3126 pro
1396 3081 1564 3115 voluntate
1575 3077 1672 3113 vestra
1684 3074 1872 3119 praecepistis
1886 3073 2008 3109 ablolvi
2023 3098 2035 3114 ‚
2056 3075 2092 3109 ἀ
2104 3077 2159 3120 qui
2170 3076 2249 3110 sieut

1325 3141 1439 3167 contra
1451 3130 1626 3173 justitiam,
1651 3127 1696 3160 ita
1708 3125 1743 3159 δι
1760 3133 1873 3159 contra
1884 3125 2043 3167 formam,
2071 3136 2167 3168 quam
2188 3137 2250 3159 ex·-

1326 3180 1474 3226 preffistis
1484 3204 1495 3220 ‚
1522 3177 1682 3215 absolutus
1692 3176 1738 3210 est
1748 3200 1765 3218 ‚b
1786 3173 1934 3209 Ecclefiae
1946 3184 2055 3218 pacem
2063 3175 2096 3210 δι
2108 3174 2263 3211 nostram·

1328 3231 1484 3274 impedit,
1511 3226 1669 3271 &praevio
1691 3223 1886 3260 Eboracenfi
1909 3223 2032 3258 Archi·
2046 3225 2210 3268 Episcopo
2237 3249 2250 3267 ,

1326 3279 1581 3317 &affistentibus
1592 3276 1647 3310 fibi
1669 3275 1806 3312 Clericis
1825 3274 1946 3319 Regis,
1973 3285 2054 3316 quos
2076 3273 2247 3319 benignius
2257 3290 2261 3300 -·

1328 3330 1513 3375 recipere&
1535 3327 1697 3361 efficacius
1716 3323 1925 3363 consuevistis
1946 3324 2057 3359 audire
2072 3346 2083 3363 ,
2118 3326 2250 3359 molitur

1328 3388 1441 3416 contra
1475 3378 1699 3422 professionem
1737 3378 1826 3410 suam
1837 3398 1848 3414 ‚
1861 3406 1863 3409 ,
1874 3383 1911 3408 ut
1936 3373 2109 3409 Coronato
2139 3382 2250 3413 contra

1330 3431 1435 3466 Derim
1447 3439 1501 3474 per
1512 3438 1645 3463 manum
1659 3427 1724 3473 jam
1735 3426 1811 3460 disti
1838 3424 2049 3463 Eboracenfis
2068 3423 2155 3458 Filio
2181 3422 2245 3455 Re-
2260 3445 2263 3450 ι

2123 3472 2199 3518 gis,
