2358 3776
402 86 419 116 1
432 84 493 131 70

324 161 389 197 suis
399 187 409 202 ,
435 160 469 193 δε
481 167 554 193 cum
567 152 739 199 dispendio
751 155 843 189 famae
853 153 886 188 &
896 152 1102 188 conscientiae
1123 163 1191 187 non
1204 163 1262 186 ac·—

327 213 493 256 quiescunt
513 232 524 247 ,
551 205 662 240 multis
675 213 764 249 patet
785 205 957 248 exemplis.
996 204 1048 237 Ex
1069 214 1136 245 quo
1161 202 1260 246 longe

325 257 534 307 periculosius
554 281 564 297 ,
589 253 686 300 quam
712 251 938 294 inconsiderati
950 251 1104 287 homines
1115 254 1258 296 opinen-

326 323 395 350 tur,
423 308 486 342 esse
498 306 635 341 arbitror
653 329 665 346 ,
692 305 835 348 aliquam
845 303 885 337 ad
895 302 1120 346 promissiones
1131 302 1258 347 ejusja-

324 364 447 395 &uram
464 359 567 393 facere
587 356 793 390 conscientiae
813 355 848 388 ἃ
869 351 1069 394 honestatis,
1095 353 1195 395 quaefi
1220 353 1260 386 se·

323 411 390 446 mel
402 409 579 447 laedantur,
605 405 701 440 facile
713 411 880 445 nequeunt
900 403 1057 445 reparari.
1085 403 1174 437 Nam
1195 413 1262 444 qua»,

323 461 358 498 in
370 460 524 495 alterutro
544 457 626 490 fiunt
641 455 771 488 vulnera
785 478 797 494 ,
823 451 888 487 fere
900 450 1032 487 lethalia
1044 452 1138 492 sunt,
1168 462 1203 486 ut
1217 462 1261 486 ta-

323 521 398 544 men
412 533 423 549 ,
449 510 540 545 Fere,
566 505 668 548 magis
679 515 719 538 ex
733 503 923 537 infirmitate
947 503 1183 537 carnisdistum
1203 514 1260 536 ac-

320 561 482 603 cipiatur,
508 556 606 599 quam
617 567 657 589 ex
679 553 804 597 judicio
826 552 964 587 rationis
981 577 989 584 .
1015 552 1091 586 Hac
1117 553 1264 595 enimju-

321 611 394 644 dice
408 606 633 652 perniciosiora
653 606 748 645 sunt,
773 602 962 648 quamilla,
986 603 1208 646 quaecorporis
1229 602 1261 636 &

321 659 437 693 animae
447 667 639 701 compagem
654 654 783 689 solvunt
797 678 808 694 ‚
835 652 982 687 Ethnico
995 676 1006 693 ,
1033 651 1154 688 nedum
1165 651 1261 687 Chri-

321 710 447 748 stiano,
473 707 626 741 dicente:
652 708 798 738 summum
815 704 901 736 crede
924 702 1010 744 nefas
1036 708 1168 736 animam
1182 711 1261 745 prae·

314 759 403 802 ferre
421 760 556 800 pudori,
595 759 629 790 (9·
644 763 765 798 propter
785 759 886 786 vitam
909 754 1037 787 vivendi
1052 753 1179 795 perdere
1198 763 1261 785 cau·

316 808 369 852 sas
380 833 387 841 .
401 829 403 831 -
418 808 524 842 Unde
535 815 604 841 tota
617 806 734 840 mentis
747 802 1071 847 a'ffeffionedeposco
1085 828 1096 844 ,
1123 811 1159 837 ut
1177 802 1199 836 fi
1221 801 1261 835 de

321 870 400 902 pace
419 869 490 892 mea
513 859 619 891 aerum
642 852 759 895 fuerit,
785 864 821 888 ea
845 853 1055 897 provideatur
1074 854 1199 891 forma,
1224 852 1259 886 in

322 921 386 954 qua
400 920 465 944 non
481 907 668 942 offendatur
682 905 771 938 Deus
784 928 795 945 ‚
820 903 855 938 ἀ
880 903 1031 938 honestas
1042 928 1053 944 ‚
1079 914 1176 948 quam
1190 913 1258 936 non

321 958 428 993 audeo
439 958 547 993 dicere
558 969 621 1002 ego
633 979 644 995 ,
670 954 721 989 sed
735 954 828 988 Deus
839 952 921 988 mihi
932 952 1086 988 haerentis
1097 955 1259 997 integram

319 1009 543 1049 conservavit,
569 1007 662 1041 illaesa
672 1016 804 1049 quoque
814 1004 1023 1048 imposterum
1046 1004 1087 1039 ad
1108 1002 1261 1038 homines

318 1061 539 1098 conservetur.
554 1058 595 1092 Et
607 1057 628 1090 s1
640 1055 723 1090 forte
732 1056 806 1090 talis
818 1056 960 1099 potuerit
973 1054 1112 1089 inveniri
1127 1078 1138 1094 ,
1165 1063 1260 1098 agam

318 1109 438 1153 gratias
460 1109 561 1148 Deo,
590 1108 624 1141 ὅ(
641 1106 757 1147 vobis,
792 1105 826 1139 ὅ(
851 1104 1025 1146 omnibus,
1052 1104 1109 1149 qui
1133 1103 1173 1137 ad
1196 1102 1262 1136 hoc

325 1168 456 1202 operam
467 1157 636 1192 dederint.
664 1157 699 1191 Si
720 1156 795 1190 vero
815 1154 857 1189 de
868 1154 1056 1198 juramentis
1076 1155 1183 1188 astum
1196 1153 1262 1186 sue-

319 1209 380 1249 rit,
407 1206 682 1243 novitDominus
693 1217 782 1240 meus
796 1205 974 1249 Episcopus
986 1229 996 1245 ,
1022 1204 1122 1247 quam
1144 1202 1256 1237 subtili

319 1259 496 1292 reverentia
517 1258 552 1291 in
575 1257 696 1291 talibus
717 1266 845 1290 tenear.
874 1253 1037 1299 Nunquid
1060 1253 1141 1298 ergo
1158 1253 1261 1296 jurare

271 1320 275 1336 ··
318 1309 442 1352 possem
453 1308 486 1341 in
499 1317 535 1341 ea
547 1305 784 1350 praescriptione
799 1303 969 1338 verborum
985 1327 996 1344 ,
1019 1312 1073 1337 aut
1096 1302 1204 1346 potius
1216 1302 1261 1335 sa-

317 1359 396 1392 lutis
409 1356 665 1402 proscriptione,
693 1366 764 1398 quae
775 1353 817 1389 ab
827 1353 923 1395 aliis,
948 1363 984 1388 ut
1009 1352 1130 1392 audio,
1157 1351 1261 1397 exigi·

318 1417 392 1448 tur,
418 1408 451 1441 δε
473 1405 650 1450 praestatur,
675 1405 733 1440 ubi
754 1415 813 1439 nec
835 1404 925 1444 Dei,
952 1414 1012 1438 nec
1035 1402 1134 1447 Legis
1151 1426 1162 1442 ‚
1200 1413 1261 1436 nec

317 1457 456 1492 Ordinis
466 1456 611 1491 salvandi
623 1454 700 1489 licet
712 1455 782 1489 fieri
801 1454 1030 1488 mentionem?
1056 1452 1118 1487 Sed
1130 1452 1172 1486 de
1181 1463 1263 1486 con-

317 1505 542 1541 suetudinibus
553 1503 697 1547 reprobis
709 1528 720 1544 ,
745 1504 778 1538 ὅτ
790 1502 917 1547 legibus
925 1502 1052 1547 ignotis
1067 1525 1079 1542 ,
1102 1511 1159 1535 aut
1172 1511 1259 1544 repu-

319 1555 504 1603 gnantibus
524 1553 607 1599 Legi
628 1553 693 1588 Dei
713 1551 895 1590 servandis,
919 1551 993 1595 quis
1017 1552 1260 1586 Sacramentum

319 1616 406 1651 petat
420 1605 477 1640 nisi
490 1602 642 1638 alienusa
654 1602 718 1637 fide
731 1626 742 1642 ,
769 1602 803 1636 δε
813 1601 967 1635 omnium
977 1602 1260 1635 Sacramentorum
1277 1630 1279 1634 ,

316 1655 551 1699 contemptor?
577 1652 661 1688 Sane
682 1653 888 1686 temerarium
915 1651 1016 1685 nimis
1029 1674 1040 1690 ,
1066 1651 1101 1684 ἀ
1121 1648 1262 1684 omnino

321 1707 514 1752 praecipitem
525 1728 535 1744 ,
564 1703 599 1736 ἀ
611 1702 864 1745 praecipitantem
875 1701 951 1734 sein
965 1700 1056 1734 mille
1078 1700 1262 1734 damnatio-

321 1758 372 1790 nis
387 1756 520 1798 laqueos
540 1761 744 1795 reputarem,
771 1749 828 1792 qui
851 1751 882 1783 se
902 1750 942 1783 ad
953 1748 1191 1783 observantiam
1215 1750 1260 1782 sa-

320 1816 450 1841 crorum
466 1803 645 1837 Canonurn
659 1826 669 1842 ‚
696 1810 751 1834 aut
763 1799 850 1833 certe
862 1799 958 1843 ipsius
971 1798 1146 1842 Evangelii
1157 1797 1260 1831 custo-

319 1857 408 1891 diam
430 1854 614 1897 juramento
635 1849 772 1893 praestito
791 1847 970 1894 obligaret.
1011 1847 1084 1882 Nifi
1120 1846 1203 1881 sorte
1219 1857 1260 1880 eo

319 1906 423 1949 major
442 1904 505 1942 fit,
533 1901 588 1942 qui
613 1901 674 1935 sua:
695 1899 846 1934 conscius
871 1897 1089 1937 infirmitatis,
1117 1897 1153 1931 &
1173 1895 1262 1930 testis

321 1956 437 1990 nostrae
456 1949 652 1986 humilitatis
670 1950 866 1990 confitetur,
892 1948 969 1992 quia
981 1947 1015 1981 in
1038 1946 1152 1982 multis
1161 1947 1261 1980 offen-

318 2005 426 2039 dimus
436 2013 568 2038 omnes.
596 1999 679 2035 Side
690 1999 854 2043 praeteritis
864 2006 998 2043 agatur,
1025 2008 1094 2031 non
1108 2007 1195 2041 nego
1208 2005 1260 2029 me

259 2051 262 2054 ¹
319 2052 546 2090 Cantuarienii
580 2047 880 2093 Archi-Episcopo
902 2072 914 2090 ,
947 2048 1027 2082 ficut
1054 2047 1207 2080 Domino
1228 2046 1261 2079 &

320 2104 411 2139 Patri
435 2113 511 2137 meo
527 2125 538 2141 ,
573 2100 722 2135 debitum
745 2100 780 2134 ὅ(
801 2098 958 2133 devotum
980 2095 1152 2142 praestitisse
1173 2093 1261 2129 obse-

321 2155 458 2201 quium,
484 2151 654 2186 &utinam
669 2149 844 2184 efficaciter
866 2147 1096 2192 praestitissem,
1123 2156 1183 2179 nec
1207 2155 1262 2179 un-

320 2206 438 2251 quam,
466 2203 542 2237 Deo
556 2201 717 2246 propitio,
747 2197 857 2234 adhuc
879 2209 939 2242 pro
962 2207 1167 2240 quacumque
1177 2194 1263 2228 utili-

320 2258 414 2291 litate
430 2278 442 2295 ,
468 2254 514 2286 vel
526 2250 649 2286 damno
661 2247 826 2289 deducar,
851 2258 887 2281 ut
898 2247 1083 2282 Dominum
1111 2255 1222 2278 meum
1249 2268 1260 2283 ,

323 2307 522 2351 quicumque
533 2302 591 2341 fit,
618 2299 797 2342 abjurando
809 2297 859 2330 vel
880 2295 1077 2339 abnegando
1098 2293 1259 2328 maculem

319 2358 423 2391 vitam
436 2363 543 2387 meam
555 2375 566 2392 ‚
593 2350 696 2383 immo
707 2348 740 2381 δε
765 2345 958 2381 memoriam
979 2344 1124 2379 nominis
1137 2344 1167 2377 ἂ
1178 2353 1261 2388 gen·-

321 2408 449 2443 tismeae
458 2412 568 2438 coram
581 2401 658 2435 Deo
675 2399 710 2432 &
733 2395 923 2431 hominibus
934 2420 941 2426 .
969 2394 1131 2429 Caeterum
1142 2394 1224 2427 sicut
1243 2392 1261 2425 a

321 2454 468 2501 pluribus
479 2451 587 2493 accepi
601 2474 612 2490 ‚
638 2448 695 2484 nisi
708 2446 772 2481 haec
784 2447 818 2481 &
830 2445 973 2489 praedista
997 2446 1102 2480 fecero
1111 2469 1121 2484 ‚
1150 2453 1259 2486 pacem

321 2500 576 2542 mihireformari
589 2496 849 2540 autimpoffibile
858 2495 903 2530 est
923 2506 980 2531 aut
1005 2493 1259 2529 difficillimum.

320 2555 377 2592 Ad
387 2554 453 2588 hoc
464 2552 574 2594 itaque
597 2548 767 2593 proficiat,
793 2547 814 2579 s1
828 2545 952 2589 placet,
977 2543 1148 2590 vigilantia
1171 2543 1251 2587 Epi-

322 2605 412 2648 scopi
425 2629 434 2644 ,
461 2603 493 2636 &
506 2599 607 2634 vestra
618 2623 629 2639 ,
655 2608 691 2631 ut
703 2597 725 2631 st
736 2596 778 2631 de
786 2595 1055 2630 reconciliatione
1066 2604 1135 2629 mea
1155 2595 1261 2628 actum

321 2656 418 2691 fuerit
431 2677 441 2691 ‚
454 2652 573 2693 iniquae
585 2650 618 2682 &
630 2646 812 2692 periculosa:
821 2643 1032 2680 conditiones
1043 2652 1265 2683 amoveantur,

326 2707 360 2740 &
380 2715 444 2746 ego
455 2701 487 2732 in
501 2698 674 2735 omnibus,
701 2709 771 2740 quae
782 2698 845 2730 fine
857 2696 999 2740 periculo
1011 2695 1121 2729 salutis
1132 2695 1164 2729 δι
1174 2694 1264 2728 famae

327 2754 396 2789 fieri
408 2750 554 2796 possunt,
580 2747 722 2780 Domini
738 2746 916 2789 Episcopi,
943 2746 1124 2780 &vestrum
1137 2768 1148 2785 ,
1174 2744 1262 2788 quod

328 2806 371 2841 ab
390 2813 430 2838 eo
453 2810 519 2833 non
541 2795 720 2839 discrepat,
745 2796 918 2829 confilium
946 2795 1058 2839 sequar
1079 2820 1087 2828 .
1120 2793 1183 2830 Sed
1206 2805 1266 2828 nec

332 2850 494 2900 proficisci
509 2848 626 2882 vellem
638 2844 678 2879 ad
698 2845 835 2878 Curiam
848 2869 859 2886 ,
885 2856 996 2889 pacem
1015 2847 1153 2880 faEturus
1165 2869 1176 2885 ,
1207 2845 1263 2878 nifi

331 2899 539 2948 aliquatenus
551 2896 746 2940 praecognita
759 2896 844 2929 fama
856 2894 1028 2938 ejusNam
1041 2895 1086 2930 rei
1103 2895 1267 2930 familiaris

331 2950 482 2998 angustia
494 2972 504 2988 ,
530 2947 563 2980 ὅ(
579 2945 761 2990 negotiatio
773 2945 950 2979 litterarum
964 2970 974 2987 ‚
1001 2957 1070 2988 quae
1090 2944 1174 2980 mihi
1187 2945 1271 2980 sola-

330 3005 416 3039 tium
439 2999 554 3044 pariter
566 2997 598 3031 &
611 2993 785 3030 subsidium
798 2994 932 3038 praebet,
959 3007 1017 3028 nec
1039 3006 1176 3041 magnos
1187 2996 1266 3030 sum-

333 3065 408 3099 ptus
426 3050 572 3087 faciunt,
601 3057 659 3080 nec
678 3044 737 3079 diu
759 3044 863 3079 abesse
885 3046 1050 3087 patiuntur
1073 3071 1079 3078 .
1121 3045 1269 3080 Facultas

332 3104 421 3139 enirn
431 3099 528 3135 solito
547 3096 766 3140 magistenuis
785 3095 830 3128 est
843 3120 853 3135 ,
881 3094 934 3128 sed
952 3105 1050 3128 onera
1072 3107 1138 3130 non
1163 3085 1286 3130 decre-⁸

336 3157 431 3189 scunt
444 3176 451 3183 .
478 3148 657 3182 Rarescunt
670 3156 780 3179 autem
790 3144 912 3180 auxilia
922 3168 932 3185 ,
954 3145 1010 3178 etfi
1024 3145 1064 3178 ab
1074 3146 1171 3178 initio
1181 3146 1239 3179 rari
1248 3124 1287 3178 sd

336 3206 412 3238 sima
425 3200 564 3236 fuerint.
591 3198 628 3230 ln
643 3194 842 3240 profectione
854 3196 956 3230 versus
978 3192 1185 3239 Andegavim
1197 3218 1208 3234 ,
1235 3196 1269 3229 δε

336 3248 547 3288 paschalibus
565 3247 740 3290 colloquiis
750 3246 899 3290 Regum,
927 3244 1079 3278 tredecim
1097 3243 1265 3280 librasex-

339 3301 456 3348 pendi,
483 3301 517 3333 ὃς
531 3298 609 3331 duas
621 3296 709 3330 amifi
720 3296 915 3339 equitaturas
931 3318 941 3334 ,
968 3305 1003 3328 ut
1013 3293 1053 3328 de
1065 3293 1228 3327 laboribus
1258 3319 1267 3334 ,

340 3351 516 3389 molestiis,
543 3347 760 3381 &Curiarum
782 3345 1053 3379 taediistacearur.
1082 3343 1183 3389 Qtod
1195 3344 1267 3387 quia

347 3400 449 3447 magis
462 3401 571 3444 piget,
595 3397 711 3434 cunsta
721 3396 926 3431 cefferuntin
947 3396 1083 3430 cassum.
1114 3393 1204 3429 Nam
1228 3395 1268 3429 la-

1010 58 1577 121 ,EPISTOLAE

1320 150 1380 186 bor
1391 153 1510 196 periit,
1535 151 1748 195 &impensu
1774 158 1837 186 nec'
1844 152 1979 196 vellem,
2006 129 2108 192 fiQderi
2132 160 2256 202 poffet,

1319 203 1574 246 occupationum
1589 226 1600 242 ,
1625 203 1658 236 dr
1672 213 1778 236 rerum
1792 202 1896 238 fimile
1907 204 2008 241 subire
2027 207 2233 252 dispendium
2245 234 2256 243 .

1319 252 1425 288 Status
1443 263 1534 287 meus
1545 251 1639 287 vobis
1651 263 1694 286 ex
1715 262 1806 297 parte
1818 263 1873 295 per
1882 253 2049 292 Nunciutn
2060 258 2252 295 innotescet.·

1321 302 1409 337 Idem
1420 303 1464 336 est
1476 301 1542 337 fere
1554 301 1611 346 qui
1623 301 1685 336 fuit
1697 327 1704 335 .
1732 303 1787 337 De
1798 304 1904 338 cauffa
1925 302 2164 344 Cantuarienfis
2186 317 2268 345 non·

1318 352 1450 396 despero
1464 377 1475 393 ,
1501 353 1579 398 quia
1599 353 1666 397 ipse
1686 351 1914 396 poenitentiam
1933 364 2034 399 agens
2052 355 2141 400 super
2160 350 2263 394 com-i

1320 402 1458 438 miffisin
1467 402 1591 443 Curia,
1615 402 1657 437 de
1667 403 1820 437 Domino
1831 413 1901 437 non
1926 403 2095 448 desperat,
2121 418 2182 443 nee*
2201 420 2258 453 po-

1322 452 1393 493 nit,
1418 463 1454 488 ut
1475 454 1618 498 opinor,
1644 464 1775 487 carnem
1798 451 1967 488 brachium
1989 455 2084 489 suurn
2109 479 2117 487 .
2146 456 2257 493 Credo

1320 512 1427 538 autem
1439 528 1451 545 ‚
1477 502 1567 548 quod
1578 504 1668 538 Deus
1678 503 1786 538 adhuc
1797 505 1982 548 supremum
1993 504 2173 540 remedium
2193 508 2258 543 dif-

1321 554 1381 587 fert
1393 577 1405 595 ,
1427 554 1502 598 quia
1516 554 1666 592 nondum
1685 554 1729 588 est
1740 552 1836 589 omni
1857 553 2006 590 humano
2026 554 2155 590 auxilio
2166 555 2259 593 desti-

1321 610 1425 637 tutus.
1453 602 1561 639 Vocat
1578 615 1630 639 me
1651 604 1805 650 magister
1828 602 1985 640 Girardus
1998 629 2009 646 ,
2034 614 2072 639 ut
2087 628 2100 647 ,
2124 605 2209 643 salva
2226 606 2262 640 fi.

1321 653 1361 687 de
1382 653 1531 688 Ecclefiae
1556 653 1737 695 Romanae,
1763 655 1945 690 Coloniam
1979 656 2139 691 transeam
2157 679 2170 697 ‚
2204 654 2260 691 sed

1320 701 1459 738 authore
1470 704 1645 748 pioJESU
1658 729 1669 745 ,
1696 716 1756 748 pro
1779 705 1873 740 nullo
1893 705 2014 750 quaestu
2037 715 2160 749 ponam
2179 715 2261 741 cum

1321 751 1576 789 schismaticisad
1589 754 1826 790 subversionem
1848 756 1981 791 Domus
2001 755 2142 790 Domini
2163 754 2262 790 schis-

1320 803 1416 838 matis
1436 804 1641 846 portionem.
1669 805 1778 849 Ipsum
1801 816 1911 842 tamen
1934 806 2112 841 Girardum
2135 816 2260 849 nequa·-

1320 854 1417 897 quam
1428 852 1667 893 schismaticum
1681 865 1798 899 reputo
1813 880 1825 897 ,
1850 857 1928 902 quia
1950 856 2027 892 fidei
2047 855 2117 899 ejus
2141 855 2260 900 perspi·

1319 914 1379 938 cua
1391 913 1504 947 patent
1525 904 1648 940 indicia
1659 917 1701 941 ex
1723 906 1839 942 litteris
1858 907 1947 951 ejus,
1973 916 2114 951 quorum
2135 904 2262 940 Rescri-

1321 963 1413 996 ptum
1442 954 1596 990 Domino
1616 956 1782 1000 Episcopo
1798 957 1899 991 mitto
1919 980 1932 997 ,
1966 956 2128 1002 suppresso
2147 966 2260 991 tamen

1321 1001 1482 1039 Authoris
1494 1005 1652 1045 nornine,
1677 1004 1868 1040 ne&illi&
1890 1005 1965 1041 aliis
1988 1016 2128 1047 noceat,
2154 1006 2177 1040 fi
2192 1006 2260 1040 fuo-

1320 1052 1362 1086 rit
1384 1053 1610 1099 divulgatum.
1637 1054 1718 1089 Non
1730 1053 1872 1095 dubito,
1897 1055 1980 1099 quin
2003 1054 2087 1091 mihi
2098 1065 2261 1099 compate-

1321 1103 1461 1144 remini,
1488 1104 1509 1136 fi
1522 1105 1683 1138 constaret
1696 1129 1707 1144 ,
1733 1104 1768 1137 in
1789 1115 1853 1147 qua
1875 1102 2098 1139 sollicitudine
2118 1106 2261 1141 versatur

1321 1153 1450 1187 animus
1462 1163 1573 1194 meus,
1600 1164 1660 1188 nec
1671 1164 1780 1188 tamen
1794 1177 1805 1193 ,
1829 1153 1907 1190 Deo
1916 1154 2014 1193 teste,
2040 1165 2099 1198 pro
2117 1163 2195 1194 me,
2221 1154 2261 1188 li-

1320 1202 1370 1236 cet
1390 1203 1475 1245 apud
1490 1203 1689 1238 Duricordes
1702 1203 1864 1245 habitem,
1892 1205 2053 1248 quantum
2078 1215 2137 1248 pro
2148 1202 2264 1239 amicis

1321 1251 1496 1287 sollicitor:
1524 1254 1600 1296 quia
1623 1252 1730 1294 mihi,
1755 1254 1866 1298 quoad
1889 1266 1961 1293 me,
1991 1254 2152 1288 sufficeret
2172 1264 2264 1289 com-

1320 1304 1476 1336 mercium
1489 1303 1689 1344 litterarum,
1716 1303 1772 1337 nisi
1795 1304 1990 1347 urgerent&
2006 1304 2094 1343 alii,
2118 1313 2263 1345 quor-um

1319 1361 1449 1396 oportet
1461 1363 1514 1386 me
1526 1353 1764 1387 neceffitatibus
1776 1356 2019 1389 communicare
2031 1379 2038 1387 .
2066 1353 2103 1388 Si
2115 1353 2261 1393 nescitis,
2281 1396 2283 1399 Α

1321 1402 1456 1447 Belgica
1465 1402 1604 1437 secunda
1615 1427 1626 1444 ,
1652 1413 1723 1446 quae
1735 1403 1837 1438 modo
1849 1403 2032 1438 Remorum
2054 1401 2176 1439 dicitur
2188 1426 2200 1443 ,
2226 1403 2264 1437 in

1320 1453 1464 1496 antiquis
1489 1451 1645 1486 Historiis
1669 1452 1843 1487 Provincia
1864 1451 2102 1497 Duricordium
2122 1452 2265 1497 appella-

1320 1512 1390 1536 tur.
1417 1500 1510 1541 Licet
1536 1525 1547 1542 ,
1572 1499 1684 1536 habita
1705 1503 1987 1547 contemplatione
2019 1502 2227 1547 quorundam
2251 1523 2264 1541 ‚

1322 1550 1417 1594 posfit
1432 1552 1467 1585 δε
1479 1550 1730 1586 Mollicordium
1742 1553 1893 1597 appellari
1904 1578 1912 1586 .
1940 1554 2058 1595 Neque
2077 1553 2168 1588 enim
2195 1552 2265 1587 Du·

1321 1601 1498 1634 ricordiam
1521 1600 1648 1635 Archi·
1662 1602 1818 1646 Episcopi
1841 1627 1852 1643 ‚
1884 1603 1917 1637 δι
1940 1605 2073 1638 suorum
2089 1602 2264 1648 quisquam

1321 1649 1513 1684 familiarius
1533 1649 1689 1697 accedens
1725 1651 1936 1694 probabiliter
1952 1662 2090 1696 arguere
2107 1651 2228 1695 poterit
2255 1675 2273 1684 .,
2300 1681 2303 1683 .

1320 1699 1383 1734 Sed
1397 1700 1489 1743 quis,
1513 1700 1619 1743 ‘quaeso
1631 1725 1643 1741 ‚
1670 1700 1850 1735 nostratum
1865 1700 1898 1735 δε
1922 1711 2067 1735 veterum
2083 1701 2264 1740 amicorum

1320 1750 1360 1783 de
1381 1759 1481 1793 gente
1501 1749 1736 1784 Duricordiurn
1759 1761 1828 1785 non
1850 1751 2061 1784 convincitur
2079 1749 2166 1785 effe?
2203 1749 2267 1789 Di-

1321 1809 1414 1838 cam,
1441 1796 1531 1839 quod
1551 1797 1685 1832 fortasse
1703 1810 1770 1832 non
1795 1798 1949 1838 creditis.
1974 1799 2029 1833 sed
2042 1799 2131 1834 certe
2152 1810 2264 1835 verum

1320 1847 1365 1881 est
1377 1871 1388 1888 ,
1415 1846 1502 1881 filius
1511 1845 1656 1891 magistri
1677 1847 1838 1882 Gaufredi
1849 1846 1932 1882 mihi
1943 1848 2130 1884 coexulavzt
2143 1838 2265 1884 henli·

1321 1896 1380 1932 bus
1389 1898 1465 1930 osto
1479 1922 1490 1937 ,
1516 1897 1568 1931 sed
1579 1896 1657 1931 curn
1669 1896 1710 1931 ad
1722 1908 1798 1932 eum
1809 1896 1963 1932 Nuncius
1975 1908 2065 1932 meus
2077 1891 2119 1933 ab
2132 1897 2265 1942 Episco-

1322 1957 1365 1988 po
1376 1946 1589 1987 Norwicenfi
1601 1947 1634 1981 &
1656 1946 1786 1982 Abbate
1810 1947 1919 1982 Sancti
1932 1947 2104 1982 Edmundi
2115 1947 2264 1983 divertis-

1322 1997 1367 2030 set
1379 2019 1390 2035 ,
1417 1996 1560 2039 profecte
1572 2007 1633 2030 nec
1645 2008 1724 2031 unas
1735 1997 1776 2031 ad
1789 2008 1843 2031 me
1864 1997 2023 2032 litterulas
2037 1998 2143 2040 potuit
2162 1998 2265 2043 impe-

1322 2055 1404 2079 trare
1418 2066 1427 2078 .
1448 2046 1516 2079 Scit
1539 2055 1649 2080 tamen
1674 2046 1790 2087 Deus,
1816 2047 1906 2090 quod
1920 2047 2058 2082 nihilab
2077 2048 2190 2092 aliquo
2210 2059 2266 2083 eo·

1324 2105 1395 2129 rum
1420 2093 1523 2138 petii,
1548 2095 1583 2129 in
1607 2106 1711 2140 eoque
1730 2096 1812 2131 mihi
1833 2096 1916 2131 bene
1939 2099 2048 2133 astum
2069 2098 2136 2139 est,
2171 2097 2264 2143 quod

1324 2143 1473 2179 nondum
1486 2143 1637 2180 abinitio
1654 2145 1896 2190 proscriptionis
1909 2158 1988 2183 meae
2006 2147 2266 2184 erubescentiam

1324 2195 1459 2228 sustinui
1481 2196 1523 2230 de
1544 2195 1682 2239 repulsa.
1712 2196 1765 2230 Ex
1778 2195 1880 2232 his&
1902 2196 2154 2241 praecedentibus
2176 2206 2267 2241 patet

1324 2245 1375 2278 via
1388 2245 1506 2279 rationi
1519 2270 1530 2287 ,
1557 2245 1654 2280 sedin
1668 2246 1791 2281 litteras
1802 2258 1843 2280 ex
1854 2245 2022 2283 affectione
2037 2258 2126 2282 totus
2148 2246 2266 2291 deflue-

1324 2305 1390 2328 rem
1401 2318 1410 2334 ,
1438 2297 1497 2329 nili
1511 2295 1668 2332 modestia
1680 2322 1690 2337 ‚
1703 2297 1735 2331 &
1749 2296 1974 2343 multiplicitas
1983 2299 2265 2341 occupationum,
2280 2332 2282 2334 ,

1324 2343 1442 2388 quibus
1455 2345 1488 2379 id
1503 2345 1671 2379 tantillum
1684 2346 1847 2390 surripui,
1872 2348 2108 2391 compellerent
2124 2372 2136 2389 ,
2160 2347 2273 2392 unii-r

1323 2405 1395 2429 cam
1412 2404 1452 2428 ex
1467 2396 1580 2429 animo
1601 2418 1614 2434 ‚
1641 2394 1725 2429 Vale
1739 2420 1747 2427 .
2244 2395 2245 2398 ’

1448 2492 1859 2529 EPISTOLA
1961 2493 2159 2530 CLXX.-

1379 2598 1522 2640 Joannes
1548 2592 1768 2635 Saresberienfis
1794 2591 1934 2636 Magistro
1959 2594 2092 2627 Girardo
2105 2594 2238 2629 Pucelle.

1426 2745 1532 2787 recepi
1545 2742 1714 2786 epistolam
1725 2768 1736 2784 ,
1759 2753 1855 2787 quam
1867 2739 1934 2786 quo
1945 2741 2134 2787 diligentius¹
2145 2745 2266 2789 relego,

1330 2796 1371 2831 εὸ
1384 2794 1544 2829 societatis
1555 2793 1662 2827 vestrae
1672 2793 1825 2827 solatium
1837 2793 1855 2826 a
1868 2791 1963 2826 nobis
1976 2791 2170 2835 subtractum
2190 2797 2265 2836 effe,

1331 2845 1474 2881 acerbius
1486 2844 1686 2889 ingemisco.
1711 2842 1872 2876 Caeterum
1897 2842 1973 2877 cum
1998 2851 2068 2877 tota
2089 2843 2226 2885 epistola
2251 2869 2266 2886 ,

1332 2907 1403 2931 tum
1428 2893 1614 2932 venusta-te,
1638 2901 1709 2926 turn
1720 2892 1887 2926 affeffione
1909 2892 1941 2925 δε
1963 2893 2138 2927 reverentia
2161 2894 2267 2929 nomi·

1333 2947 1384 2980 nis
1402 2944 1498 2979 vestri
1522 2942 1697 2988 plurimum
1723 2952 1881 2976 mereatur
1902 2966 1913 2982 ‚
1952 2941 2033 2976 illud
2063 2954 2126 2986 pra:
2145 2943 2265 2979 caeteris

1334 2997 1458 3040 placet,
1486 2991 1574 3038 quod
1595 2993 1629 3027 in
1652 2991 1739 3025 calce
1759 2991 1938 3026 litterarum
1963 2992 2159 3035 prudenter,
2192 2994 2264 3034 &·,

1332 3057 1369 3080 ut
1380 3047 1491 3087 spero,
1519 3041 1856 3078 veraciterintulistis:
1883 3051 1942 3076 vos
1961 3041 2100 3084 dixiffe,
2127 3042 2266 3087 scripsis-

1334 3097 1365 3130 se
1377 3120 1387 3136 ,
1398 3094 1504 3128 feciffe
1518 3092 1688 3137 ,perpenso
1699 3101 1813 3127 tenore
1827 3092 2007 3126 litterarum
2018 3102 2163 3127 mearum
2174 3091 2268 3136 quid·
2333 3090 2336 3097 ¹

1335 3145 1413 3190 quid
1423 3144 1512 3185 dici,
1538 3141 1654 3182 scribi,
1680 3142 1714 3176 ὃ(
1735 3142 1802 3175 fieri
1823 3141 2014 3185 oportebat.
2042 3142 2132 3175 Mihi
2153 3153 2266 3177 autem

1335 3193 1502 3238 nunquam
1526 3189 1704 3237 persuaderi
1726 3192 1853 3236 potuit,
1881 3192 1969 3236 quod
1990 3193 2023 3225 in
2037 3202 2131 3226 tanto
2152 3192 2266 3228 salutis

1335 3244 1518 3280 discrimine
1529 3240 1651 3285 aliquid
1660 3253 1701 3275 ex
1712 3241 1983 3286 contingentibus
2002 3242 2218 3283 omitteretis,
2229 3242 2267 3277 ec

1336 3292 1497 3330 sordidam
1508 3292 1695 3327 divitiarum
1705 3293 1963 3327 evanescentium
1976 3292 2267 3327 commutationem

1337 3357 1394 3389 pro
1418 3344 1526 3378 anima
1550 3341 1759 3386 recipiendo,
1783 3354 1851 3377 non
1889 3341 1990 3376 modo
2003 3340 2273 3386 Philosophantis

1335 3406 1455 3431 nomen
1477 3392 1603 3428 velletis
1619 3393 1769 3428 amittere
1777 3418 1789 3436 ,
1815 3391 1867 3427 sed
1891 3416 1903 3433 ,
1930 3391 2021 3437 quod
2044 3390 2143 3439 longe
2166 3390 2270 3433 perni-

1308 2678 1321 3435 x
1403 2692 1576 2730 LENAM
1602 2692 1778 2728 devotione
1788 2693 1821 2727 δε
1831 2691 2016 2727 eruditione
2026 2702 2128 2737 nuper
2138 2692 2156 2727 a
2168 2672 2264 2732 vobis

1312 3443 1323 3472 l
2152 3439 2220 3476 cio-
