2358 3776
317 117 356 164 s.
431 113 815 162 THOMAE
883 103 1818 173 CANT'UARIENSIS.

1914 130 2002 179 173

139 202 232 237 suum
253 192 390 246 libenter
406 186 608 243 insurgerent
629 223 636 230 .
676 194 719 230 Et
741 190 830 238 quod
850 188 1009 236 possunt,
1046 193 1080 228 ἀ
1134 187 1314 238 litigium',
1337 189 1394 226 sed
1424 188 1469 226 de
1486 181 1643 228 omnibus
1674 195 1794 240 septem
1817 210 1879 235 nee
1901 208 1987 235 unus
2019 199 2074 235 ad.

133 252 277 291 audent,
303 250 487 293 loquuntur
508 246 667 293 grandia,
695 245 793 280 minis
804 250 953 282 tument,
980 242 1081 286 &qui

131 301 229 336 etiam
254 299 289 333 in
314 299 434 342 Regno
446 298 514 342 ejus
529 299 623 337 sunt,
650 293 752 330 imm&
774 294 808 327 in
825 292 896 327 sede
907 290 1080 336 quiescunt

132 351 271 386 Parisius
293 350 526 390 immorantes,
562 347 628 382 hoc
651 346 684 380 in
705 353 746 378 eo
766 342 1009 386 depretiantur,
1045 354 1081 378 ut

128 400 252 439 nostis,
280 399 370 443 quod
395 398 536 434 civiliter
560 396 739 431 vivitiuter
763 389 859 433 suos,
886 390 978 437 quod
1005 391 1082 426 Bar-

129 450 283 484 barorum
308 459 398 484 more
418 448 618 492 Tyra-anum
644 451 713 479 non
739 442 847 477 induit
869 465 880 481 ,
906 440 995 484 ‘quod
1013 453 1080 477 non

128 500 252 534 incedit
276 501 399 543 semper
430 493 630 533 Satellitlbus
650 493 781 529 armatis
799 493 924 536 sethS,
952 502 988 526 ut
1024 493 1082 536 qui

129 552 225 585 timet
250 550 347 593 capiti
369 551 446 583 suo,
470 545 548 582 Hos
566 545 673 592 gentis
694 549 800 578 mores
822 542 940 582 novit,
967 541 1008 577 de
1029 540 1081 589 his

125 600 202 644 saepe
226 597 422 644 conquestus
443 592 490 632 est
509 620 520 637 ,
547 606 583 630 ut
598 596 740 639 opinor,
766 594 866 627 etiam
893 591 1006 627 vobis.
1034 592 1080 628 Et

127 659 236 684 tamen
262 647 450 693 supplicavit
475 645 644 681 Dominus
669 642 907 679 cantuariensis
930 653 982 678 me
1006 650 1091 687 prata

127 702 218 734 sente
241 701 275 734 δι
298 698 430 733 tandem
449 697 619 737 obtinuit,
647 703 685 729 ut
718 700 878 737 quantum
901 692 942 727 ad
972 692 1077 736 ipsum

134 751 294 794 pertinet,
315 749 403 783 licita
428 748 465 781 fit
488 745 652 781 revocatio
674 745 772 777 vestra
800 767 807 774 .
842 743 947 791 Qud
967 754 1077 777 autem

129 799 310 843 adjungitis
334 799 442 842 ipsum
463 793 579 830 misisse
604 792 756 833 Domino
777 787 874 837 Papae
888 793 1077 837 rescriptum

128 850 310 889 litterarum
334 849 531 886 vestrarum,
559 852 628 879 non
649 843 783 887 quidem
817 844 970 884 inficior,
998 843 1077 886 quia

130 899 161 934 ei
186 897 272 931 bona
294 896 381 936 fide,
407 897 440 930 δε
473 895 586 929 nostro
613 894 713 928 etiam
745 895 858 928 favore
891 893 1078 928 communi·

130 957 208 982 catae
227 948 303 981 sunt
326 971 346 987 .,
374 945 438 981 Sed
463 945 519 979 ille
538 970 550 988 ,
589 945 679 990 quod
701 944 795 978 novit
816 943 975 987 inspestor
1009 954 1077 978 cor·

130 998 247 1038 dium,
276 996 341 1031 boc
365 996 407 1031 ad
431 996 569 1029 vestrum
594 993 845 1028 incommodum
870 1004 937 1027 non
960 1004 1076 1037 procu-

131 1049 215 1082 ravit
231 1061 243 1081 .·
270 1046 418 1081 studebat
443 1045 551 1088 potius
573 1054 608 1078 ut
628 1046 741 1090 cauffae
765 1045 824 1078 suae
857 1043 1074 1087 proficerent,

131 1098 165 1131 δε
185 1098 378 1140 opinionem
402 1096 540 1129 ‘vestram
574 1092 662 1138 apud
705 1093 896 1128 Dominum
955 1092 1077 1136 Papam

130 1148 326 1182 relevarent.
353 1144 500 1180 Volebat
522 1150 631 1179 autem
651 1144 682 1177 ei
696 1143 915 1182 innotescere,
941 1142 1030 1187 quod
1043 1142 1078 1174 fi-

132 1197 190 1231 des
209 1197 241 1230 &
262 1196 398 1230 devotio
419 1195 522 1229 vestra
553 1205 629 1234 cum
653 1194 796 1228 Ecclesia
831 1193 899 1227 Dei
927 1192 961 1225 ἀ
995 1190 1078 1225 Sede

133 1246 327 1289 Apostolice
344 1245 390 1279 est
411 1267 423 1284 ,
460 1244 539 1277 licet
559 1254 618 1277 vos
638 1253 680 1276 ex
706 1242 947 1286 dispensatione
959 1263 972 1281 ,
1009 1238 1077 1283 quo

132 1294 262 1330 facilius
285 1305 340 1337 per
361 1293 498 1327 vestram
520 1292 713 1325 industriam
736 1299 969 1325 convertantur
992 1299 1077 1322 aver-

132 1345 156 1378 fi
176 1344 217 1379 ad
239 1341 399 1380 honorem
422 1342 486 1376 Dei
508 1341 542 1374 ἀ
562 1341 739 1375 utilitatem
762 1338 946 1376 Catholicae
965 1338 1077 1372 verita-

130 1395 206 1434 tis,
240 1392 280 1427 ad
314 1402 442 1436 tempus
462 1391 528 1424 illis
558 1389 762 1425 cohabitetis
786 1414 794 1422 .
836 1389 880 1424 Et
916 1390 937 1422 si
972 1388 1076 1432 aliqui

130 1441 341 1480 nunciorum
358 1441 468 1476 minus
488 1439 591 1475 seduli
612 1441 744 1475 fuerunt
769 1439 805 1474 in
826 1438 1009 1474 obtinenda
1031 1449 1073 1472 re-

131 1494 308 1528 vocatione
340 1493 439 1526 vestra
459 1516 469 1534 ,
505 1491 708 1536 negligentia
740 1500 855 1529 eorum
890 1488 1075 1523 mandatori

133 1553 204 1580 non
231 1542 326 1579 debet
348 1541 501 1585 imputari
520 1565 528 1572 .
569 1539 710 1576 Constat
731 1539 853 1574 etenim
874 1539 915 1573 de
938 1538 1077 1572 manda·-

131 1603 190 1635 ιο,
216 1591 312 1628 &de
344 1591 558 1627 Nunciorum
579 1589 763 1634 sperabatur
789 1588 946 1623 industria
969 1613 976 1620 .
1005 1587 1077 1620 Nec

132 1643 277 1684 dubito,
304 1641 385 1686 quin
409 1642 501 1683 super
521 1639 587 1673 hoe
623 1639 793 1673 Dominus
813 1638 902 1682 Papa
933 1646 1077 1672 conten·-

133 1703 186 1728 tus
210 1693 269 1732 fit,
310 1691 385 1724 cum
418 1698 541 1723 certum
558 1689 595 1722 fit
619 1690 786 1724 neminem
822 1687 988 1732 unquam,
1016 1698 1076 1721 nec

132 1743 314 1777 maximum
336 1737 554 1774 patriarcham
572 1762 585 1779 ,
624 1739 646 1771 ss
667 1739 732 1773 tale
754 1738 837 1782 quid
865 1736 1034 1772 accidisset
1063 1759 1075 1776 ‚

131 1799 378 1827 steilocaturum⁴
405 1789 467 1821 Sed
490 1787 599 1820 redeat
624 1788 681 1827 qui
707 1786 849 1819 voluerit
867 1807 883 1825 ,
908 1785 943 1819 dc
966 1783 1075 1818 redeat

131 1851 170 1875 ut
192 1839 305 1875 debet.
346 1838 389 1871 Et
411 1837 431 1870 fi
465 1833 643 1878 discipulus
666 1834 767 1868 vester
788 1857 800 1875 ,
835 1833 991 1878 magister
1017 1831 1073 1866 Ri-

131 1889 291 1930 chardus,
316 1896 476 1932 cognatus
490 1895 599 1923 meus,
624 1884 787 1925 rediisset,
813 1883 915 1928 quiin
939 1883 1074 1918 redeun-

132 1940 179 1975 do
199 1940 309 1979 obiit,
334 1938 426 1982 super
443 1933 514 1970 ‘hoc
531 1934 628 1970 verbo
649 1935 785 1969 eflemus
808 1934 960 1968 certiores
984 1957 992 1965 .
1019 1932 1073 1966 De

131 2001 175 2024 eo
196 1999 305 2024 autem
332 2011 344 2028 ,
378 1986 468 2031 quod
487 1985 531 2020 de
553 1986 636 2019 statu
666 1982 798 2028 Imperii
820 1984 900 2020 mira
935 1982 1022 2026 quasi
1055 1983 1072 2015 a

131 2039 226 2075 vobis
247 2047 375 2082 accepta
399 2036 551 2070 Domino
572 2035 664 2079 Papae
685 2034 916 2074 infinuaverit3
942 2031 1071 2074 respon-

131 2089 196 2125 deo
211 2114 222 2130 ,
248 2088 339 2134 quod
360 2088 484 2129 accepit
503 2085 697 2125 infinuaffe,
734 2083 787 2118 sed
811 2094 879 2119 non
902 2083 920 2116 a
946 2081 1038 2115 vobis
1064 2092 1072 2113 :

132 2151 194 2175 nec
220 2140 308 2184 quod
329 2138 347 2171 a
372 2136 464 2171 vobis
486 2136 644 2179 acceperit
664 2159 675 2175 ‚
701 2134 730 2167 ei
748 2133 887 2178 scripsit.
916 2131 1004 2165 Nam
1018 2140 1074 2175 per

130 2190 214 2224 alios
234 2190 338 2233 magis
355 2186 531 2221 innorelcit
554 2183 815 2229 lmperiistatus.
844 2183 917 2217 Nec
938 2181 1072 2222 mirum,

132 2241 154 2273 fi
179 2249 269 2274 tanta
289 2237 394 2271 moles
416 2235 573 2270 occultari
593 2247 662 2270 non
688 2235 790 2277 potest
819 2259 826 2266 .
856 2231 981 2267 Verum
1001 2230 1069 2275 post

133 2289 263 2323 illarum
286 2287 555 2330 interceptionem
579 2285 781 2325 litterarum,
807 2283 841 2318 ἀ
861 2281 1004 2327 magistri
1016 2281 1071 2315 Ri-

133 2336 245 2374 eliardi
265 2336 418 2376 obitum,
447 2346 519 2369 cum
547 2338 640 2378 super
661 2334 725 2369 hoc
758 2332 857 2368 verbo
890 2330 1072 2365 cardinali-

134 2389 195 2423 bus
218 2388 402 2431 loqueretur
429 2408 439 2423 7.
476 2385 688 2418 dissuaserunt
717 2394 758 2417 ne
782 2392 841 2418 vos
871 2380 1093 2431 citra-confi]

132 2439 214 2472 lium
232 2437 265 2470 ἀ
301 2437 502 2470 νοΙυιῑιαιῑιω
540 2434 680 2468 Domini
702 2431 797 2477 Papae
817 2442 968 2467 revocare
998 2442 1074 2476 prae-

132 2489 294 2521 sumeret.
320 2485 412 2532 Qin
439 2496 546 2527 pimus
570 2484 752 2518 attenderet
786 2481 875 2527 quod
906 2483 1074 2517 Dominus

133 2535 302 2571 Remenfis
326 2559 336 2575 ,
364 2536 394 2568 ὅ(
421 2546 531 2567 mitres
555 2534 746 2579 suffraganei
767 2535 814 2567 sui
834 2528 875 2568 ad
898 2531 962 2566 hoc
996 2543 1072 2566 con-

133 2586 264 2626 vocati,
293 2596 358 2618 non
385 2586 447 2617 auli
474 2587 545 2616 sunt
571 2585 767 2627 Episcopum
790 2583 1070 2620 cameracensem,

134 2638 234 2673 etiam
259 2646 336 2670 cum
357 2633 535 2676 lachrymis
558 2635 767 2676 poenitentem
793 2657 804 2674 ,
832 2635 864 2667 in
888 2633 1072 2666 communi·

135 2687 265 2722 catione
286 2685 425 2727 recipere
450 2708 459 2722 ,
486 2694 660 2726 antequam
687 2684 778 2726 super
810 2681 876 2716 hoc
905 2683 1073 2716 Dominus

135 2736 224 2781 Papa
257 2735 475 2770 consulcietur
498 2758 503 2764 .
553 2734 659 2767 Vestra
681 2743 816 2773 tamen,
842 2732 922 2766 ficut
954 2731 1000 2765 eis
1030 2743 1072 2765 re-

135 2787 289 2831 sponsum
311 2785 354 2818 est
369 2809 379 2825 ,
404 2785 508 2818 caull'a
523 2783 621 2828 longe
641 2782 800 2816 dissimilis
821 2782 881 2815 est.
912 2781 972 2815 Ille
984 2781 1071 2815 enim

136 2837 173 2871 in
195 2836 472 2870 schismaticorum
497 2835 670 2867 intraverat
692 2841 853 2872 errorem,
884 2843 942 2865 nec
967 2832 1070 2866 vosin

138 2886 247 2921 medio
266 2885 432 2920 schismate
458 2883 658 2917 consenlistis
678 2884 797 2917 errori.
835 2881 893 2916 Ille
918 2892 984 2915 erat
998 2881 1072 2925 Epi.-

139 2937 252 2978 scopus
280 2957 290 2974 ,
315 2936 347 2969 δε
381 2933 576 2969 Catholicos
599 2933 683 2967 visus
706 2933 749 2966 est
769 2931 974 2971 subvertisse,
1013 2942 1072 2966 vos

141 2986 176 3018 in
200 2984 280 3018 statu
304 2984 417 3027 privati
443 2985 482 3018 ad
505 2985 664 3017 unitatem
688 2983 907 3017 schismaticos
928 2982 1070 3016 conami-

138 3035 175 3069 ni
195 3044 366 3067 revocare.
406 3034 496 3067 Milic
517 3045 594 3078 ergo
628 3035 795 3068 Dominus
829 3031 1071 3067 Cantuarienfis

139 3083 259 3119 iterato
282 3083 321 3117 ad
347 3083 516 3118 Ecclesiam
540 3084 746 3124 Romanam,
774 3082 947 3127 injungens
980 3083 1071 3117 Nun-

138 3136 199 3169 ciis
224 3157 236 3173 ,
274 3143 326 3166 me
345 3132 492 3175 praesente
516 3158 527 3175 ,
561 3145 597 3168 ut
622 3135 864 3168 revocationem
896 3133 1030 3167 vestram
1054 3134 1070 3166 a

140 3185 293 3219 Domino
314 3182 401 3225 Papa
425 3182 599 3227 satagerent
628 3185 815 3228 impetrare.
845 3182 918 3228 Ego
942 3184 1008 3226 ipse
1031 3195 1068 3216 ex

140 3234 337 3267 conscientia
362 3232 503 3276 magistri
526 3233 694 3278 Radulphi
716 3234 814 3278 Nigri
840 3234 1007 3276 composui
1023 3234 1069 3266 lit-

140 3293 240 3317 teras.
270 3283 343 3326 Ego
364 3281 475 3326 rogavi
493 3282 594 3324 ipsum
616 3307 626 3323 ,
661 3294 698 3318 ut
719 3287 763 3318 rei
788 3284 881 3327 hujus
899 3286 1008 3317 seriem
1030 3294 1069 3317 ex

139 3332 254 3367 ordine
276 3331 423 3365 scriberet
448 3331 540 3365 vobis
576 3356 583 3362 .
631 3333 779 3369 Nuntios
816 3335 925 3377 itaque
945 3333 1070 3367 nostros

138 3382 267 3418 constat
284 3381 324 3414 ad
348 3380 482 3415 Curiam
504 3383 700 3424 perveniffe,
724 3385 755 3419 &
768 3384 814 3418 ibi
834 3395 947 3419 contra
971 3384 1069 3427 Lega-

139 3442 190 3469 tos
210 3430 350 3466 Domini
377 3430 479 3475 Regis
501 3431 631 3475 Angliae
651 3432 708 3468 diu
740 3442 898 3480 magnum
925 3432 1070 3470 habuiffe

237 3479 343 3523 Cbrtst.
358 3484 433 3526 Lupi
441 3484 538 3524 Opera
550 3484 671 3516 Tom.X.

1137 241 1202 277 huc
1226 240 1366 277 redierat
1397 241 1579 276 Dominica
1599 244 1748 286 proxima
1780 246 1850 291 post
1884 247 2076 286 Adscenfio.

1138 303 1234 327 nem.
1261 291 1380 336 Litigii
1393 302 1507 327 eorum
1532 303 1600 326 non
1624 292 1727 326 scribo
1750 299 1874 333 exitum
1888 324 1900 339 ‚
1922 301 1998 344 quia
2019 300 2074 335 ad-

1138 341 1203 376 huc
1224 342 1361 387 ignotus
1384 343 1428 377 est
1442 367 1454 383 ,
1481 343 1538 376 nifi
1550 340 1638 385 quod
1661 343 1679 376 a
1700 343 1908 383 redeuntibus
1928 351 1969 386 ab
1984 344 2074 395 Apo.

1138 391 1251 427 ssolica
1273 392 1354 427 Sede
1372 392 1475 427 audio
1495 403 1552 427 eos
1574 393 1610 426 in
1633 393 1739 427 caussa
1772 397 1972 438 prosperatos
2004 412 2074 444 με.

1116 462 1118 466 >
1137 441 1268 477 valuisse
1291 443 1434 477 Nunciis
1455 435 1571 487 Regis.
1601 443 1663 478 Sed
1687 451 1848 486 quatenus
1868 468 1880 485 ,
1915 445 2075 486 incertum

1134 491 1205 527 est.
1231 491 1353 527 Nescio
1371 492 1463 528 enim
1481 493 1506 526 fi
1535 503 1606 527 non
1636 503 1808 537 compotes
1838 493 1977 529 redeunt
1998 501 2078 539 peti-

1135 541 1284 578 tionibus
1305 542 1516 588 adimpletis,
1540 553 1583 577 an
1607 541 1672 578 haec
1691 544 1945 589 prosperationis
1959 556 2076 580 eorum

1135 594 1261 628 summa
1282 593 1342 634 lit,
1367 593 1458 637 quod
1489 591 1615 627 Nuncii
1647 590 1750 639 Regis
1785 594 1906 630 infesto
1938 596 2076 640 negotio

1136 643 1271 687 inglorii
1293 653 1516 678 revertuntur.
1543 643 1717 678 Nuncium
1739 645 1880 679 vestrum
1892 643 1958 679 vidi
1970 657 2075 690 nuper

1135 692 1169 726 in
1193 693 1364 737 colloquio
1383 692 1538 738 Regum,
1565 691 1681 729 habito
1703 695 1803 738 prope
1826 693 2036 730 Medomtarn
2059 719 2074 737 ‚

1136 742 1191 776 ubi
1212 742 1255 777 de
1279 754 1358 787 pace
1380 743 1589 779 trastabatur.
1621 744 1735 778 Plures
1755 744 1843 788 apud
1867 744 2000 791 Anglos
2022 743 2078 780 ha·

1137 791 1260 827 bebatis
1283 794 1448 833 fautores,
1474 793 1528 829 sed
1550 793 1628 841 quid
1651 794 1704 829 illi
1726 806 1784 838 pro
1811 793 1905 829 vobis
1925 795 2079 830 obtinue-

1136 843 1222 884 rint,
1248 843 1417 888 explorare
1441 855 1509 879 non
1534 845 1646 889 potui.
1674 843 1792 880 Alium
1814 844 1856 879 de
1875 845 1985 880 vestris
2009 844 2079 879 vidi

1138 890 1296 934 Parifius,
1324 894 1358 928 δι
1381 894 1521 938 qualiter
1542 894 1696 943 Domino
1708 894 1933 930 Cantuarienfi
1953 895 2079 939 scripse-

1137 942 1199 977 rim
1225 953 1285 987 pro
1308 943 1518 979 revocatione
1541 945 1643 981 vestra
1667 970 1680 987 ,
1715 946 1811 981 novit
1833 945 1957 980 amicus
1978 944 2080 992 vestet

1138 992 1305 1028 Dominus
1331 995 1396 1030 G..
1416 1019 1441 1027 ..
1458 1020 1466 1027 .
1479 1018 1505 1027 ..
1539 996 1683 1030 inclusus
1702 995 1788 1039 apud
1811 995 1965 1031 Sanstum
1986 995 2082 1043 Hila-

1139 1044 1223 1077 rium
1237 1068 1249 1084 ,
1275 1044 1333 1088 qui
1359 1044 1482 1080 litteras
1500 1045 1666 1090 inspexit,
1690 1045 1837 1091 mihique
1859 1047 1944 1082 foret
1965 1045 2082 1092 gratis-

1137 1093 1275 1135 fimum,
1300 1094 1321 1127 si
1349 1095 1390 1129 ad
1413 1095 1550 1130 vestram
1576 1097 1729 1131 notitiam
1751 1097 1963 1141 pervenisset.
1990 1096 2080 1131 Cum

1140 1143 1215 1178 vero
1237 1144 1365 1179 Nuncii
1389 1170 1400 1186 ,
1436 1145 1590 1181 Domino
1623 1146 1822 1190 propitiante
1844 1172 1854 1187 ,
1890 1145 2042 1181 redierint
2068 1169 2081 1186 ,

1136 1193 1229 1236 quod
1252 1193 1286 1228 in
1313 1195 1401 1228 brevi
1429 1196 1575 1229 futurum
1610 1197 1772 1236 creditur,
1804 1196 1838 1230 ὃς
1865 1197 1905 1230 de
1933 1197 2044 1230 nostro
2071 1219 2083 1236 ,

1137 1242 1170 1274 δε
1195 1243 1236 1276 de
1259 1243 1364 1278 vestro
1385 1246 1524 1288 negotio
1545 1247 1664 1292 erimus
1686 1247 1839 1280 certiores
1859 1271 1865 1278 .
1897 1247 2009 1293 Qare
2022 1269 2033 1285 ‚
2059 1244 2082 1278 fi

1138 1290 1265 1334 placet,
1291 1293 1554 1327 moderationem
1589 1294 1726 1328 vestram
1748 1305 1818 1328 non
1839 1294 1932 1328 decet
1963 1295 2082 1328 irrevo-

1137 1339 1287 1374 cabiliter
1305 1341 1472 1386 indignari
1498 1367 1510 1383 ,
1548 1353 1609 1376 nec
1636 1353 1704 1378 tarn
1725 1354 1900 1387 properum
1932 1343 2084 1378 discessui

1137 1389 1261 1425 debetis
1283 1392 1446 1436 praefigere
1463 1391 1571 1427 diem:
1599 1393 1676 1437 quia
1700 1404 1760 1428 nec
1782 1393 1931 1439 [nostrum
1957 1405 2018 1427 nec
2032 1405 2083 1427 ve-

1138 1441 1239 1474 strum
1260 1442 1305 1475 est
1330 1442 1463 1476 Divinae
1486 1443 1692 1477 miserationi
1712 1442 1903 1489 praestituere
1930 1455 2058 1487 tempus
2072 1468 2083 1484 ,

1139 1500 1194 1524 aut
1220 1491 1416 1536 sustinentiae
1439 1494 1636 1525 terminum.
1663 1493 1724 1526 Sed
1747 1491 1840 1535 quod
1863 1493 2081 1538 Sacerdotes&

1139 1537 1253 1583 Judith
1276 1540 1386 1574 Vidua
1411 1540 1521 1586 legitis
1542 1538 1692 1576 didicisse
1712 1566 1722 1581 ,
1747 1538 1869 1585 justum
1881 1541 1927 1576 est
1942 1554 2002 1577 nos
2013 1554 2082 1577 orn·

1141 1600 1215 1630 nes,
1242 1588 1365 1624 Christi
1387 1598 1542 1634 pauperes
1565 1591 1600 1625 δε
1626 1592 1839 1636 proscriptos,
1879 1593 2004 1627 animas
2026 1604 2085 1627 no·

1139 1640 1216 1673 stras
1237 1639 1272 1673 in
1297 1640 1417 1675 virtute
1439 1642 1602 1683 patientiae
1624 1641 1780 1684 possidere
1802 1664 1813 1680 ,
1847 1643 1879 1676 &
1903 1644 2083 1686 exspectare

1140 1690 1174 1722 in
1195 1689 1399 1731 devotione,
1426 1690 1460 1723 ὃ(
1482 1690 1610 1723 silentio
1638 1689 1773 1723 salutare
1796 1692 1864 1724 Dei
1887 1713 1894 1722 .
1931 1692 1986 1726 Sic
2008 1705 2084 1727 exo·

1140 1737 1306 1780 ptantibus
1325 1748 1366 1770 ex
1388 1737 1566 1784 inopinato
1587 1736 1692 1771 aderit
1710 1738 1815 1783 gratia
1837 1741 2043 1775 consolatrix
2072 1766 2083 1782 ,

1137 1785 1171 1818 δε
1191 1796 1363 1829 amputato
1381 1785 1490 1829 capite
1500 1785 1720 1826 Holofernis,
1746 1787 1935 1832 FiliiJsrael
1960 1789 2017 1825 diu
2029 1791 2084 1825 de-

1137 1834 1267 1869 siderata
1289 1846 1368 1879 pace
1391 1835 1584 1881 gaudebunt
1604 1861 1613 1869 .
1652 1836 1727 1870 Nec
1748 1836 1927 1880 dehortor,
1953 1840 2035 1885 quin
2062 1842 2084 1875 si

1138 1885 1182 1919 ita
1207 1886 1324 1920 sederit
1343 1886 1481 1927 animo,
1507 1897 1583 1922 cum
1607 1886 1758 1921 Domino
1771 1887 1865 1933 Rege
1890 1887 2083 1935 Anglorum

1137 1945 1272 1978 pacem,
1298 1947 1397 1980 quam
1418 1932 1483 1970 sere
1503 1947 1561 1979 pro
1581 1937 1749 1971 voluntate
1773 1937 1870 1972 vobis
1898 1935 2009 1974 offerri
2034 1940 2083 1978 di-

1135 1984 1232 2026 citis,
1260 1985 1406 2020 faciatis.
1432 1986 1494 2020 Sed
1517 1988 1645 2021 utinam
1665 1986 1720 2022 illa
1752 1987 1896 2023 formula
1917 1990 2084 2024 conserve-

1137 2044 1210 2074 tur,
1238 2045 1332 2078 quae,
1359 2036 1570 2079 proveniente
1591 2047 1698 2071 rerum
1720 2037 1884 2079 utilitate,
1925 2050 1985 2073 nec
2011 2041 2084 2084 opi-

1138 2082 1232 2117 nioni
1256 2084 1362 2120 vestrae
1395 2083 1580 2129 prejudicet
1600 2110 1612 2127 ‚
1641 2097 1701 2122 nec
1724 2087 1836 2122 saluti.
1883 2087 1927 2122 Et
1948 2089 2081 2131 quidem

1137 2133 1294 2178 plerisque
1316 2134 1463 2169 nostrum
1487 2135 1599 2171 oblata
1621 2136 1667 2171 est
1699 2138 1852 2174 conditio
1875 2137 1986 2182 pacis,
2026 2137 2082 2175 sed

1136 2184 1282 2228 exigitur
1304 2184 1345 2219 ab
1356 2185 1510 2220 omnibus
1528 2186 1747 2230 juramentum
1765 2211 1776 2228 ,
1811 2187 1901 2233 quod
1926 2189 1994 2223 fine
2015 2190 2081 2224 Re·

1138 2233 1273 2279 ligionis
1293 2233 1465 2278 dispendio
1490 2247 1556 2269 non
1581 2236 1688 2278 valet,
1715 2246 1752 2273 ut
1775 2239 1940 2281 arbitror,
1966 2239 2082 2275 obser·-

1138 2283 1222 2318 vari.
1251 2283 1340 2317 Nam
1363 2285 1537 2328 quomodo
1553 2285 1633 2320 fides
1652 2287 1747 2322 illaesa
1765 2289 1963 2331 servabitur,
1989 2290 2011 2323 fi
2027 2302 2067 2334 pa

1137 2333 1275 2367 storibus
1295 2334 1328 2368 ὅ(
1340 2333 1484 2369 Praelatis
1497 2334 1702 2378 subjectosin
1717 2336 1770 2372 his
1783 2364 1794 2380 ,
1820 2351 1892 2382 quae
1913 2340 1979 2374 Dei
1994 2341 2082 2381 sunt,

1138 2394 1206 2418 non
1227 2384 1322 2419 liceat
1332 2383 1487 2419 obedire?
1516 2385 1610 2420 Licet
1630 2396 1740 2422 autem
1766 2388 1999 2424 inobedientiae
2021 2391 2079 2424 cri-

1138 2443 1213 2467 men
1240 2445 1310 2469 non
1332 2434 1534 2479 exprimatur
1558 2436 1591 2470 in
1605 2438 1782 2477 cautione,
1808 2449 1933 2473 certum
1950 2450 2016 2472 non
2032 2439 2078 2473 est

1138 2481 1216 2527 quid
1237 2494 1379 2520 vertatur
1402 2485 1435 2519 in
1459 2486 1573 2520 animo
1607 2485 1791 2531 exigentis.
1831 2487 1953 2522 Unum
1973 2488 2041 2522 scio
2065 2513 2078 2530 ,

1137 2532 1227 2578 quod
1248 2546 1348 2570 nemo
1371 2535 1512 2570 Domini
1528 2535 1628 2580 Regis
1654 2537 1793 2580 gratiam
1816 2538 1936 2580 poterit
1960 2537 2079 2575 retine-

1137 2595 1193 2625 re,
1219 2586 1276 2629 qui
1299 2583 1401 2620 Archi
1414 2585 1599 2628 -Episcopo
1614 2585 1837 2620 Cantuarienfi
1853 2586 1910 2621 sub
1922 2585 1982 2622 hac
1997 2598 2078 2623 tem-

1138 2634 1257 2678 pestate
1282 2636 1383 2669 servet
1406 2632 1631 2669 obedientiam
1652 2659 1664 2676 ,
1696 2644 1752 2671 aut
1774 2635 1849 2670 cum
1869 2649 1909 2673 eo
1929 2637 2077 2672 credatur

1136 2683 1254 2719 habere
1272 2683 1438 2718 charitatis
1448 2685 1701 2720 commercium.
1730 2684 1803 2720 Vos
1814 2685 1856 2720 de
1876 2687 1995 2722 ovibus
2007 2688 2076 2732 ejus

1134 2734 1208 2769 estis
1225 2759 1234 2774 ‚
1260 2735 1316 2774 ὃς,
1342 2745 1377 2767 ut
1390 2736 1510 2778 opinor
1523 2759 1534 2776 ‚
1561 2735 1664 2778 ipsum
1676 2735 1818 2780 primum
1831 2748 1888 2771 aut
1900 2737 1984 2772 inter
2006 2739 2076 2782 pri-

1135 2783 1391 2818 mosaDomino
1404 2783 1570 2829 recepistis
1592 2783 1761 2820 Pastorem
1779 2812 1785 2819 .
1810 2786 1933 2822 Videte
1954 2789 2035 2832 ergo
2063 2812 2074 2828 ‚

1135 2833 1333 2869 dilestiffime
1356 2834 1486 2874 Frater,
1513 2834 1746 2879 &providete,
1775 2847 1811 2872 ut
1821 2836 1915 2872 caute
1931 2837 2077 2872 ambule-

1134 2885 1197 2926 tis,
1225 2895 1264 2918 ne
1288 2883 1507 2927 perturbatio,
1536 2884 1623 2929 quod
1647 2887 1666 2920 a
1686 2887 1846 2931 gravitate
1875 2886 2072 2931 Philosophi

1139 2937 1260 2977 semper
1270 2934 1415 2968 alienum
1426 2935 1494 2975 est,
1519 2935 1706 2970 dominetur
1717 2938 1831 2972 animo
1852 2937 1982 2978 vestro,
2008 2949 2071 2976 ne,

1136 2984 1201 3027 ipsa
1215 2984 1417 3027 impellente,
1448 2985 1511 3019 tale
1524 2986 1604 3027 quid
1615 2988 1851 3028 committatis,
1885 2988 1977 3030 cujus
1989 2986 2074 3030 post-

1136 3034 1271 3068 modum
1283 3035 1345 3068 sera
1357 3035 1395 3068 fit
1409 3036 1599 3078 poenirentia
1612 3061 1619 3068 .
1649 3037 1767 3071 Potius
1780 3038 1820 3072 ad
1832 3038 1991 3072 orationis
2004 3062 2014 3078 ‚
2036 3037 2070 3070 δε

1135 3083 1393 3127 elemosynarum
1411 3096 1498 3119 arma
1521 3087 1713 3130 confugite,
1739 3098 1775 3121 ut
1798 3099 1855 3122 vos
1885 3089 1975 3121 Deus
1996 3097 2071 3124 cum

1134 3134 1306 3177 aliisjustis
1330 3135 1469 3169 deducat
1495 3147 1547 3178 per
1563 3139 1631 3170 vias
1643 3131 1760 3178 rectas,
1786 3138 1821 3172 ὅ(
1840 3137 2003 3171 ambulare
2026 3137 2070 3169 fa-

1133 3185 1198 3218 ciat
1221 3185 1254 3218 in
1267 3185 1388 3219 semitis
1402 3186 1465 3219 suis
1478 3210 1487 3225 ,
1514 3187 1569 3228 qui
1593 3186 1807 3231 diligentibus
1822 3188 1852 3221 se
1870 3187 1983 3220 omnia
1996 3196 2072 3222 cont-

1135 3245 1258 3277 peratur
1274 3235 1306 3268 in
1322 3235 1466 3269 bonum.
1493 3235 1552 3269 Ille
1564 3247 1623 3269 vos
1646 3238 1819 3281 expediet,
1845 3236 1935 3278 cujus
1948 3244 2073 3281 nomen

1133 3283 1303 3318 fortiffima
1329 3285 1424 3318 turris
1446 3284 1513 3325 est,
1541 3286 1574 3320 ὅ(
1598 3287 1658 3321 erit
1683 3288 1726 3320 rei
1749 3285 1908 3330 jucundus
1929 3284 2034 3318 exitus
2058 3281 2071 3323 ‚'

1133 3335 1188 3379 qui
1211 3335 1310 3369 talem
1334 3332 1465 3367 habebit
1491 3335 1524 3369 δι
1551 3346 1680 3370 tantum
1711 3337 1858 3370 Ducem.
1895 3333 2070 3370 Trastatur

1131 3385 1172 3418 de
1195 3393 1272 3428 pace
1299 3382 1429 3428 Regum
1446 3408 1457 3424 ‚
1481 3383 1515 3418 dc
1538 3385 1646 3419 adhuc
1668 3383 1809 3419 creditur
1833 3394 2034 3428 proventura
2062 3409 2069 3415 .

1133 3428 1243 3470 Totus
1263 3433 1396 3469 interim
1420 3432 1490 3469 filet
1502 3432 1617 3469 Orbis.
1650 3432 1755 3468 Unde
1769 3444 1829 3468 nec
1846 3444 1930 3469 nova
1946 3432 2050 3467 scribo
2065 3457 2076 3472 ‚

1671 3483 1698 3516 Ρ
1752 3494 1771 3531 3
1969 3483 2028 3516 nisi
