2358 3776
264 114 307 160 S.
378 107 776 155 THOMAE
835 101 1785 159 'CANTU‘ARIENSIS

141 198 198 241 xii,
225 194 395 239 qualisque
414 193 524 234 fama,
552 203 594 226 ne
608 187 898 226 dicamusinfarnia
913 209 924 226 ,
949 186 984 220 δε
998 186 1083 220 scan-

141 241 251 284 dalum
278 243 494 279 circumvolat
508 254 562 286 per
576 251 666 286 aures
678 241 713 275 &
735 251 792 274 ora
803 236 953 271 omniurn
965 237 998 269 in
1013 236 1085 271 Do-

146 296 277 336 minum
299 294 443 337 Papam,
471 292 559 328 unde
581 291 686 336 magis
706 288 877 328 dolemus,
908 286 999 320 Deus
1018 297 1082 321 no·-

141 347 212 386 vit,
239 345 334 387 quam
359 345 401 388 de
418 342 546 388 propria
558 341 690 385 persona
704 363 716 379 ,
741 339 774 373 δι
788 338 820 371 in
833 347 937 374 totam
947 337 1082 371 Curiam

140 395 284 441 graviter
304 392 543 429 vehementium
563 413 574 430 ,
611 391 646 423 ἀ
669 387 898 423 insultantium
922 409 933 426 ,
961 387 995 420 ὃς
1025 386 1083 420 im-

141 446 291 490 properia
314 443 526 488 inexpiabilia
548 438 854 484 improperantium,
879 448 919 471 ex
945 436 1083 476 subscri-

138 496 202 539 ptis
226 496 433 538 aliquatenus
466 490 583 537 poteris
614 488 808 534 perpendere
826 510 837 527 ,
875 487 910 521 δι
931 486 1083 521 Domino

142 545 257 590 Ram,
282 545 316 579 δε
336 545 472 588 amicis,
495 541 519 574 fi
541 539 598 584 qui
616 550 726 574 tamen
750 540 846 578 sunt,
872 536 1022 571 secretius
1037 536 1083 571 in·

139 596 273 630 rimare.
304 594 390 637 Ecce
415 594 558 637 Joaunes
583 590 623 624 de
641 586 858 628 oxeneford,
883 587 918 622 δε
946 587 1003 621 alii
1016 586 1080 621 Re-

140 646 190 690 gis
214 645 340 679 Nuncii
362 643 382 677 ὲ
399 641 504 689 ⁴:Curia
528 640 710 682 redierunt,
735 637 930 674 extollentes
951 639 981 672 se
992 638 1082 680 supra

143 696 176 740 id
201 695 288 739 quod
310 694 452 735 dicitur,
487 702 544 726 aut
564 691 653 733 quod
676 690 797 724 colitur
820 688 910 722 Deus
924 712 935 728 ,
973 687 1083 722 diceu-

141 747 240 785 tesse
262 746 293 779 se
318 744 512 789 impeti-affe>
527 742 561 775 in
585 741 684 781 Curia
705 739 865 783 quidquid
887 738 1082 773 desiderave-

139 803 232 830 runt.
260 790 421 828 Videlicet
444 818 456 834 ,
483 791 572 835 quod
594 790 668 829 Rex
688 799 857 832 exemptus
886 788 924 824 fit
944 788 962 822 a
993 797 1084 831 pote-

139 845 219 883 state
236 844 387 878 omniurn
405 842 645 886 Episcoporum
667 865 679 882 ‚
705 837 914 884 praeterqu‘am
938 837 1081 872 Domini

143 894 263 936 Papae,
288 892 397 936 quoad
429 890 788 926 excommunicationis
812 888 1083 924 innodationem.

144 943 190 978 Et
207 942 297 986 quod
319 941 489 977 habiturus
507 941 543 975 fit
553 942 716 985 Legatum
729 951 825 984 quem
837 939 973 984 petivit,
999 939 1084 972 Wil-

141 990 290 1028 helmum
310 992 433 1028 scilicet
454 991 644 1034 papiensem
663 1015 676 1032 ‚
711 992 768 1035 qui
789 990 945 1025 inimicus
977 989 1084 1022 noster

142 1043 188 1082 est
209 1042 378 1087 plusquam
401 1041 608 1083 manifestus,
632 1053 709 1077 cum
723 1041 928 1085 plenitudine
950 1039 1085 1083 potesta-

144 1092 188 1128 tis
213 1094 249 1127 in
272 1103 408 1127 omnem
429 1102 545 1128 terram
569 1091 697 1137 Regis,
721 1091 924 1130 utaedificet,
951 1089 1085 1132 &plam

143 1152 214 1184 tet,
240 1143 272 1177 &
295 1142 464 1185 praesertim
485 1140 627 1176 eradicet
646 1167 660 1184 ‚
696 1141 729 1175 δε
746 1141 863 1176 evellat
882 1164 893 1180 ‚
918 1139 1013 1172 omni
1033 1149 1086 1173 re·-

144 1192 257 1234 medio
279 1192 508 1236 appellationis
528 1191 675 1231 sublato,
716 1191 750 1225 ὅ(
771 1189 913 1225 maxime
935 1187 976 1221 ad
997 1186 1086 1221 deci-

146 1241 287 1281 dendam
309 1241 521 1284 principalem
533 1265 544 1281 ,
570 1251 641 1284 quae
658 1241 744 1274 inter
757 1241 884 1284 Regem
901 1238 934 1272 δε
947 1247 1008 1270 nos
1019 1247 1084 1271 ver-

145 1291 247 1330 titur,
270 1291 420 1330 causam,
446 1291 479 1324 δε
500 1300 616 1323 omnes
637 1289 820 1323 incidentes
840 1312 852 1329 ,
877 1286 972 1321 omni
994 1296 1083 1320 exce·

141 1338 250 1385 ptioni
274 1350 374 1375 omne
394 1339 435 1373 de
459 1349 598 1379 caetero,
626 1347 662 1372 ut
681 1338 824 1379 dicitur,
863 1335 1084 1380 praejudicium

144 1389 316 1428 allaturas·
343 1389 386 1423 Et
409 1399 484 1423 cum
498 1387 560 1423 hac
577 1398 717 1432 pompa,
743 1400 820 1423 cum
845 1385 910 1421 hoc
931 1386 1013 1420 fastu
1040 1396 1084 1419 re-

139 1438 206 1481 diit'
225 1440 366 1482 Ioannes
386 1438 428 1474 de
446 1438 639 1473 oxeneford
661 1438 697 1471 in
722 1438 883 1484 Angliarn
901 1461 908 1468 .
938 1436 982 1470 Et
1008 1435 1084 1470 cum

149 1488 353 1533 applicuisset
376 1489 410 1521 in
433 1498 531 1532 portu
553 1487 718 1529 quodam,
745 1487 870 1522 invenit
882 1486 929 1520 ibi
940 1486 1086 1520 Fratrem

144 1539 291 1574 nostrum
311 1537 587 1573 Herefotdensem
613 1537 810 1582 Episcopum
835 1561 846 1576 ‚
881 1547 993 1570 auram
1014 1545 1085 1578 pte.-

142 1591 267 1633 speram
289 1588 330 1624 ad
351 1587 650 1628 transfretandum,
677 1587 788 1622 furtim
810 1586 922 1620 saltem
940 1609 952 1626 ,
977 1586 1084 1628 exspe-

143 1641 302 1674 dantem:
329 1639 405 1681 quia
417 1637 522 1679 palam
535 1647 602 1670 non
618 1645 762 1679 poterat,
789 1634 973 1679 prohibitus
985 1634 1004 1669 a
1026 1633 1086 1668 mi-

144 1686 365 1722 nisterialibus
385 1686 489 1730 Regis
509 1697 551 1719 ex
562 1697 649 1729 parte
660 1685 761 1730 Regis
774 1710 786 1727 ,
811 1685 971 1720 &litteris
980 1683 1048 1727 ejus
1072 1706 1080 1724 e

145 1739 227 1786 Qo
246 1738 410 1776 invento,
433 1734 576 1768 inhibuit
586 1735 615 1768 ei
638 1735 745 1777 primo
755 1746 795 1768 ex
817 1745 907 1776 parte
918 1734 1022 1776 Regis
1044 1742 1087 1765 ne

147 1787 315 1829 r'ranfiret,
341 1782 461 1819 deinde
480 1794 523 1816 ex
542 1792 632 1825 parte
654 1783 795 1817 Domini
816 1782 926 1823 Papae.
954 1780 1088 1822 Episco-

141 1846 186 1880 po
209 1844 318 1873 autem
340 1840 526 1874 quaerente,
553 1831 634 1865 ficut
657 1830 811 1864 Nuncius
834 1830 933 1870 suus,
967 1829 1024 1873 qui
1045 1828 1085 1864 ad

142 1896 206 1925 nos
221 1884 328 1929 postea
340 1881 427 1917 venit
449 1881 637 1915 Dominum
659 1881 752 1917 suum
763 1881 970 1915 excusaturus
981 1903 993 1920 ,
1020 1890 1088 1913 no-

142 1935 192 1971 bis
214 1934 346 1972 retulit,
373 1942 482 1966 utrum
495 1932 586 1975 super
610 1929 674 1965 hoc
698 1930 822 1965 litteras
841 1928 1000 1964 haberet?
1026 1929 1087 1963 Di-

142 1985 192 2024 xit
205 1983 378 2023 sehabere:
405 1980 522 2025 quibus
542 1979 713 2015 inhibebat
733 1979 900 2015 Dominus
912 1979 1000 2022 Papa
1016 2003 1027 2019 ,
1053 1978 1087 2011 δε

145 2035 199 2076 ei,
225 2035 258 2068 δε
278 2034 352 2068 aliis
363 2031 532 2076 Episcopis
552 2030 706 2074 Angliae,
732 2040 775 2063 ne
797 2029 944 2064 venirent
970 2027 1012 2062 ad
1035 2038 1088 2066 vo-

144 2086 311 2123 cationem
332 2082 475 2117 nostram
490 2105 502 2122 ,
541 2090 645 2124 neque
666 2081 699 2114 in
720 2079 833 2123 aliquo
856 2077 951 2113 nobis
971 2075 1089 2111 obedi-

143 2145 236 2175 rent,
255 2134 432 2179 vquousque
454 2131 574 2165 veniret
595 2130 741 2174 Legatus
759 2131 799 2164 de
829 2129 947 2164 Latere
970 2125 1089 2161 Domi·

145 2186 181 2220 ni
205 2185 320 2229 Papae,
350 2183 476 2226 aRege
496 2181 690 2225 imperatus,
719 2181 777 2223 qui
798 2179 971 2214 &causam
997 2178 1090 2221 super

143 2234 363 2278 appellatione
375 2256 386 2274 ‚
413 2242 511 2275 quam
523 2231 664 2264 fecerant
674 2255 685 2271 ,
710 2231 745 2264 ὃ(
756 2229 883 2264 causam
894 2228 993 2263 etiam
1006 2229 1091 2271 prin-

147 2284 286 2327 cipalem
301 2283 379 2319 inter
404 2281 531 2326 Regem
556 2279 590 2314 ἃ.
613 2291 695 2320 nos,
722 2279 756 2315 ὅ(
776 2289 891 2314 omnes
910 2278 990 2312 alias
1009 2276 1089 2310 inci-

143 2334 257 2372 dentes
289 2344 366 2366 cum
396 2331 600 2374 plenitudine
623 2329 808 2372 potestatis,
845 2338 973 2362 remoto
994 2327 1088 2361 omni

144 2382 373 2428 appellationis
393 2379 586 2420 obstaculo,
611 2381 818 2413 terminaret.
846 2377 934 2411 Cum
956 2377 1089 2412 instaret

143 2434 344 2476 Episcopus,
370 2435 406 2465 ut
429 2430 551 2463 litteras
574 2428 766 2472 inspiceret,
792 2427 877 2463 dixit
891 2428 922 2462 se
942 2438 1010 2462 non
1036 2426 1090 2461 ha·

143 2482 218 2518 bere
238 2493 300 2526 prae
321 2478 471 2515 manibus
494 2493 505 2512 :
541 2479 616 2522 quia
640 2479 767 2513 miserat
789 2490 843 2512 eas
862 2489 938 2513 cum
960 2477 1091 2521 expedi·

145 2543 259 2567 mento
283 2534 340 2565 suo
362 2532 463 2573 usque
487 2529 522 2563 in
538 2529 733 2564 Vintoniam
749 2553 762 2570 ,
788 2540 858 2572 quae
880 2527 1004 2563 distata
1018 2539 1087 2571 por-

144 2592 180 2618 tu
203 2582 384 2616 Hamtonae
410 2590 463 2622 per
486 2578 659 2613 duodecim
672 2579 844 2614 milliaria.
873 2579 964 2614 Misit
978 2580 1086 2621 itaque

144 2632 348 2676 Episcopus,
376 2628 492 2664 habito
515 2629 651 2662 consilio
674 2639 749 2662 cum
769 2630 833 2662 suis
850 2653 861 2669 ‚
890 2628 1086 2662 Vintoniam

145 2693 222 2717 cum
234 2682 362 2726 Joanne
373 2679 563 2725 magistrum
579 2678 788 2713 Edu-tardum
802 2678 971 2712 Clericum
985 2680 1089 2718 suum,

147 2733 254 2766 virum
277 2732 439 2775 probum,
464 2740 499 2764 ut
521 2728 705 2769 eredimus,
731 2728 763 2761 ὅ(
783 2728 936 2768 fidelem,
971 2729 1028 2770 qui
1046 2728 1088 2761 vi·

146 2782 197 2818 dit
217 2782 336 2816 litteras
359 2782 423 2816 una
434 2791 510 2814 cum
528 2779 754 2813 Londonienfi
767 2778 953 2821 Episcopo,
979 2777 1087 2812 simili-

146 2842 196 2866 ter
216 2831 416 2867 transfretare
438 2831 588 2864 volente.
616 2829 686 2876 Qii
708 2829 950 2863 Londonienfis
968 2852 980 2868 ,
1017 2827 1088 2862 vifis

149 2882 287 2923 litteris,
314 2882 459 2926 prorupit
479 2880 513 2918 in
540 2891 654 2914 vocem
673 2878 930 2923 gratulabundus
942 2878 1055 2912 dicens
1078 2892 1085 2911 z

150 2934 195 2964 De
215 2941 317 2966 caetero
337 2932 465 2965 Thomas
496 2941 578 2963 meus
602 2940 657 2962 non
681 2935 738 2963 erit
763 2929 872 2962 Archi·
885 2927 1053 2971 Episcopus
1079 2954 1086 2962 .

151 2980 284 3024 Adjecit
308 2983 407 3016 etiam
433 2982 594 3025 Ioannes:
621 2979 696 3024 quia
719 2979 921 3023 privilegiata
944 2989 1011 3013 erat
1024 2990 1089 3022 per-

152 3033 252 3071 sona,
279 3042 320 3066 ne
341 3032 380 3069 de
403 3043 518 3069 caetero
530 3032 631 3075 posset
651 3031 668 3063 a
682 3030 777 3064 nobis
797 3030 1088 3069 excommunicari,

150 3092 212 3119 nec
229 3080 327 3123 etiam
347 3081 516 3124 conveniri
543 3081 601 3114 nisi
625 3081 659 3114 in
680 3080 843 3124 praesentia
863 3080 1004 3114 Domini
1028 3078 1089 3114 Pa-

151 3142 217 3175 pae,
244 3131 276 3164 δε
297 3130 431 3164 liberam
453 3131 485 3163 se
504 3130 619 3165 habere
641 3131 833 3174 potestatem
853 3129 998 3166 donandi
1023 3131 1088 3164 De-

152 3190 305 3214 canatum
325 3178 560 3214 saresberiensis
574 3181 738 3221 Ecclefiae,
767 3181 820 3214 cui
842 3181 958 3221 vellet,
995 3182 1027 3214 ὃ(
1051 3180 1084 3214 in

154 3230 309 3264 omnibus
332 3231 542 3263 imminutam
566 3231 706 3265 nostram
718 3232 914 3276 dignitatern
937 3231 1083 3274 usquein

91 3280 95 3286 '
152 3279 331 3314 adventum
359 3279 475 3324 Legati
501 3281 655 3313 venturi.
684 3280 761 3315 Haec
784 3282 897 3315 omnia
919 3279 1084 3315 mandavit

153 3329 250 3363 nobIs
272 3329 450 3373 Episcopus
472 3339 527 3372 per
547 3329 759 3372 Capellanum
782 3333 875 3365 suum
900 3356 911 3372 ,
939 3331 1084 3364 Canoni-

152 3391 228 3413 cum
254 3378 452 3423 Regularem
470 3403 481 3419 ,
508 3379 611 3412 virum
636 3379 838 3424 Religiosum
854 3406 864 3422 ‚
891 3391 985 3424 quern
1001 3381 1097 3425 mifit1

151 3428 193 3465 ad
214 3438 297 3471 nos,
321 3429 569 3468 excusaturum,
594 3438 690 3473 quare
711 3441 780 3466 non
792 3432 915 3467 venerit
939 3431 979 3466 ad
991 3442 1085 3466 voca-

1913 127 1944 161 ἶ
1954 127 1987 161 6
1995 131 2014 175 5

1146 186 1271 220 tIonem
1291 183 1456 219 nostram.
1488 185 1730 225 Vocaveramus
1756 194 1844 230 enim
1868 191 1944 230 eum
1967 198 2062 233 seme!

1143 237 1176 271 δε
1195 235 1338 270 secundo
1360 260 1372 277 ,
1398 235 1432 270 &
1448 236 1581 270 tandem
1603 237 1700 271 tertio
1721 264 1732 280 ,
1756 254 1831 279 cum
1860 225 2083 292 peremptor&

1144 285 1268 326 edicto,
1298 296 1457 330 quatenus
1475 286 1559 320 infra
1583 286 1850 328 purificationem
1874 296 1968 331 nobis
1991 297 2083 332 exhi.

1145 335 1232 370 beret
1254 337 1450 380 praesentiam
1472 338 1562 371 suam
1576 361 1587 376 ,
1614 339 1770 379 tanquam
1793 340 1854 375 Vir
1883 356 2010 391 magnae
2029 355 2085 382 au-

1145 385 1311 421 thoritatis
1328 411 1339 427 ,
1364 388 1398 421 &
1417 387 1586 422 familiaris
1609 387 1721 433 Regi,
1745 391 1932 429 trastaturus
1958 397 1999 431 de
2023 409 2083 441 pa-

1144 447 1180 471 ce
1193 437 1278 471 inter
1300 437 1429 482 Regem
1453 438 1488 470 ἀ
1511 449 1571 471 nos
1584 461 1594 477 ,
1620 438 1643 471 fi
1665 449 1733 481 quo
1753 438 1855 474 modo
1870 440 1940 475 fieri
1960 449 2060 486 postet
2077 472 2085 478 .

1144 486 1226 520 Haec
1247 488 1361 522 omnia
1385 497 1512 531 paratus
1534 487 1813 524 erarCanonicus
1835 490 1966 534 jurare,
1985 495 2017 526 se
2040 496 2087 530 ita

1144 537 1300 581 accepisse
1325 538 1367 573 ab
1390 549 1448 573 ore
1473 536 1649 582 Episcopi,
1674 538 1774 574 nobis
1792 551 1834 574 ex
1855 551 1946 585 parte
1968 541 2036 585 ejus
2055 545 2088 576 fi-

1143 587 1348 631 gnificanda.
1374 589 1459 636 Qae
1479 588 1500 622 si
1525 598 1598 622 vera
1620 589 1718 629 sunt,
1743 600 1824 625 tunc
1846 591 1959 635 procul
1983 590 2086 627 dubio

1143 636 1338 678 suffocavit,
1365 639 1400 672 δε
1431 638 1645 683 strangulavit
1667 640 1835 675 Dominus
1858 641 1946 686 Papa
1967 667 1979 682 ‚
2016 653 2085 676 non

1145 686 1245 721 modo
1267 689 1431 731 personam
1454 689 1618 729 nostram,
1644 687 1696 722 sed
1719 690 1751 723 ὅ(
1774 692 1823 729 se,
1850 692 2011 725 &omnes
2023 691 2085 726 Ec-

1143 737 1332 772 clefiast-icas
1352 738 1501 781 personas
1513 739 1677 780 utriusque
1699 739 1833 785 Regni.
1861 741 1970 775 Immo
1981 741 2085 777 etiam

1144 798 1312 829 utramque
1327 788 1502 823 Ecclesiam
1516 814 1528 831 ,
1552 798 1621 824 tam
1641 789 1848 825 Gallicanam
1860 815 1871 832 ‚
1897 791 1997 835 quam
2009 791 2082 825 An-

1144 837 1307 882 glicanam
1330 863 1336 869 .
1364 837 1457 885 Quid
1478 840 1569 874 enim
1589 840 1742 884 exemplo
1763 838 1829 875 hoc
1855 841 1992 885 peffimo
2015 853 2087 876 non

1145 886 1313 925 audebunt
1332 889 1437 923 caeteri
1470 888 1640 934 Principes
1666 900 1834 926 terrarum.
1853 891 2004 926 adversus
2029 890 2092 924 Ec·

1145 937 1327 974 clefiasticas
1349 939 1495 981 personas
1514 941 1528 974 ?
1567 940 1622 975 Ad
1644 951 1742 982 quem
1764 943 1954 977 recurrent?
1995 941 2090 988 Qo·

1146 987 1249 1023 modo
1271 989 1438 1028 confidere
1461 1001 1613 1033 poterunt
1643 989 1685 1025 de
1717 992 1862 1026 Ecclesia
1892 991 2050 1028 Romana
2076 1015 2089 1034 ,

1146 1050 1214 1083 quae
1236 1050 1313 1074 non⁴
1325 1050 1385 1083 pro
1408 1041 1475 1083 ipsa
1496 1041 1631 1083 stantes,
1658 1042 1805 1085 &usque
1827 1043 1868 1077 ad
1889 1043 2089 1088 sanguinem

1146 1089 1371 1131 decertantes,
1398 1091 1444 1125 ita
1466 1090 1603 1125 deseruit
1619 1116 1632 1132 ,
1661 1093 1696 1127 δε
1714 1090 1884 1127 destituit?
1909 1091 2004 1140 Qid
2016 1092 2093 1132 erit,

1146 1140 1168 1172 fi
1188 1139 1395 1174 manentibus
1415 1139 1467 1174 his
1491 1141 1647 1176 inauditis
1666 1165 1678 1182 ,
1724 1143 1758 1176 δε
1778 1142 1975 1177 detestandis
1998 1142 2094 1185 privi-

1147 1189 1260 1233 legiis,
1285 1191 1318 1224 ὅ(
1338 1191 1658 1234 emancipationibus
1675 1215 1686 1232 ,
1709 1201 1780 1228 ,tam
1801 1193 1943 1236 personae
1956 1192 2063 1235 Regis
2076 1214 2089 1231 ,

1146 1240 1245 1281 quam
1271 1240 1411 1272 aliorum
1426 1264 1437 1279 ‚
1475 1240 1532 1273 sub
1552 1251 1761 1283 quocumque
1785 1251 1938 1284 praetextu
1959 1241 2093 1275 contin-

1145 1298 1203 1331 gat
1230 1311 1241 1327 ,
1280 1288 1371 1330 quod
1389 1289 1486 1333 Deus
1506 1299 1630 1323 avertat
1651 1312 1662 1329 ,
1697 1299 1736 1323 ut
1755 1290 1891 1324 decedat
1924 1290 2095 1324 Dominus

1131 1335 1259 1379 Papa,
1285 1336 1395 1374 velut
1428 1337 1464 1370 in
1498 1335 1598 1371 Urbe
1619 1336 1749 1374 turbata
1780 1338 1901 1374 fuerint
1934 1341 2049 1374 omnia
2078 1341 2094 1372 3

1145 1386 1400 1421 Transferentur
1416 1384 1485 1420 haec
1505 1385 1540 1420 in
1563 1386 1704 1423 haeredes
1717 1408 1728 1428 ,
1755 1400 1816 1423 nec
1837 1399 1993 1433 poterunt
2013 1390 2096 1425 avel-

1146 1437 1170 1470 li
1193 1437 1211 1471 ὲ
1233 1435 1383 1471 manibus
1404 1446 1518 1471 eorum
1541 1461 1549 1468 .
1578 1437 1622 1471 Et
1654 1437 1743 1480 quod
1766 1439 1907 1473 deterius
1927 1439 1972 1474 est
1988 1462 2000 1479 ,
2038 1440 2095 1474 alii

1148 1486 1317 1529 Principes
1338 1486 1402 1521 hoc
1436 1487 1588 1529 exemplo
1612 1486 1727 1521 similia
1759 1490 2005 1531 extorquebunt
2026 1490 2094 1533 pri·

1148 1536 1269 1580 vilegia
1282 1559 1294 1576 ‚
1318 1536 1654 1577 &emancipationes
1674 1536 1716 1570 ab
1738 1537 1906 1579 Ecclesia,
1933 1538 2013 1572 velit
2035 1551 2094 1580 no,-

1149 1586 1187 1620 lit
1210 1585 1277 1628 ipsa
1289 1608 1308 1633 ,¹
1340 1586 1374 1620 δε
1389 1585 1437 1631 ,fic
1458 1584 1575 1627 peribit
1596 1586 1708 1622 omnis
1742 1586 1892 1622 Ecclefiae
1925 1587 2055 1623 libertas
2081 1612 2093 1629 ,

1147 1636 1182 1669 δε
1205 1635 1447 1678 Episcoporum
1476 1634 1654 1678 iurisdistio
1675 1647 1786 1679 ⁴atque
1818 1637 1982 1681 potestas,
2018 1639 2096 1674 cum

1150 1696 1217 1719 non
1239 1683 1276 1718 fit
1295 1684 1352 1726 qui
1370 1683 1526 1716 cohibere
1548 1683 1643 1726 poffit
1659 1708 1670 1724 ,
1690 1686 1754 1717 .vel
1776 1697 1925 1721 coercere
1960 1688 2097 1732 Tyran-

1149 1743 1265 1767 norum
1290 1731 1416 1775 flagitia
1428 1754 1441 1770 ‚
1465 1740 1606 1773 quorum
1625 1741 1697 1767 tota
1716 1734 1861 1768 intentio
1882 1736 1929 1769 est
1954 1760 1966 1776 ,
1996 1737 2099 1772 hodie

1148 1780 1279 1825 grassari
1300 1781 1337 1814 in
1359 1778 1539 1818 Ecclesiam
1561 1780 1654 1821 Dei,
1679 1783 1712 1817 ἀ
1730 1783 1803 1827 ejus
1824 1784 2011 1823 ministros:
2038 1799 2100 1822 nec

1148 1830 1315 1868 desistent,
1342 1829 1512 1873 quousque
1536 1841 1614 1871 eos,
1641 1833 1719 1868 sicut
1740 1834 1778 1877 .&
1801 1835 1904 1876 alios,
1935 1837 1970 1871 in
1999 1839 2096 1873 servi-

1148 1891 1252 1914 tutem
1276 1879 1461 1924 redegerint
1486 1900 1498 1913 ,ψ
1519 1880 1609 1926 Qis,
1628 1891 1737 1917 tamen
1759 1884 1820 1919 erit
1842 1885 1918 1924 finis
1939 1911 1951 1929 ,
1989 1886 2096 1923 adhuc

1149 1931 1336 1964 nescimus?
1366 1929 1492 1963 Verum
1511 1930 1546 1963 id
1561 1930 1699 1972 scimus,
1726 1934 1804 1975 quia
1831 1936 1926 1980 supra
1950 1938 2092 1972 modum

1149 1990 1344 2024 gravamur,
1373 1978 1442 2013 sive'
1456 1991 1529 2012 vera
1550 1981 1610 2014 sint
1631 2007 1643 2024 ,
1679 1982 1741 2017 five
1765 1995 1832 2019 non
1846 2010 1856 2025 ,
1886 1996 1956 2030 quae
1978 1999 2097 2031 propo·

1151 2040 1292 2064 nuntur.
1335 2029 1417 2062 Non
1450 2030 1539 2063 enim
1562 2028 1723 2066 obediunt
1746 2034 1844 2069 nobis
1867 2059 1878 2075 ‚
1914 2047 1976 2070 nec
1995 2038 2099 2081 respi-

1149 2079 1243 2113 ciunt
1265 2088 1326 2112 nos
1349 2078 1384 2112 in
1402 2077 1518 2126 aliquo
1544 2081 1625 2115 ficut
1646 2083 1753 2117 solent
1775 2109 1786 2125 ,
1813 2085 1865 2119 vel
1900 2086 2058 2130 Episcopi
2085 2111 2098 2127 ,

1153 2129 1202 2164 vel
1225 2127 1398 2169 Abbates,
1425 2130 1478 2165 vel
1490 2129 1531 2172 de
1557 2130 1657 2167 Clero
1668 2132 1821 2178 Angliae,
1847 2134 1912 2177 jam
1924 2138 2012 2179 quasi
2026 2147 2098 2171 cer-

1151 2179 1282 2221 tisuper
1304 2178 1513 2221 depositione
1528 2180 1653 2216 noslra.
1683 2182 1807 2219 Verum
1831 2187 1960 2220 securus
1979 2189 2099 2222 sitDo-

1149 2228 1261 2262 minus
1270 2227 1378 2282 Papa,
1409 2229 1498 2270 quod
1514 2231 1603 2264 nulla
1619 2232 1747 2268 ratione
1759 2235 1956 2271 intrabimus
1972 2241 2098 2272 terram

1152 2278 1254 2322 Regis
1277 2278 1459 2324 litigaturi,
1490 2289 1551 2313 nec
1564 2280 1720 2319 stabimus
1731 2285 1859 2327 judicio
1876 2287 2097 2323 inimicorum

1152 2329 1361 2366 nostrorum,
1386 2327 1421 2361 δε
1443 2328 1615 2371 praesertim
1636 2331 1819 2376 papienfis,
1847 2337 1902 2378 qui
1917 2349 1987 2372 non
2009 2326 2100 2379 mir,

1152 2378 1210 2413 nisi
1224 2378 1418 2422 sanguinem
1430 2377 1592 2422 nostrum,
1603 2391 1638 2416 ut
1649 2381 1799 2419 obtineat
1811 2388 1927 2422 Sedem
1940 2388 2098 2428 nostram,

1150 2439 1220 2473 quae
1241 2426 1372 2468 revera,
1397 2438 1434 2463 ut
1445 2431 1654 2473 accepimus,
1675 2433 1705 2466 ei
1728 2436 1881 2476 promissa
1906 2438 1950 2470 est
1966 2460 1975 2475 ‚
2001 2438 2097 2471 dnm-

1151 2477 1255 2513 modo
1277 2477 1296 2511 a
1320 2477 1419 2513 nobis
1441 2479 1699 2522 poffitliberari.
1726 2482 1948 2526 Est&aliud,
1978 2486 2097 2529 inquo

1148 2538 1340 2574 gravamur,
1364 2529 1442 2572 quia
1454 2528 1598 2564 Nobiles
1621 2530 1683 2565 viti
1703 2541 1771 2567 tam
1794 2532 1965 2576 Proceres,
1996 2536 2096 2580 quam

1152 2578 1325 2623 Episcopi,
1348 2578 1383 2613 &
1403 2578 1460 2612 alii
1478 2577 1608 2614 Praelati
1640 2579 1682 2614 de
1705 2583 1828 2628 Regno
1852 2586 2056 2620 Francorum
2085 2611 2098 2627 ,

1149 2629 1214 2674 jam
1236 2629 1323 2673 quafi
1344 2628 1504 2672 desperati
1525 2627 1567 2663 de
1590 2628 1685 2663 nobis
1707 2656 1720 2673 ,
1758 2645 1800 2668 co
1813 2636 1948 2670 -exules
1969 2636 2097 2671 nostros

1152 2690 1234 2722 quos
1246 2678 1498 2713 misericorditer
1512 2678 1730 2716 sustentabant
1743 2707 1754 2725 ,
1784 2683 1879 2719 nobis
1890 2686 2096 2726 remiserunt,

1151 2731 1206 2774 qui
1229 2730 1349 2773 frigore
1381 2729 1415 2763 δε
1435 2728 1523 2763 fame
1545 2730 1587 2766 de
1610 2741 1728 2767 caetero
1748 2733 1901 2778 peribunt
1918 2760 1929 2776 ,
1956 2737 2036 2771 ficut
2060 2737 2094 2770 δε

1150 2780 1284 2824 quidam
1307 2778 1373 2822 jam
1396 2779 1561 2822 perierunt
1573 2805 1580 2814 .
1607 2781 1689 2816 Haec
1705 2785 1821 2819 omnia
1835 2785 1986 2820 Domino
1999 2786 2093 2829 Papae

1149 2830 1324 2874 diligenter
1337 2828 1463 2864 insinua
1473 2854 1485 2871 ,
1511 2838 1547 2863 ut
1559 2832 1740 2868 remedium
1751 2835 1886 2879 aliquod
1898 2847 2013 2871 contra
2027 2834 2094 2869 haec

1150 2881 1237 2914 mala
1261 2878 1356 2913 nobis
1380 2879 1570 2924 provideat,
1598 2883 1680 2918 ficut
1700 2886 1864 2928 petimus.-
1891 2885 2006 2931 siquid
2029 2885 2093 2920 zeli

1151 2930 1215 2964 Dei
1241 2931 1275 2963 in
1301 2940 1342 2963 eo
1362 2931 1537 2972 remansit,
1561 2931 1669 2969 adhuc
1693 2936 1878 2978 speramus,
1906 2937 1940 2971 ἀ
1966 2939 2093 2970 utinam

1151 2982 1219 3022 spes
1240 2990 1309 3013 non
1331 2978 1535 3015 confundat.
1561 2983 1667 3025 Vale,
1693 2986 1942 3028 &quamcitius
1960 2984 2092 3029 poteris,

1151 3030 1322 3065 Nuncium
1342 3030 1438 3065 nobis
1452 3031 1548 3067 istum
1561 3034 1709 3077 remitte,
1737 3048 1794 3080 per
1815 3047 1911 3082 quem
1937 3037 1971 3070 δε
1986 3035 2026 3070 de
2041 3033 2092 3068 his

1149 3080 1265 3114 &aliis
1287 3081 1496 3115 certioremur
1512 3107 1523 3123 ,
1549 3085 1663 3126 utpote
1684 3085 1719 3121 in
1730 3089 1817 3123 arsto
1838 3086 2040 3127 constituti,
2065 3083 2088 3117 fi

1150 3142 1222 3166 vera
1234 3131 1306 3166 sunt
1319 3155 1330 3174 ,
1356 3143 1427 3178 quae
1438 3143 1668 3178 proponuntur
1677 3147 1691 3169 .·

1909 3481 2046 3517 ΕΡΙ·
