2358 3776
547 135 587 182 s
626 118 913 181 THOMAE
947 124 1343 185 CANTUAR.
1384 123 1524 174 LIB.
1562 131 1663 178 111.

1896 123 1986 187 281

123 213 326 261 {amnibus
349 217 500 254 Ecclefiis
520 217 633 253 eadem
655 214 872 256 authoritate,
899 212 1001 248 &sub
1010 224 1063 248 ea·
1117 220 1181 258 qne
1201 208 1323 255 gratias
1342 207 1513 244 devotioni
1534 234 1546 250 ,
1573 216 1837 257 congratulamur
1855 217 2071 263 prudentias

126 274 203 309 dem
213 271 481 304 interminatione
506 267 661 303 celebrari
686 264 905 311 prohibeatis,
924 273 1064 307 excepto
1120 259 1318 306 propositum
1330 269 1396 304 quo
1407 259 1594 296 Dominum
1607 260 1733 306 Regem
1744 278 1802 308 pro
1814 267 1909 304 nobis
1918 293 1930 310 ,
1942 269 2070 306 immo<

126 319 296 365 Baptismo
308 319 520 354 parvulorum
531 343 542 359 ‚
569 319 602 352 ὅ(
615 316 813 352 Poenitentia
825 339 837 356 ,
861 314 895 349 ἀ
906 312 1042 348 Viatico
1052 338 1064 356 ‚

124 369 214 415 quod
226 370 338 405 clausis
347 369 452 412 januis
463 393 473 410 ,
500 368 532 402 &
544 367 652 402 Laicis
664 366 808 410 personis
817 363 952 399 exclusis
966 387 977 403 ‚
987 375 1063 398 con-

125 420 182 456 fici
194 421 268 455 licet
280 420 347 455 fine
357 429 587 464 campanarum
599 416 779 461 pulsatione
791 438 802 455 ,
829 414 862 448 dc
878 413 1064 448 solemnita-

124 479 160 507 te
170 479 284 506 cantus
307 469 488 510 &laetitiae‚
514 478 611 512 quam
633 467 666 501 in
690 464 804 500 diebus
822 463 973 508 iucundis
987 475 1065 497 con-

126 521 232 555 suevit
243 519 384 555 Ecclesia
394 529 559 554 exercere.
586 516 659 551 Nec
678 514 823 549 timeatis
844 523 923 554 eos,
949 514 1006 557 qui
1021 515 1065 546 in-

125 569 256 605 terdum
276 571 295 605 a
319 569 473 604 Domino
494 566 724 611 permittuntur
743 564 782 598 ad
802 563 957 606 majorem
972 573 1064 598 coro-

125 630 205 655 nam
226 619 400 655 electorum
419 617 630 660 corporaliter
647 615 774 650 sanstus
792 612 958 658 affligere,
983 614 1015 648 dc
1028 613 1063 647 in

126 671 254 705 animas
263 668 347 702 nihil
360 668 510 712 possunt:
537 666 612 711 quia
624 666 656 699 in
670 665 734 699 hoc
743 663 940 698 conflatorio
952 674 1065 707 paten-

123 729 176 754 ter
185 717 341 763 judicabit
356 719 446 753 Deus
457 742 468 759 ,
493 727 574 761 quos
587 717 622 750 in
633 716 743 750 futuro
755 711 869 748 debeat
884 724 1041 748 coronare
1053 737 1060 745 .

126 768 209 804 Illos
231 780 342 804 autern
354 793 366 810 ,
392 768 449 812 qui
471 767 627 802 Ecclefias
649 765 683 799 dc
705 762 924 798 Ecclesiastica
951 763 1062 798 officia

126 819 181 854 vel
192 818 349 852 beneficia
361 828 476 852 contra
483 816 656 850 canonicas
668 814 891 848 institutiones
901 814 1065 857 accipiunt

124 868 171 903 de
179 877 279 901 manu
291 867 465 901 Laicorum
475 891 485 906 ,
511 866 568 909 qui
591 863 739 899 Clericos
750 864 856 907 poenis
869 875 924 897 aut
937 864 1062 898 terrori-

124 914 188 952 bus
196 916 236 951 ad
247 915 505 950 inobedientiam
514 914 717 958 compellunt
725 939 736 955 ,
761 914 820 958 qui
830 928 833 931 -
843 913 985 949 Domini
1000 912 1065 947 Pa-

124 979 175 1012 pae
187 966 339 1001 Nuncios
350 966 384 1000 ἀ
397 965 524 1000 nostros
533 990 543 1006 ‚
572 977 614 999 ne
625 964 825 999 neceffitates
835 963 985 999 Ecclefiae
995 974 1066 1007 pro-

123 1017 319 1061 sequantur,
342 1015 548 1060 impediunt,
573 1014 630 1059 qui
666 1014 856 1049 traditiones
893 1013 1066 1048 hominum

124 1066 262 1102 Divinae
284 1066 369 1110 Legi
393 1064 602 1110 praeferendas
623 1062 765 1104 docent,
790 1066 825 1100 δι
845 1064 1068 1108 usurpationes

124 1115 190 1150 {ive
201 1116 372 1151 abusiones
384 1126 556 1158 potentum
569 1126 696 1160 cogunt
707 1113 899 1150 Christianae
921 1113 1068 1158 Religio·

124 1166 180 1200 nis
190 1164 455 1200 institutionibus
467 1166 644 1208 anteponi,
665 1164 700 1198 ἀ
715 1165 911 1199 nominatim
925 1163 1069 1197 Cantua—

125 1216 267 1250 riensem
276 1214 586 1250 Archi-Diaconum
601 1213 804 1248 Gaufredum
814 1239 825 1254 ,
839 1215 871 1247 ἃ
885 1212 1066 1246 Robertum

127 1265 303 1300 Vicarium
315 1264 381 1307 ejus
393 1288 404 1304 ,
431 1264 634 1298 Richardum
648 1264 690 1297 de
700 1263 878 1297 Welcestre
886 1285 899 1301 ‚
923 1259 1067 1293 Wilhel-

128 1326 223 1350 mum
233 1312 359 1349 Giffard
369 1336 379 1352 ,
407 1313 583 1356 Nigellum
604 1310 644 1343 de
655 1312 752 1344 Sacca
764 1327 775 1335 -
789 1310 878 1344 Villa
894 1331 905 1347 ,
930 1306 1065 1343 Richar-

127 1365 212 1400 dum
221 1364 262 1397 de
272 1361 372 1399 Luci,
398 1360 570 1394 Thomam
583 1360 689 1393 filium
701 1358 857 1393 Ber-nardi
867 1382 877 1398 ‚
906 1356 1013 1392 Adam
1028 1357 1068 1392 de

127 1411 309 1457 cheringis
329 1409 458 1455 publice
478 1410 822 1444 excommunicamus·
852 1408 954 1457 Qod
967 1408 989 1441 fi
1008 1419 1068 1442 nec

127 1461 166 1498 in
187 1461 391 1496 subditorum
412 1460 516 1503 poenis
536 1461 678 1494 excessus
699 1459 774 1493 suos
793 1458 970 1493 correxerit
993 1457 1069 1493 Rex

127 1511 320 1557 Anglorum
333 1535 344 1550 ‚
369 1508 490 1543 exinde
500 1510 640 1552 personae
651 1507 717 1552 ejus
730 1532 742 1549 ‚
765 1508 857 1551 quod
885 1508 979 1542 inviti
991 1508 1069 1542 dici-

126 1572 226 1602 mus,
252 1561 287 1594 in
303 1559 511 1603 dispendium
525 1559 634 1593 salutis
647 1558 780 1598 nostrae,
808 1558 888 1592 licut
912 1555 1068 1591 hactenns

128 1610 287 1652 fecimus,
312 1610 449 1644 authore
473 1609 572 1650 Deo,
598 1619 665 1642 non
687 1619 869 1651 parcemus.
898 1606 987 1641 Nam
1012 1607 1070 1640 mi·

127 1660 247 1696 serario
264 1659 337 1694 talis
350 1659 498 1703 impietas
510 1661 572 1693 effe
582 1658 786 1692 convincitur
806 1657 902 1699 ,cum
916 1656 1068 1701 scriptum

128 1711 189 1745 fit:
219 1710 312 1754 ,Quod
321 1715 373 1752 qul
384 1713 481 1754 virgae
490 1714 588 1750 parcit
600 1733 610 1748 ,
637 1708 804 1754 odltfiltum
816 1732 823 1740 .
851 1705 905 1741 Ad
928 1706 996 1742 haec
1019 1718 1069 1742 ea·

129 1760 207 1796 dem
223 1757 442 1799 authoritate,
469 1760 502 1792 ἀ
516 1757 573 1792 sub
586 1758 700 1791 eadem
718 1757 988 1791 interminatione
998 1767 1068 1799 prae·

128 1809 289 1852 cipimus,
320 1816 357 1840 ut
379 1808 540 1850 Joannem
564 1808 736 1840 Decanum
759 1806 1030 1839 saresberiensem
1057 1827 1068 1844 ‚

127 1858 323 1894 Guidouem
335 1855 507 1890 Decanum
518 1853 688 1889 Waltham
700 1879 711 1897 ,
740 1855 901 1898 Ioannem
921 1853 1045 1889 Cumin
1057 1879 1068 1894 ,
1097 1852 1100 1855 “

129 1906 347 1952 Radulphum
370 1905 613 1941 Laudavensem
635 1903 946 1944 Archi-Diaconum
960 1927 971 1944 ,
997 1904 1068 1936 Wi-

130 1967 259 1994 marum
282 1956 505 2001 presbyterum
526 1956 696 1988 alumnum
719 1954 862 1988 Comitis
882 1954 1040 1998 Hugonis
1049 1952 1068 1987 a

130 2008 186 2044 die
199 2006 389 2042 Nativitatis
399 2005 586 2040 Dominicae
597 2029 607 2044 ,
634 2004 789 2047 tanquam
801 2003 1068 2037 excommunica-

131 2066 184 2093 tos
194 2057 322 2091 evitetis
332 2081 343 2097 ,
369 2055 425 2089 nisi
440 2054 521 2089 infra
536 2054 680 2088 Ecclefiae
689 2054 755 2087 Dei
767 2077 779 2094 ,
800 2064 900 2097 quam
913 2052 1069 2091 laeserunt,

129 2108 167 2153 ᾇ,
179 2107 274 2142 nobis
285 2105 538 2139 satisfactionem
550 2104 693 2138 debitam
712 2102 893 2137 curaverint
904 2101 1067 2136 exhibere.

132 2149 282 2197 Verbum
294 2156 361 2190 Dei
375 2156 480 2190 luceat
492 2155 527 2189 in
539 2153 692 2189 cordibus
702 2153 736 2187 δε
760 2153 912 2197 operibus
924 2151 1031 2187 vestris
1059 2173 1069 2191 ,

133 2217 171 2242 ut
183 2208 336 2242 timorem
347 2204 413 2240 Dei
434 2206 630 2248 praeferentes
654 2203 800 2237 humano
812 2229 823 2244 ,
852 2203 943 2236 vobis
953 2201 1070 2245 adqui·-

133 2258 212 2292 ratis
236 2265 393 2290 coronam
414 2254 524 2298 gloriar
533 2278 543 2295 ,
570 2255 603 2287 δε
621 2253 809 2296 exemplum
832 2252 1026 2287 obedientiae
1036 2251 1069 2286 ἀ

138 2305 344 2341 fortitudinis
356 2303 491 2338 feliciter
501 2304 726 2338 transmittatis
748 2303 789 2337 ad
806 2302 971 2336 posteros.

186 2356 223 2388 In
235 2353 370 2389 eandem
382 2354 521 2388 formam
534 2353 631 2393 Clero
643 2353 677 2386 ὃς
690 2353 818 2397 Populo
838 2351 1069 2388 Lincolniensi.

187 2406 231 2440 Et
243 2406 343 2440 Clero
351 2404 385 2439 dc
395 2403 527 2447 Populo
537 2402 748 2437 Bathoniensi
766 2427 774 2434 .

288 2551 693 2586 EPISTOLA
766 2550 926 2586 Lxxm.

217 2651 371 2687 Thomas
407 2649 648 2685 Cantuarienfis
685 2647 1000 2694 Archi-Episcopus

384 2699 616 2746 VVigornenfi
645 2700 830 2743 Episcopo.

140 2802 307 2838 Venerabili
316 2803 423 2836 Fratri
442 2805 562 2845 Rogerio
582 2798 751 2844 Vlgornenfi
765 2798 907 2841 Episcopo
932 2801 966 2832 (τ
991 2796 1071 2841 salu-

190 2864 249 2887 tem
260 2878 271 2894 ,
297 2854 329 2887 ύ
340 2863 404 2886 eum
408 2857 580 2894 pra-timere
591 2875 602 2890 ,
620 2856 671 2892 qul
677 2849 768 2893 potest
780 2850 812 2883 (5
836 2858 938 2892 corpas
965 2850 998 2882 δ’
1013 2853 1076 2882 ant-

192 2915 273 2937 mam
282 2905 407 2944 perdere
417 2906 450 2934 in
459 2901 627 2946 gebennam
637 2926 644 2933 .

242 3050 515 3086 1LECT10N18
540 3050 644 3084 vestrae
663 3048 1075 3094 litterasdiligenterinspe-

266 3102 374 3135 ximus
393 3124 400 3131 .
421 3100 629 3139 Consilium,
655 3100 743 3141 quod
765 3099 939 3134 necessitati
962 3099 1076 3134 nostrae

144 3152 247 3186 vestra
258 3150 407 3185 discretio
421 3149 559 3184 fideliter
569 3162 609 3184 ex
622 3150 784 3194 proposito
804 3149 1014 3189 ministravit,
1040 3149 1077 3181 li-

147 3201 245 3235 bratis
269 3200 346 3235 hinc
369 3199 447 3234 inde
468 3198 666 3240 rationibus,
685 3199 831 3234 adhibita
843 3199 1075 3234 deliberatione

149 3250 377 3294 perpendimus
389 3261 429 3283 ex
440 3248 584 3282 fraternae
607 3247 771 3285 charitatis
781 3250 954 3285 dulcedine
966 3260 1077 3293 prove·

146 3302 216 3334 nire
230 3324 241 3340 ,
268 3301 481 3342 conjicientes
491 3298 582 3342 quod
594 3300 670 3333 fides
681 3301 778 3335 vestra
788 3299 919 3335 ulterius
929 3297 1076 3333 cohiberi

145 3362 214 3385 non
226 3351 357 3393 poterit,
370 3349 449 3392 quin
463 3350 496 3382 in
508 3349 680 3390 conspestu
693 3348 896 3395 Principum,
911 3349 990 3384 sicut
1002 3348 1076 3383 Viri

147 3401 291 3447 generosi
313 3398 517 3433 nobilitatem
540 3399 574 3432 &
597 3398 754 3444 Religiofi
780 3399 952 3435 pontificis
971 3399 1077 3432 zelum

149 3449 254 3493 decet,
265 3449 397 3483 verbum
408 3448 473 3482 Dei
495 3447 592 3482 libere
614 3451 822 3494 prosequatur
836 3475 844 3484 .
869 3450 1011 3497 Agimus
1025 3449 1078 3483 ita-

253 3499 359 3540 christ.
372 3502 449 3542 Lupa·
459 3502 555 3541 Opera
567 3501 689 3532 Tomx.

1119 320 1179 355 pro
1189 309 1283 344 causa
1296 309 1360 344 Dei
1371 335 1382 351 ‚
1393 309 1492 345 solisd
1503 310 1694 356 vigilantius
1707 313 1742 346 ἀ
1754 316 1924 356 instantius
1934 329 2073 355 conve-⁶²

1121 361 1191 396 nire
1199 358 1385 395 decrevistis
1401 383 1412 400 ,
1432 360 1608 405 plurimum
1621 360 1855 406 approbamus,
1876 378 2025 414 rogantes
2043 395 2055 412 ‚
2090 359 2093 361 ’

1121 420 1158 445 ut
1169 434 1181 452 ,
1191 410 1284 457 quod
1293 411 1327 444 in
1339 409 1401 445 hac
1412 421 1503 454 parte
1516 412 1719 454 promittitis,
1735 412 1834 447 eitius
1844 421 2056 459 aggrediami-

1121 459 1176 500 ni,
1200 460 1326 495 faciatis
1334 461 1559 505 frequentius,
1587 462 1621 495 ἀ
1633 460 1716 496 nihil
1730 474 1771 497 ex
1783 465 2055 507 contingentibus

1119 509 1309 546 omittentes
1321 534 1331 550 ,
1363 509 1532 546 studiosius
1554 511 1733 555 impleatis.
1761 514 1839 557 Spes
1861 514 1953 548 enim
1974 516 2019 548 est
2047 527 2072 557 ,⁴

1119 560 1208 605 quod
1220 559 1608 606 fideliterevangelizanti
1629 562 1760 606 verbum
1784 563 1917 607 adjiciet
1939 563 2061 598 Domi·

1121 622 1181 645 nus
1195 612 1347 645 virtutem
1358 611 1497 646 multam
1511 635 1518 643 .
1544 611 1712 656 Siquidem
1727 612 1831 648 fidelis
1841 612 1886 647 est
1899 614 1935 647 in
1949 613 2060 648 omni·

1119 660 1179 695 bus
1193 660 1296 695 verbis
1309 661 1395 701 suis,
1423 662 1480 705 qui
1504 659 1569 697 hoc
1594 657 1779 697 Pastot'ibus
1792 663 1938 697 Ecclefiae
1957 674 2062 708 repro·

1121 711 1205 744 misit
1215 734 1222 742 .
1251 711 1293 744 Et
1306 711 1439 755 quidem
1451 710 1607 747 credibile
1618 712 1664 747 est
1671 734 1683 751 ‚
1711 723 1772 748 nec
1785 711 1873 748 aliud
1886 712 1983 748 nobis
1993 724 2062 757 per-

1123 760 1245 795 suaderi
1258 760 1382 804 potest,
1408 762 1496 803 quod
1509 762 1530 795 si
1547 773 1603 796 vos
1615 763 1647 797 ἀ
1667 762 1722 796 alii
1737 764 1847 797 fratres
1862 761 1962 797 nostri
1986 774 2062 798 eum

1120 810 1164 846 ab
1174 809 1272 844 initio
1286 834 1296 850 ,
1321 821 1416 853 prout
1439 810 1559 854 justum
1579 813 1707 853 fuerat,
1732 814 1983 855 convenissetis,
2010 824 2063 847 ne-

1123 860 1286 906 quaquam
1308 869 1436 895 tantum
1470 861 1505 896 in
1533 863 1710 906 perniciem
1724 862 1868 897 Ecclesiae
1889 873 2061 907 pravorum

1096 942 1098 946 .
1124 910 1267 946 consiliis
1286 910 1440 945 licuisset.
1470 912 1532 947 Sed
1555 913 1632 957 quia
1655 911 1765 948 nullus
1785 914 1849 948 fuit
1870 923 1927 948 aut
1939 924 2026 948 rarus
2052 935 2063 952 ,

1125 960 1214 1006 quod
1226 961 1293 995 fine
1302 960 1420 994 rubore
1431 961 1464 996 δε
1476 963 1602 1007 gemitu
1616 973 1683 997 non
1697 963 1885 1008 eloquimur
1897 988 1908 1005 ,
1917 964 2063 1008 quicum

1126 1013 1275 1046 statueret
1285 1021 1399 1045 contra
1414 1011 1531 1046 faciem
1541 1014 1630 1048 suam
1641 1038 1651 1055 ,
1675 1013 1709 1048 ἀ
1720 1022 1883 1048 revocaret
1895 1013 1914 1047 ὲ
1926 1013 2065 1049 consilio

1129 1062 1302 1105 impiorum
1313 1086 1323 1102 ‚
1349 1071 1399 1096 res
1409 1060 1446 1094 in·
1458 1061 1491 1095 id
1500 1062 1696 1099 discriminis
1706 1060 1923 1099 &infortunii
1935 1063 2064 1108 delapsa

1126 1111 1194 1152 est,
1221 1122 1258 1144 ut
1280 1112 1311 1146 se
1332 1122 1536 1156 nequaquam
1561 1124 1653 1158 putet
1678 1126 1720 1149 ex
1742 1124 1948 1158 quacumque
1969 1114 2082 1148 causa¹

1127 1161 1367 1205 corripiendum
1386 1186 1397 1202 ,
1423 1163 1480 1205 qui
1502 1164 1533 1197 se
1558 1164 1590 1197 in
1604 1165 1703 1199 tantis
1713 1164 2062 1208 praesumptionibus&

1127 1221 1195 1244 tam
1207 1210 1386 1245 manifestis
1397 1212 1619 1256 impietatibus
1630 1215 1746 1248 recolit
1755 1214 1774 1247 ὲ
1788 1214 1880 1249 nullo
1893 1214 1986 1248 fuisse
1996 1225 2067 1248 cor-

1129 1270 1272 1302 reptum..
1301 1259 1377 1309 Nos
1392 1271 1503 1294 autem
1527 1263 1582 1304 ipsi
1607 1263 1662 1296 diu
1685 1263 1854 1303 filuimus,
1881 1264 1914 1297 ἀ
1940 1264 2068 1297 utinam

1128 1308 1245 1342 animae
1267 1318 1344 1341 meae
1365 1307 1503 1354 nimium
1528 1319 1635 1343 tantas
1646 1309 1914 1355 Chrissiinjurias
1925 1312 2070 1346 dissimu-

1130 1357 1211 1404 lanti
1224 1368 1292 1391 non
1304 1357 1379 1391 esset
1391 1369 1431 1391 ex
1442 1359 1644 1394 conscientia
1657 1359 1837 1395 dicendum
1853 1372 1862 1393 ε
1891 1365 1943 1394 Vae
1956 1360 2031 1394 mihi
2057 1385 2070 1403 ‚

1131 1413 1373 1451 quoniamtaeui-
1404 1409 1541 1443 Fuimus
1565 1411 1723 1452 patientes
1733 1411 1975 1445 cum'Ecclesia
2001 1411 2071 1446 Re·

1132 1469 1227 1492 mana
1239 1481 1250 1498 ‚
1277 1468 1346 1500 quae
1356 1468 1432 1490 eum
1446 1458 1603 1501 tanquim
1616 1459 1792 1494 delicatum
1805 1458 1910 1493 filium
1921 1460 1956 1494 ὅ(
1969 1460 2079 1494 renel-²

1134 1508 1200 1541 lum
1218 1507 1251 1539 in
1263 1506 1365 1540 multa
1378 1508 1628 1542 mansuetudine
1639 1507 1847 1553 supportabat
1860 1535 1871 1551 ,
1899 1519 1936 1544 ut
1946 1509 2068 1553 patieu-

1134 1556 1178 1590 tia
1190 1555 1256 1599 ejus
1270 1555 1417 1591 nobilem
1430 1581 1441 1597 ,
1467 1559 1556 1602 quod
1578 1559 1696 1595 decens
1718 1560 1841 1602 fuerat,
1868 1560 2016 1595 animum
2027 1559 2068 1595 ad

1135 1606 1363 1650 poenitentiam
1384 1617 1589 1650 provocaret.
1622 1609 1768 1645 Utinam
1780 1621 1847 1644 non
1862 1610 2070 1655 semperabu·

1134 1657 1183 1690 sus
1194 1657 1439 1699 essetf-ademta
1453 1658 1562 1700 ejus&
1576 1658 1683 1692 nostra
1693 1682 1701 1691 .
1730 1658 1773 1694 Et
1787 1671 1828 1694 ne
1841 1660 1920 1704 quid
1934 1672 2046 1696 eorum
2058 1685 2070 1701 ,

1133 1718 1202 1750 quae
1211 1705 1351 1751 gerenda
1362 1697 1556 1741 videbantur
1567 1707 1585 1740 ὲ
1599 1707 1695 1740 nobis
1706 1731 1718 1747 ‚
1748 1710 1904 1744 omissum
1924 1709 1990 1744 dici
2005 1711 2071 1754 posz

1135 1756 1171 1789 fit
1181 1781 1190 1795 ‚
1217 1765 1328 1788 coram
1342 1752 1617 1790 Christianiffimo
1636 1756 1732 1803 Rege
1749 1758 1783 1793 δι
1796 1759 2011 1802 optimatibus
2025 1770 2076 1793 to-

1134 1805 1197 1838 tius
1208 1803 1318 1849 Regni
1331 1803 1474 1838 Franciae
1499 1803 1747 1842 humiliavimus
1757 1819 1818 1842 nos
1832 1833 1842 1848 ,
1871 1809 2018 1851 prostrati
2034 1809 2077 1844 ad

1134 1853 1229 1898 pedes
1241 1853 1309 1897 ejus
1328 1878 1340 1895 ,
1365 1855 1493 1889 causam
1519 1866 1623 1890 totam
1635 1868 1705 1900 quae
1724 1858 1810 1891 inter
1831 1868 1890 1892 nos
1904 1859 2038 1895 vertitur
2064 1885 2075 1900 ,

1133 1905 1222 1939 salvo
1245 1903 1373 1938 honore
1393 1905 1484 1945 Dei,
1512 1905 1545 1938 in
1567 1906 1634 1948 ejus
1645 1907 1813 1941 arbitrium
1836 1908 2040 1943 conferentes
2071 1935 2079 1941 .

1136 1954 1184 1988 At
1199 1953 1255 1987 ille
1266 1964 1302 1987 ut
1317 1953 1445 1987 audivit
1462 1953 1598 1989 honoris
1625 1956 1742 1991 Divini
1767 1959 1994 1998 mentionem,
2023 1958 2078 1992 ad-

1135 2002 1242 2036 versus
1254 2003 1479 2037 innocentiam
1494 2005 1635 2040 nostram
1656 2004 1863 2043 vehementer
1873 2008 2051 2043 excanduit
2064 2033 2075 2049 ,

1133 2053 1166 2087 ἀ
1188 2063 1376 2096 proponens
1396 2054 1485 2097 quod
1511 2056 1615 2090 voluit
1639 2082 1650 2097 ,
1677 2059 1791 2101 utique
1813 2070 1880 2092 non
1906 2057 1996 2103 quod
2021 2059 2075 2092 de·

1135 2102 1228 2142 buit,
1255 2103 1434 2146 quoniam,
1461 2114 1497 2138 ut
1512 2105 1667 2149 paceejus
1679 2107 1802 2142 distum
1826 2109 1883 2149 fit,
1910 2120 1958 2142 res
1981 2108 2076 2142 aliter

1137 2153 1167 2186 se
1180 2151 1319 2186 habebat
1342 2178 1352 2193 ,
1389 2154 1422 2186 in
1443 2156 1678 2191 contumeliam
1703 2158 1853 2202 supplicis
1869 2158 2075 2202 implorantis

1137 2202 1390 2236 misericordiam
1402 2226 1412 2241 ,
1439 2204 1472 2238 δι
1484 2215 1560 2240 cum
1573 2207 1665 2241 omni
1686 2207 1866 2243 devotione
1878 2208 2076 2252 obsequium

1136 2251 1301 2285 offerentis
1323 2275 1333 2291 ‚
1360 2252 1480 2286 famam
1519 2256 1660 2290 nostram
1699 2282 1710 2297 ,
1736 2257 1824 2301 quod
1864 2258 1894 2292 ei
1931 2257 2077 2292 remittat

1138 2301 1229 2335 Deus
1264 2325 1275 2341 ,
1302 2310 1338 2334 ut
1362 2311 1422 2334 nos
1464 2301 1503 2335 de
1537 2303 1606 2347 ipso
1624 2306 1699 2340 loco
1726 2308 1820 2341 exilii
1841 2308 2040 2351 perturbaret
2066 2331 2075 2346 ,

1139 2352 1201 2384 suis
1219 2350 1509 2386 adinventionibus
1528 2352 1651 2388 studuit
1675 2366 1809 2391 onerare
1835 2382 1840 2389 .
1871 2357 2075 2392 Audivimus

1138 2401 1251 2435 omnia
1262 2401 1441 2444 patienter,
1466 2403 1626 2445 sperantes
1647 2406 1911 2449 indignationem
1934 2408 2001 2449 ejus
2015 2408 2075 2440 mi-

1139 2450 1309 2496 tigandam
1321 2451 1392 2485 fore
1402 2476 1413 2491 ,
1426 2451 1446 2484 fi
1457 2452 1676 2492 acerbitatem,
1685 2465 1782 2497 quam
1796 2466 1905 2488 mente
1915 2466 2074 2499 concepe-

1140 2511 1198 2541 rat,
1212 2501 1277 2534 sine
1286 2500 1546 2535 contradictione
1558 2502 1683 2544 penitus
1693 2502 1869 2537 effudisset.
1899 2505 2081 2547 presertim

1139 2562 1215 2585 cum
1229 2551 1369 2585 Domini
1383 2550 1474 2593 Papae
1485 2551 1630 2594 majestas
1642 2554 1860 2595 interveniret,
1878 2556 1996 2598 praefati
2010 2554 2075 2590 Re·

1140 2601 1189 2646 gis
1210 2601 1245 2635 δε
1265 2601 1473 2644 optimatum
1495 2600 1639 2635 Franciae
1660 2602 1854 2648 diligentius
1869 2606 2073 2639 intercedens

1139 2650 1255 2685 adesset
1279 2650 1433 2693 presentia
1448 2673 1459 2689 ,
1484 2650 1517 2684 δι
1538 2652 1721 2687 ἷεηᾶἱίῖῑῐηί
1742 2653 1815 2687 Viri
1832 2654 2072 2690 Carthufienses

1139 2702 1172 2736 ἀ
1185 2700 1310 2735 Grandi
1323 2719 1332 2725 -
1342 2699 1499 2733 Montani
1514 2725 1524 2741 ‚
1551 2712 1634 2745 quos
1646 2702 1695 2737 vel
1709 2703 1794 2737 solos
1815 2715 2001 2747 oportuerat
2014 2717 2072 2749 pro

1140 2752 1193 2785 sua
1216 2749 1393 2784 reverentia
1405 2749 1572 2791 exaudiri,
1603 2751 1856 2787 misericordiam
1878 2755 2071 2789 exastiffime

1139 2801 1349 2845 implorarent
1359 2823 1370 2839 ,
1396 2797 1632 2836 denunciantes
1644 2805 1673 2836 ei
1697 2803 1887 2838 familiarius
1898 2806 1931 2839 ἀ
1945 2806 2071 2848 expres-

1139 2851 1197 2885 sius
1235 2874 1245 2890 ‚
1282 2849 1372 2893 quod
1410 2849 1540 2884 oculata
1578 2851 1641 2886 fide
1685 2865 1890 2898 perceperant
1928 2854 2025 2889 nobis
2051 2856 2069 2889 ὲ

1140 2901 1291 2935 Domino
1302 2898 1387 2942 Papa
1401 2899 1580 2935 restitutam
1591 2902 1624 2936 &
1636 2904 1791 2938 collatam
1812 2905 2068 2939 animadverten-

1140 2951 1172 2984 di
1184 2951 1219 2984 in
1233 2961 1307 2983 eum
1319 2972 1328 2988 ‚
1353 2950 1386 2982 ὅ(
1399 2960 1513 2983 terram
1529 2953 1615 2986 suam
1628 2978 1638 2993 ‚
1664 2954 1934 2990 &malefactores
1949 2954 2067 2988 Eccle-

1141 3001 1189 3033 fiae
1215 3000 1391 3043 plenariam
1408 2999 1619 3043 potestatem.
1648 3003 1684 3036 ln
1706 3004 1860 3038 omnibus
1883 3015 1989 3039 tamen
2018 3002 2068 3038 his

1141 3061 1208 3083 non
1222 3048 1267 3083 est
1278 3049 1404 3083 aversus
1415 3061 1531 3085 rancor
1542 3051 1607 3093 ejus
1619 3078 1629 3093 ‚
1652 3052 1704 3086 sed
1717 3054 1814 3098 usque
1828 3056 1860 3088 in
1875 3053 2069 3089 hodiernum

1140 3099 1225 3134 diem
1238 3109 1404 3142 permanet
1416 3111 1530 3134 manus
1542 3102 1609 3144 ejus
1621 3113 1753 3138 extenta
1763 3129 1774 3145 ,
1801 3106 1877 3138 &in
1891 3104 2068 3148 depopula-

1138 3150 1265 3184 tionem
1292 3149 1438 3184 Eccleliae
1461 3151 1619 3185 crudescit
1631 3153 1785 3196 amplius.
1812 3154 1872 3188 Sed
1887 3166 1944 3188 nec
1963 3153 2064 3195 ipsum

1140 3199 1217 3234 latet
1229 3224 1240 3239 ‚
1265 3198 1354 3243 quod
1368 3200 1462 3234 nobis
1472 3201 1613 3244 potestas
1625 3203 1767 3238 restituta
1779 3204 1823 3238 est
1838 3228 1849 3244 ,
1860 3215 1932 3238 cum
1947 3201 2011 3235 hoc
2025 3212 2067 3235 ex

1139 3250 1253 3284 litteris
1272 3249 1474 3293 Apostolicis
1487 3274 1497 3288 ,
1523 3261 1602 3293 quas
1624 3252 1656 3285 in
1684 3252 1824 3287 secundo
1843 3251 2011 3295 colloquio
2022 3261 2069 3285 re-

1139 3301 1247 3343 cepit,
1271 3300 1441 3333 certissime
1479 3309 1605 3335 teneat.
1633 3301 1758 3336 Vert'im
1795 3302 1939 3345 praeterea
1962 3323 1973 3339 ,
1998 3312 2068 3344 quae

1140 3350 1352 3384 continentur
1365 3349 1396 3381 in
1413 3348 1475 3382 illis
1488 3350 1604 3384 litteris
1623 3376 1633 3391 ,
1660 3352 1756 3386 nobis
1768 3352 1830 3384 alia
1844 3351 1972 3385 indulta
1984 3351 2068 3390 su-nt,

1140 3399 1257 3444 quibus
1271 3423 1282 3438 ‚
1309 3398 1447 3433 authore
1459 3399 1534 3434 Deo
1546 3425 1556 3441 ,
1584 3411 1710 3434 utemur
1732 3410 1844 3434 contra
1857 3412 1931 3435 eum
1943 3402 1976 3434 ἀ
1988 3401 2070 3434 alios

1142 3449 1280 3491 Ecclesie
1293 3449 1512 3492 persecutores
1522 3475 1533 3492 ‚
1549 3450 1608 3482 nifi
1623 3450 1652 3483 ei
1667 3448 1837 3485 reddiderit
1847 3461 1968 3495 pacem.
1984 3451 2023 3483 Et
2034 3460 2070 3482 ea

1551 3498 1582 3532 A
1595 3510 1612 3533 a
1665 3510 1684 3547 3
1885 3498 2016 3545 quidem
