2358 3776
317 111 358 156 s.
429 103 806 153 THoMAE
875 98 1818 169 CANTUAsRgIENS'IS,
1924 124 2017 163 91„

118 204 225 239 aum,
249 190 384 239 &quod
400 191 476 228 inde
489 190 657 231 feceritis,
681 187 789 224 fidelis
803 183 1078 221 Amiciauribus·
1119 199 1227 227 autem
1248 187 1375 225 effectui
1407 187 1584 231 mancipari
1606 191 1782 232 permiserit
1809 193 2082 235 Deusdefideria,

122 261 190 288 Μ,
199 246 327 285 celetis.
1122 239 1246 280 vestra,
1285 248 1440 282 quantam
1460 237 1546 273 mihi
1571 238 1663 273 Deus
1682 245 1830 280 annuerit
1853 271 1864 287 ,
1899 245 2063 282 cautelam
2080 241 2084 276 ἶ

149 289 152 291 ’
1121 287 1286 326 adhibebo
1299 313 1311 330 ,
1336 298 1372 324 ut
1383 287 1425 324 ad
1436 300 1496 326 vos
1513 289 1765 328 transferantur.
1792 291 1893 329 Porro
1903 294 1944 331 de
1962 296 2085 340 confi·-

1124 341 1170 376 lio
1191 339 1335 375 Domini
1359 339 1458 383 Papae
1469 339 1537 378 est,
1562 348 1598 373 ut
1618 339 1639 372 fi
1663 338 1738 373 Rex
1758 340 1897 379 Franeiae
1920 338 2083 385 virtualia'

1124 392 1177 426 sua
1209 389 1301 424 vobis
1320 386 1455 423 honeste
1473 389 1629 425 obtulerit
1643 414 1653 430 ,
1689 389 1850 432 recipiatis
1872 403 1941 428 non
1961 394 2087 431 solumv

1122 440 1286 486 panem&
1308 440 1443 481 vinum,
1469 440 1524 474 sed
1545 440 1646 477 etiam
1666 450 1802 477 carnes.-
1829 438 1862 474 A
1883 440 1983 476 tribus
2003 446 2085 478 Co·¹

1126 490 1259 525 mitibus
1280 488 1322 524 ad
1338 490 1499 526 cautelam
1522 488 1609 523 nibil
1641 489 1747 533 palam
1770 488 1998 534 accipiendum
2018 503 2071 534 pu-

1126 551 1193 576 tat.
1221 542 1254 575 A
1285 540 1554 578 Comireautem
1575 539 1764 574 Flandrensi
1787 541 1952 584 optimum
1974 540 2077 575 credit

1127 591 1240 626 oblata
1259 591 1420 634 recipere:
1448 590 1481 624 Si
1498 599 1609 626 tamen
1623 590 1739 624 litteris
1751 589 1815 624 suis
1829 602 1889 625 vos
1912 589 2076 625 vocaverit

1129 643 1163 677 &
1187 640 1394 681 invitaverit,
1421 639 1462 675 ηὲ
1473 639 1554 683 quid
1566 639 1731 684 pallietur.
1761 639 1863 686 Qod
1877 651 1986 677 tamen
2001 640 2077 673 Do-

1131 692 1238 726 minus
1261 690 1348 734 Papa
1370 702 1440 725 non
1458 689 1561 733 potest
1593 689 1692 724 vereri
1725 700 1854 733 propter
1885 690 2083 735 generosita-

1132 741 1242 777 tem&
1255 740 1378 775 bonam
1399 740 1545 775 indolem
1570 738 1715 775 bominis
1735 739 1847 781 illius,
1872 740 1964 784 cujus
1987 740 2082 774 inter·

1133 792 1310 828 ceffionem
1332 789 1426 824 vobis
1446 791 1648 835 profuturam
1670 791 1793 835 sperat.
1822 790 1942 834 Valeat
1965 789 2084 825 Domi-

1135 853 1196 878 nus
1207 850 1299 877 meus
1309 841 1346 876 in
1369 851 1581 885 perpetuum.

275 326 680 380 EprsToLA
759 334 936 370 ‘xmx

153 448 323 491 Alexander·
336 449 423 491 Papa
432 442 550 485 Thamae
563 433 775 489 Cantuarlc'nfi
780 421 1036 480 Archi-Eplfiopo.

234 547 346 586 UOD
371 543 485 578 Minor
503 538 667 582 Maiorem
688 535 828 580 judicare
850 544 919 568 non
933 534 1028 578 possit
1052 557 1064 575 ,

259 600 292 634 δε
303 605 376 638 eum
387 589 619 639 praesertimscui
631 587 699 631 jure
707 586 852 621 noscitur
862 583 1065 619 Praelationis

262 636 399 684 sube'ss‘e,
425 641 459 676 &
480 639 673 675 obedientiae
694 635 828 670 vinculo
863 643 991 669 tenetur
1013 634 1068 669 ad-

132 706 252 740 stfiaus
263 723 275 740 ‚
299 706 365 735 tam
377 693 508 734 Divina
519 690 617 734 quam
638 685 789 722 humanae
808 685 912 730 Leges
933 685 1066 740 demon.-

133 756 251 790 flrant.
280 747 323 781 Et
344 740 498 794 praecipue
517 741 695 782 sanctorum
718 737 852 770 Patrum
874 735 1012 769 Starutis
1033 732 1067 767 id

133 792 536 840 manifestiusdeclar'arur.
564 788 644 822 Haec
654 786 809 830 siquidem
821 797 902 825 nos,
929 794 1070 828 quorum

132 850 264 889 interest
297 853 398 884 errata
416 842 596 885 corrigere,
620 838 655 873 &
674 848 710 872 ea
722 837 979 881 quaeincorrersta
996 845 1071 891 per-

132 902 296 939 niciosum
306 893 448 930 Posteris
465 888 652 934 exemplum
663 887 905 931 relinquerent,
933 885 1072 921 sollicita

132 946 395 989 consideratione
403 943 573 988 pensantes
584 963 594 979 ‚
621 927 825 972 attendentes
834 936 954 976 etiam,
981 933 1072 991 quod

130 1015 174 1040 αι
193 990 311 1036 ἁείἰέὶο
324 995 464 1039 personae
484 986 660 1026 uondebet
675 987 818 1022 Ecclesia
837 986 992 1029 jacturam
1016 985 1073 1019 alr-

130 1063 233 1099 quam
256 1048 309 1087 vel
326 1040 577 1085 incommodum
602 1037 776 1080 sustinere,
828 1036 1022 1071 sententiam
1033 1032 1075 1091 ab

135 1103 308 1146 Episcopis
332 1098 366 1131 &
391 1091 572 1135 Batonibus
593 1087 723 1133 Angliae
737 1112 748 1128 ,
772 1087 931 1131 quoniam
954 1085 995 1142 ati
1016 1096 1076 1142 prr·

138 1162 229 1188 mam
259 1148 362 1193 Regis
386 1143 578 1180 citationem
608 1139 657 1172 tui
678 1138 809 1182 copiam
839 1147 908 1171 non
932 1134 1037 1190 fecisti
1063 1157 1075 1190 3

137 1199 307 1237 adversum
328 1208 360 1231 te
382 1187 629 1237 praesumptuosc
651 1189 831 1231 prolatam,
868 1186 902 1220 in
925 1195 989 1229 qua
1012 1183 1076 1218 trbr

135 1252 200 1297 jam
218 1249 296 1283 disti
322 1242 475 1289 Episcopi
500 1241 532 1274 δι
557 1239 703 1273 Barones
727 1236 840 1271 omnia
862 1234 1000 1269 mobilia
1021 1242 1077 1270 tua

136 1311 206 1338 tam
227 1305 342 1333 contra
359 1292 444 1340 Juris
468 1291 609 1336 formam
630 1310 642 1327 ,
667 1285 766 1330 quam
785 1295 901 1320 contra
924 1283 1077 1318 Ecclesia-

135 1351 249 1387 sticam
261 1341 532 1382 consuetudinem
552 1337 797 1381 abjudicarunt,
822 1335 991 1379 praesertim
1002 1332 1078 1368 cum

136 1400 230 1437 nulla
241 1396 376 1433 mobilia
396 1389 601 1436 paterquam
611 1387 653 1422 de
672 1385 769 1421 bonis
794 1385 942 1421 Ecclesiae
955 1382 1078 1418 tuaeha-

138 1450 270 1489 bueris,
298 1446 425 1486 irritam⁴
435 1439 563 1487 penitus
572 1438 635 1473 effe
645 1436 832 1477 censemus,
859 1435 977 1470 &eam
991 1434 1079 1478 Apo·

140 1500 255 1535 stolica
286 1487 485 1533 authoritate
509 1488 688 1528 cassamus,
713 1487 891 1525 statuentes
915 1495 951 1520 ut
973 1484 1079 1519 nullas

76 1582 79 1584 ,
140 1547 339 1594 inposterum
352 1545 434 1583 vires
454 1540 625 1579 obtineat,
650 1547 706 1572 aut
729 1535 788 1570 tibi
813 1535 863 1569 vel
884 1535 1082 1589 Successor-i-

139 1598 205 1636 bus
226 1597 292 1632 tuis
313 1620 324 1636 ,
351 1596 404 1629 seu
428 1591 575 1637 Ecclesxq
596 1600 659 1622 tuae
677 1585 910 1631 gubernationi
930 1583 1084 1618 commis·

141 1652 204 1689 sae,
230 1639 578 1690 aliquodinposterum
591 1637 694 1671 valeat
714 1632 1016 1680 praejudicium-vel
1036 1632 1085 1669 lae-

144 1700 269 1734 fioriem
289 1694 417 1730 afferre.

343 1761 760 1823 EprsToLA’
848 1778 888 1814 n

1313 939 1725 976 EPISTOLA
1826 925 1893 975 m.

1291 1039 1412 1075 Thomae
1432 1039 1645 1083 Cantuarlenfi
1664 1040 1754 1077 Archi
1765 1059 1774 1067 -
1785 1039 1934 1085 Episcopo
1948 1081 1951 1083 ,

1348 1100 1349 1103 ’
1464 1095 1535 1124 otro
1556 1093 1734 1127 cardinalis
1748 1115 1756 1125 .

1203 1190 1527 1226 IGNlFICAMUS
1565 1191 1657 1224 vobis
1693 1191 1883 1228 Dominum
1930 1190 2053 1232 Papam
2082 1212 2097 1228 ,

1232 1241 1366 1275 Curiam
1389 1251 1516 1280 totam,
1542 1240 1577 1274 &
1599 1251 1659 1275 nos
1681 1242 1763 1275 bene
1788 1253 1843 1285 per
1867 1240 1934 1274 Dei
1957 1239 2097 1285 gratiam

1145 1292 1268 1326 valere.
1296 1290 1426 1328 Litterae
1447 1300 1550 1333 nuper
1572 1300 1730 1324 venerunt
1763 1291 1805 1324 ad
1828 1291 1964 1326 Curiam
1986 1289 2027 1322 de
2050 1289 2099 1332 Ja-

1147 1353 1228 1376 nua.
1256 1340 1386 1377 Dicunt
1407 1339 1485 1384 quia
1508 1338 1624 1374 Guido
1647 1340 1830 1375 Cremenfis
1854 1339 1931 1373 Pisis
1952 1349 2100 1383 receptus

1146 1392 1191 1427 est
1206 1419 1213 1424 .
1240 1389 1344 1425 Archi
1361 1390 1560 1433 -Episcopus
1572 1390 1695 1424 receffit
1707 1415 1719 1431 ‚
1746 1390 1864 1425 clerus
1875 1389 2025 1435 aufugit,
2053 1400 2102 1423 to-

1148 1452 1198 1479 tus
1219 1440 1365 1483 Populus
1386 1440 1488 1483 ipsum
1511 1439 1705 1474 Gnidonem
1728 1440 1914 1476 contemnit
1938 1465 1944 1471 .
1982 1439 2103 1473 Domi-

1150 1503 1209 1525 nus
1228 1490 1317 1534 Papa
1328 1490 1536 1532 mandaverat
1548 1491 1658 1533 Januae
1669 1502 1728 1533 pro
1740 1490 1870 1524 Galeis.
1902 1490 1944 1522 Et
1966 1490 2101 1534 quidem

1150 1541 1324 1584 januenses¹
1344 1539 1399 1583 ipfi
1412 1539 1524 1577 fideles
1544 1540 1577 1573 &
1597 1539 1710 1573 devoti
1737 1541 1808 1577 sunt
1833 1539 1988 1573 Domino
2011 1538 2104 1581 Papae

1150 1592 1183 1624 &
1210 1589 1337 1624 Curiae.
1365 1589 1427 1624 Sed
1445 1589 1522 1632 quia
1546 1590 1706 1632 putant&
1728 1590 1844 1623 timent
1869 1589 2103 1633 Imperatorem

1152 1651 1229 1679 cum
1242 1638 1369 1672 Pisanis
1379 1648 1438 1683 pro
1457 1639 1646 1681 receptione
1665 1638 1836 1681 Gnidonis
1846 1639 2109 1683 Cremensismay

1153 1699 1235 1733 gnas
1257 1687 1498 1725 conventiones
1517 1686 1552 1721 δι
1576 1686 1804 1728 promiffiones
1829 1689 1938 1731 fecisse
1961 1711 1971 1726 ,
2008 1687 2111 1723 dubi·-

1154 1745 1223 1777 tant
1245 1733 1371 1775 adbuc·
1399 1732 1530 1777 Unde,
1558 1734 1649 1777 quod
1672 1735 1766 1774 vobis
1788 1736 1846 1774 soli
1871 1737 2071 1772 confitemur
2098 1762 2109 1777 ‚

1154 1784 1219 1820 hoc
1241 1795 1282 1820 ex
1293 1784 1411 1819 litteris
1423 1784 1672 1829 perpendimus,
1699 1784 1788 1829 quud
1812 1786 1836 1825 fi
1857 1787 2008 1830 civitates
2020 1787 2110 1833 Lot-r,

1155 1834 1323 1881 gobardiae
1343 1833 1572 1878 confoederatae
1588 1836 1710 1875 fuerint
1721 1846 1838 1874 contra
1862 1837 2111 1883 imperatorem,

1153 1887 1190 1930 ᾇ
1211 1885 1331 1929 Galeas
1349 1885 1383 1919 δι
1404 1884 1468 1926 alia
1479 1884 1631 1931 obsequia
1655 1884 1876 1928 exhibebunt;
1908 1889 1953 1932 sin
1978 1899 2112 1932 autem,

1158 1934 1320 1979 subsistere
1358 1934 1529 1978 videntur.
1564 1934 1893 1982 Confoederationem
1915 1946 2026 1982 autem
2045 1962 2057 1982 ,
2086 1938 2110 1974 fi

1132 2002 1134 2014 τ
1157 1986 1265 2029 futura
1287 1983 1334 2018 est
1357 2008 1368 2024 ,
1406 1986 1441 2017 in
1462 1985 1616 2029 proximo
1634 1985 1805 2029 audiemus
1827 2011 1834 2018 .
1869 1987 2001 2030 Elestus
2033 1986 2111 2032 Mo-

1157 2035 1338 2079 guntinus,
1364 2033 1421 2074 qui
1434 2045 1535 2079 nuper
1558 2034 1681 2070 recellit
1701 2035 1886 2079 aDomino
1896 2036 1984 2080 Papa
1996 2038 2030 2080 ᾴ
2043 2036 2111 2075 Cu-

1158 2086 1226 2127 ria,
1255 2083 1430 2127 Nuncium
1451 2082 1621 2119 Guidonis
1643 2084 1683 2121 ad
1707 2086 1739 2128 se
1759 2086 1945 2128 venientem
1968 2086 2009 2121 de
2030 2096 2112 2131 terra

1159 2136 1213 2179 sua
1234 2133 1353 2180 ejecit,
1379 2133 1413 2166 ἃ
1433 2135 1656 2178 comminatus
1678 2135 1723 2169 est
1751 2137 1779 2170 ei
1793 2161 1805 2181 ³,
1832 2136 1923 2180 quod
1942 2137 1963 2170 si
1983 2137 2047 2180 ipse
2058 2136 2110 2177 vel

1157 2184 1240 2218 alius
1257 2182 1408 2217 Nuncius
1431 2196 1472 2218 ex
1490 2194 1578 2229 parte
1609 2182 1898 2229 schismaticorum
1914 2187 1954 2227 ad
1979 2189 2010 2221 se
2022 2187 2110 2221 ulter

1159 2233 1225 2268 rius
1247 2233 1429 2277 perveniret
1448 2258 1460 2274 ,
1496 2233 1527 2267 ei
1547 2234 1665 2277 oculos
1685 2236 1754 2271 erui
1787 2237 1909 2273 faceret
1932 2262 1939 2268 .
1974 2236 2111 2282 Nomen

1159 2283 1301 2319 Domini
1319 2282 1411 2327 Papae
1435 2283 1606 2318 manifeste
1626 2284 1796 2328 praedicat.
1824 2288 1905 2331 Hoc
1925 2288 2023 2322 novit
2047 2288 2112 2320 lm-

1160 2342 1306 2378 perator‚
1333 2333 1366 2367 &
1383 2332 1527 2368 multum
1545 2334 1656 2369 dolet.
1686 2336 1730 2371 Et
1755 2337 1842 2379 quasi
1868 2348 1993 2375 certum
2015 2336 2111 2373 habe·

1159 2395 1211 2419 tur
1230 2385 1264 2418 in
1288 2393 1395 2424 terra,
1421 2383 1511 2429 quod
1522 2383 1684 2427 praedictus
1706 2385 1930 2431 Moguntinus
1949 2387 1990 2422 ad
2015 2387 2113 2431 pedes

1159 2434 1301 2469 Domini
1321 2432 1418 2480 Papae
1440 2435 1619 2477 accesserit.
1650 2433 1767 2468 Eidem
1793 2436 2005 2479 Moguntino
2030 2448 2112 2481 con-

1159 2484 1295 2520 cordant
1315 2496 1371 2528 per
1389 2486 1503 2520 omnia
1525 2483 1750 2523 Treverenfis,
1786 2485 1820 2526 ὃς
1841 2485 2110 2530 salisburgensis,

1159 2535 1193 2578 dr
1212 2534 1278 2570 fere
1297 2535 1415 2578 reliqui
1437 2534 1606 2578 Principes
1626 2544 1764 2581 omnes,
1790 2534 1871 2569 licut
1896 2535 2015 2571 dicunt
2038 2545 2108 2572 tam

1161 2585 1332 2625 Saeculares
1352 2583 1450 2629 quam
1473 2583 1691 2619 Ecclefiastici
1716 2607 1728 2627 ‚
1762 2594 1903 2629 excepto
1934 2586 2111 2630 Imperato-

1162 2647 1214 2676 re,
1241 2635 1276 2669 &
1297 2633 1513 2673 Coloniensi,
1540 2634 1574 2667 δι
1587 2633 1684 2668 Duce
1706 2633 1857 2669 Saxoniae
1870 2659 1877 2667 .
1906 2635 2110 2680 Magdebur-

1162 2685 1266 2731 gensis
1302 2695 1402 2727 nuper
1433 2682 1528 2718 rediit
1550 2683 1591 2718 de
1610 2683 1868 2728 Hierosolyma,
1903 2686 1938 2721 δε
1959 2696 2071 2730 captus
2093 2685 2112 2718 a

1163 2736 1328 2770 Saracenis
1353 2732 1442 2767 vovit
1466 2758 1478 2774 ,
1516 2732 1630 2777 quod,
1654 2734 1677 2768 fi
1700 2733 1886 2770 liberaretur
1912 2761 1923 2777 ,
1958 2736 2110 2770 Domino

1164 2785 1259 2829 Papae
1279 2783 1449 2820 manifeste
1457 2782 1630 2818 adhaereret
1641 2809 1648 2817 .
1679 2784 1722 2826 Et
1745 2784 1789 2818 ita
1804 2785 1971 2820 manifeste
1985 2786 2064 2821 facit
2078 2809 2085 2817 .

141 1865 266 1935 iham
282 1883 493 1928 eantumenfi
499 1881 589 1925 Archi
604 1898 621 1905 —
630 1877 776 1924 Episcopo
790 1888 925 1918 Herm-us
946 1878 1087 1917 Clericus.

226 1989 330 2028 xTA
359 1971 504 2023 tenorem
526 1982 725 2017 Litterarum
749 1979 925 2020 vestrarum
940 2002 952 2020 ,
992 1979 1088 2015 secte,-

144 1993 271 2108 J'iius
289 2039 453 2083 Scriptum
475 2029 689 2068 Profeffionis
709 2056 719 2072 ,
757 2029 842 2065 illud
872 2028 1022 2063 distincte
1046 2027 1088 2062 le-

207 2091 342 2139 gendo,
366 2087 519 2124 Domino
538 2078 771 2126 Papaeostendi
787 2104 798 2121 ,
826 2079 920 2120 nullo
932 2077 1089 2113 Cardina-

147 2145 232 2179 lium
254 2149 363 2186 praeter
383 2136 573 2174 Dominum
596 2132 808 2166 Mansredum
833 2130 983 2174 praesente
1005 2152 1017 2169 ‚
1054 2128 1090 2166 in

145 2193 302 2238 hospitiis
321 2198 432 2228 autem
464 2186 528 2219 suis
557 2183 710 2218 Domino
730 2179 871 2221 Ostiensi
891 2203 904 2220 ,
929 2177 1091 2229 'Do-mino

150 2240 352 2287 Hyacinthe
363 2262 374 2279 ,
401 2238 434 2279 ὅ(
444 2235 568 2272 ottoni
580 2257 591 2274 ,
617 2233 651 2275 ὄρ
661 2231 761 2266 etiam
772 2230 925 2266 Domino
934 2229 1091 2263 Portuen-

150 2294 172 2327 si
183 2316 195 2332 ,
218 2292 273 2326 cui
284 2287 418 2334 negotia
430 2284 532 2319 vestra
544 2283 585 2317 de
597 2281 732 2317 consilio
747 2281 781 2315 ἀ
802 2279 964 2319 Mandato
974 2278 1091 2312 Domi-

150 2343 187 2377 ni
207 2341 301 2384 Papae
311 2335 552 2373 communicata
575 2333 670 2371 sunt,
697 2330 785 2365 idem
808 2329 972 2376 Scriptum
994 2339 1093 2371 expo·

149 2392 214 2427 sui.
247 2387 349 2437 Qiod
370 2394 482 2421 autem
498 2381 583 2417 circa
606 2380 740 2425 negotia
761 2379 865 2414 vestra
879 2403 890 2421 ,
918 2390 987 2423 quae
1009 2378 1093 2412 forsi-

149 2453 207 2477 tan
229 2441 295 2484 jam
317 2436 440 2482 peraeta
463 2431 642 2468 credebatis
662 2455 674 2471 ,
715 2432 895 2474 presentem
918 2427 1091 2464 Nuncium

151 2491 248 2526 vobis
267 2482 582 2524 mitrideiiderastis‚
611 2480 714 2515 mode>
728 2481 762 2515 id
774 2481 843 2515 fieri
867 2491 935 2514 non
952 2479 1060 2524 pqt'uit
1084 2500 1095 2517 ,

154 2544 232 2586 quia
251 2538 402 2573 nondum
420 2535 475 2568 illa
486 2532 635 2567 obtinere
647 2531 756 2576 potui.
782 2530 864 2565 Non
878 2530 954 2570 quia
978 2528 1110 2574 Domi·v

153 2602 216 2626 nus
237 2589 325 2633 Papa
349 2586 400 2620 vel
412 2582 509 2618 amici
519 2582 610 2615 vestri
630 2580 821 2615 Cardinales
842 2580 876 2614 in
888 2580 957 2614 ullo
969 2581 1026 2614 sea
1040 2578 1094 2612 bo-

154 2653 202 2677 nae
211 2634 431 2685 promiffionis
454 2631 679 2678 prosecutione
699 2629 885 2671 retrahant,
921 2630 972 2663 vel
995 2628 1096 2673 negli-

154 2691 319 2737 gentiores
342 2689 373 2721 se
391 2683 582 2721 ostendant,
609 2682 734 2714 servent
755 2683 844 2714 enim
865 2679 899 2714 in
921 2679 1097 2714 dilectione

159 2740 275 2779 vestri,
294 2739 327 2773 &
347 2735 436 2781 quod
456 2732 538 2767 bene
559 2730 747 2774 promiserat
771 2754 783 2771 ,
821 2729 988 2764 Dominus
1010 2728 1098 2772 Papa

151 2790 269 2825 melius
280 2789 310 2823 se
333 2794 547 2821 executurum
568 2780 706 2823 adjecit3
733 2780 787 2814 sed
809 2779 884 2823 quia
907 2778 941 2813 in
963 2779 1100 2814 circum·

158 2838 358 2876 ventione&
378 2835 571 2871 attractione
594 2830 734 2865 Domini
757 2827 965 2871 Portuenfis,
990 2828 1100 2865 solerti

159 2890 306 2925 adhibita
327 2886 474 2925 cautela,
498 2881 635 2917 &omni
649 2880 922 2924 importunitate,
950 2889 986 2915 ut
1007 2891 1102 2924 opor-

160 2940 247 2980 tuit,
270 2938 398 2973 exclusa
412 2961 422 2977 ,
447 2933 636 2978 quindecim
649 2931 774 2964 dierum
787 2940 918 2973 operam
942 2930 1102 2974 impendi,

117 2999 123 3006 ‘
162 2987 270 3024 &hoc
291 2987 403 3025 effeci,
429 2995 464 3019 ut
488 2984 552 3027 ipse
574 2982 693 3026 primus
715 2981 799 3014 inter
823 2979 962 3014 Amicos
984 2980 1104 3014 vestros

163 3038 250 3082 apud
270 3036 403 3070 Clarum
425 3035 582 3069 Mentem
611 3033 703 3075 super
741 3029 954 3074 petitionibus
988 3018 1125 3064 nostris!

163 3089 353 3123 Dominum
372 3085 494 3128 Papam
518 3082 736 3126 interpellaret
756 3105 762 3112 .
801 3081 969 3115 Dominus
994 3091 1104 3115 autem
1122 3063 1125 3103 Ι

163 3139 252 3181 Papa
274 3132 478 3170 deindustria
491 3134 650 3171 Paterna,
677 3141 713 3164 ut
736 3131 837 3174 ipsum
862 3130 1018 3174 praecipue
1029 3130 1106 3164 Por-

166 3188 312 3222 tuensem
328 3209 338 3224 ,
366 3184 400 3218 &
417 3182 497 3217 alios
516 3184 616 3217 etiarn
638 3181 680 3217 ad
701 3180 889 3215 instantiam
914 3190 1068 3225 provocet
1095 3195 1128 3236 ,ὴ
1290 3186 1387 3219 stram
1431 3183 1610 3228 infignibu3
1642 3185 1770 3227 virtum
1805 3187 1908 3230 magis
1944 3183 2118 3220 fflustravit

165 3248 297 3281 gravem
321 3260 331 3276 ,
368 3233 484 3267 durum
506 3255 517 3272 ,
551 3233 585 3272 δι
606 3230 692 3276 quasi
715 3243 783 3266 non
806 3230 880 3266 satis
908 3230 1128 3265 exorabileml
1173 3236 1269 3280 quam
1290 3235 1436 3280 generis:
1475 3236 1618 3278 &quam
1646 3237 1805 3280 sanguine
1829 3233 2033 3275 clariffimam
2056 3247 2119 3272 ex-

164 3287 198 3321 se
219 3286 319 3329 prima
341 3285 424 3319 facie
448 3281 630 3325 praetendit.
659 3282 701 3314 Et
724 3280 791 3315 haec
814 3281 859 3316 est
882 3270 1129 3325 protelationis}
1173 3286 1251 3321 tulit
1273 3285 1307 3321 in
1329 3284 1419 3318 Orbe
1436 3284 1616 3325 Romano,
1644 3285 1741 3320 bonis
1769 3283 1921 3327 operibus
1943 3284 2119 3328 clarificare

166 3336 260 3370 causa
281 3359 292 3376 ,
329 3344 383 3377 per
404 3330 658 3366 misericordiam
681 3331 744 3364 Dei
780 3330 876 3366 nobis
899 3330 1107 3374 imposterum
1176 3347 1244 3370 000
1265 3333 1422 3375 definigin
1445 3334 1595 3372 Mundo,
1623 3335 1713 3370 Nam
1734 3334 1775 3368 ab
1795 3334 1933 3372 0550„oe
1957 3335 1992 3369 jn
2015 3336 2118 3377 occi„

168 3386 353 3432 profutura.
382 3380 566 3417 Plurimum
577 3390 685 3415 autem
706 3380 809 3424 placet
830 3380 995 3423 Ostiensi,
1019 3380 1108 3423 quod
1175 3386 1307 3420 dentem
1329 3393 1488 3428 magnum
1507 3386 1553 3419 est
1579 3396 1700 3418 nomen
1726 3382 1864 3417 vestrum
1888 3383 1923 3417 in
1948 3385 2100 3418 Domino
2116 3409 2126 3424 ,

166 3437 264 3471 talem
302 3432 491 3468 industriam
520 3427 652 3466 adhibet
675 3430 841 3465 Dominus
861 3431 949 3475 Papa
971 3455 979 3464 .
1023 3431 1110 3465 Cum
1178 3437 1210 3474 ὅ(
1228 3435 1451 3477 eleemosynas
1473 3434 1588 3470 vestus
1612 3443 1788 3475 emanant
1821 3433 1972 3472 Ecdefiae
1994 3434 2129 3476 320530,

1975 3494 2048 3518 l‘um
2059 3507 2066 3517 ·

1345 2883 1756 2919 EPISTOLA
1859 2887 1954 2922 Lu.

1293 2983 1420 3022 Thomas
1448 2981 1669 3024 cantuariensis
1697 2984 1805 3021 Archi·
1818 2984 1979 3030 Episcopus

1454 3034 1600 3067 Marbrldt
1622 3039 1829 3078 Imperatrici.

1267 3133 1448 3175 RATIAS
1475 3134 1603 3179 agimus
1621 3135 1719 3175 Deo,
1748 3137 1804 3179 qui
1827 3135 2049 3171 Nobilitatem
2063 3145 2114 3171 ve*
