2358 3776
344 130 436 180 92*

283 222 376 247 ιιιιιι.
402 208 564 259 Qamvis
582 209 670 244 enim
682 209 759 257 Deo
771 206 949 254 plurimum
973 208 1123 252 placeant
1153 206 1227 240 sub*

283 262 360 296 sidia
383 261 611 304 temporalium
639 284 650 300 ,
685 271 755 303 quae
777 259 806 293 ei
827 258 971 305 erogatis
1006 259 1040 290 in
1075 257 1229 291 membris

282 311 368 351 suis,
396 310 546 346 ciramea
559 310 669 345 minus
690 310 815 354 placere
835 318 904 341 non
922 307 1087 340 credimus
1112 307 1229 340 sollici-

281 361 432 396 tudinem
469 361 556 404 pacis
575 359 785 394 &libertatis
821 356 1050 390 Ecclefiasticae
1069 379 1080 396 ,
1133 368 1228 400 quarn

278 419 396 450 tanto,
423 421 458 445 ut
484 410 572 445 fama
596 410 664 448 est,
690 407 802 441 zelatis
823 405 957 445 affectu,
984 416 1018 439 ut
1041 417 1115 439 cum
1143 408 1228 450 Apo-

280 460 367 494 stolo
389 458 496 495 dicere
522 459 681 493 valeatis·
710 460 792 501 ,Quis
814 455 1009 498 infirmatur,
1034 457 1068 488 (5
1089 466 1137 498 ego
1174 468 1229 488 non

279 510 434 552 infirmor?
462 513 542 557 ,Quis
562 506 810 551 scandalizatur,
838 508 931 549 &ego
951 515 1009 536 non
1031 507 1124 537 uror?
1152 505 1225 539 Un-

279 558 320 593 de
345 570 406 593 nos
421 584 431 600 ,
458 561 514 604 qui
536 560 661 596 ratione
684 556 898 591 humanitatis
920 554 1117 589 &beneficii
1133 555 1224 588 vestri

274 609 394 644 merito
419 610 513 643 vobis
531 608 696 643 obnoxios
718 609 780 642 esse
815 604 1009 644 recolimus,
1049 616 1109 648 ΡῐΟ
1130 604 1227 639 saluoe

277 658 403 700 vestra,
429 659 462 693 &
486 659 547 692 filii
570 659 659 692 vestri
681 658 807 702 gloria,
844 654 1017 697 temporali
1052 655 1170 698 pariter
1190 666 1226 689 ac

274 720 414 750 aterna,
441 708 483 743 de
508 719 586 751 pace
607 707 752 742 Ecclesiae
784 703 969 738 fiducialius
1005 704 1171 746 loquimur
1193 705 1224 738 in

278 759 411 809 auribus
439 758 550 796 vestris
566 783 576 799 ‚
614 767 765 803 rogantes
785 753 963 794 attentius,
1001 754 1033 788 ἀ
1054 754 1226 789 obsecran-

275 819 323 843 tes
338 821 371 842 ιιι
396 809 574 849 Domino,
601 807 761 852 quatenus
789 815 865 838 eum
888 803 1083 849 diligentius
1111 816 1227 839 conve-

274 858 394 899 niatis,
423 868 458 892 ut
480 870 516 892 ea
540 857 726 892 devotionis
745 854 917 888 sedulitate
940 865 1054 898 pacem
1077 865 1227 899 procuret

273 907 447 948 Ecclesiae,
473 919 536 951 qua
560 908 636 947 fibi,
679 903 856 939 haeredibus
877 904 942 938 suis
958 928 969 944 ,
995 905 1028 939 δε
1051 906 1143 939 terris
1164 905 1226 938 suis

272 968 329 1000 per
353 958 465 991 merita
485 960 674 993 Sanctorum
692 965 802 997 pacem
827 953 1056 989 Deidefiderat
1077 966 1226 999 procura-

274 1007 321 1040 ri,
350 1007 437 1041 Nam
460 1006 548 1041 unde
581 1005 763 1050 plurimum
785 1003 1040 1046 contristamur,
1080 1005 1222 1049 divulga-

272 1066 344 1089 tum
356 1057 401 1089 est
416 1056 458 1089 ab
480 1057 618 1089 Oriente
631 1055 729 1098 usque
744 1054 776 1087 in
790 1053 1012 1089 Occidentem
1025 1069 1042 1095 ,>
1062 1054 1151 1098 quod
1167 1055 1223 1088 Ec·

267 1105 378 1139 clesias
392 1105 502 1148 Regni
516 1106 560 1137 sui
574 1104 826 1139 intolerabiliter
846 1103 988 1149 affligit,
1015 1105 1047 1138 ἃ
1062 1104 1165 1148 exigit
1184 1104 1225 1138 ab

271 1155 317 1189 eis
331 1154 480 1190 inaudita
496 1154 919 1198 quaedam&inconsueta.
949 1153 1031 1200 Qae
1051 1154 1073 1187 fi
1097 1155 1224 1197 quaefie-

269 1206 337 1239 rint
351 1230 361 1245 ‚
384 1215 645 1246 quaereretamen
663 1216 728 1239 non
752 1204 934 1238 debuerunt
954 1204 1080 1247 antiqui
1103 1204 1221 1250 Reges.

266 1254 377 1290 Potest
391 1266 499 1288 autem
515 1255 581 1289 fieri
597 1279 608 1294 ‚
635 1265 670 1288 ut
696 1256 887 1298 intempore
905 1255 985 1294 suo,
1014 1255 1068 1288 eui
1081 1255 1221 1288 multam

266 1306 358 1340 Deus
371 1305 512 1339 contulit
527 1304 719 1349 sapientiam
733 1329 743 1345 ,
770 1314 861 1339 tanta
886 1304 1024 1338 afflietio
1042 1314 1220 1348 utcumque

266 1357 372 1389 valeat
394 1355 528 1390 tolerari
551 1381 558 1388 .
598 1355 671 1391 Sed
690 1355 818 1390 forsitan
839 1354 911 1398 post
941 1354 1011 1389 dies
1041 1354 1109 1398 ejus
1140 1355 1220 1388 tales

265 1408 339 1441 sunt
361 1405 550 1451 regnaturi,
578 1406 634 1449 qui
646 1405 798 1440 devorare
811 1404 990 1439 Ecclesiam
1014 1405 1147 1448 cupient
1170 1414 1221 1438 to-

263 1464 301 1490 to
322 1468 397 1496 ore,
425 1456 457 1493 &
482 1452 625 1490 indurati
649 1466 724 1490 cum
746 1453 919 1490 Pharaone
941 1455 1074 1489 dicent:
1113 1453 1220 1498 Nescio

265 1508 426 1539 Dominum
449 1503 650 1548 ‚&1srael
672 1518 731 1539 non
764 1507 923 1539 dimittam
949 1530 955 1537 .
964 1503 1182 1541 Meminerit
1206 1529 1217 1547 ‚

267 1557 461 1599 quaesumus,
492 1555 531 1590 ad
545 1566 653 1601 preces
666 1557 699 1590 ἀ
712 1554 962 1590 exhortationes
975 1550 1093 1588 vestras
1103 1579 1114 1595 ‚
1140 1565 1219 1596 quo-

265 1606 367 1640 modo
390 1618 464 1640 eum
487 1606 608 1640 extulit
630 1606 716 1640 ultra
740 1605 857 1640 titulos
877 1603 1041 1639 nobilium
1066 1613 1193 1648 patrum
1207 1628 1218 1645 ,

262 1657 297 1690 δε
318 1657 402 1690 ultra
424 1656 585 1689 terminos
608 1655 776 1709 Majorum
791 1656 946 1694 suorum,
973 1665 1081 1697 praeter
1107 1663 1218 1686 eorum

263 1708 353 1750 spem
366 1705 517 1739 dilatavit
536 1703 696 1737 terminos
706 1701 794 1743 ejus.
821 1701 915 1748 Qid
930 1702 1076 1744 proderit
1089 1703 1119 1735 ei
1131 1703 1216 1744 apud

263 1755 459 1790 Dominum
472 1777 483 1794 ,
509 1752 584 1786 fiad
607 1749 747 1785 haeredes
768 1750 968 1785 transmittat
994 1760 1123 1794 peccata
1136 1751 1190 1784 sua
1207 1762 1233 1801 ,j

262 1805 298 1840 ἁ
318 1803 406 1848 quasi
429 1801 628 1837 adversarios
659 1801 722 1834 Dei
746 1801 778 1835 ὃς
804 1799 956 1834 Ecclesiae
980 1799 1159 1834 constituat
1184 1800 1217 1833 in

259 1855 301 1889 T
300 1854 503 1890 estamento?
527 1850 617 1898 Qrid
648 1850 776 1895 prodest
793 1850 1061 1895 Antecefl'oribus
1073 1850 1230 1895 ejusmos

262 1905 334 1945 do,
361 1905 383 1937 si
418 1903 476 1936 iste
507 1902 634 1944 sumpta
676 1900 846 1936 occafione
866 1913 908 1935 ex
944 1900 1230 1946 delictis²eorum

260 1955 372 1991 Deum
394 1952 482 1994 quasi
504 1949 786 1994 haereditariojure
805 1950 1004 1985 offenderit?
1032 1949 1120 1984 Aliis
1137 1960 1216 1991 erat,

262 2002 468 2040 Sereniffima
492 2000 668 2047 Domina,
692 2000 785 2035 Deus
816 2000 996 2044 placandus
1017 2000 1186 2042 obsequiis
1206 1998 1230 2040 ‚J

261 2055 326 2089 alia
347 2063 484 2088 munera
515 2058 574 2094 pro
591 2025 692 2085 sainte
733 2050 901 2094 Majorutn
934 2051 969 2085 ἀ
997 2049 1229 2094 redemptione

261 2104 370 2140 offerri
402 2101 595 2146 oportebat.
633 2100 714 2135 Non
738 2101 868 2144 placent
890 2101 967 2135 Deo
987 2096 1153 2135 Sacrificia
1173 2101 1230 2135 de'

259 2154 399 2199 rapina:
436 2153 496 2187 nisi
522 2151 606 2186 forte
626 2151 714 2185 Patri
726 2151 850 2195 placere
870 2151 986 2195 poffit,
1014 2161 1050 2185 ut
1079 2151 1110 2184 ei
1133 2151 1220 2185 filius

260 2204 483 2240 immoletur.
520 2204 553 2236 Si
575 2202 759 2245 resipuerit,
785 2201 884 2236 Pater
923 2200 1217 2235 misericordiarum

260 2255 370 2301 adhuc
389 2253 433 2287 est
455 2261 623 2296 promptus
644 2252 684 2286 ad
709 2252 867 2286 veniam:
908 2250 1022 2294 procul
1046 2249 1180 2284 dubio·
1171 2263 1218 2293 Ju-

261 2296 386 2340 dicium
410 2300 574 2337 facturus
567 2315 599 2336 ιιι
621 2312 677 2336 eos
697 2302 763 2335 sine
791 2299 1033 2343 misericordia,
1060 2300 1117 2344 qui
1145 2313 1215 2335 non

265 2365 417 2391 exercent
441 2352 715 2387 misericordiam.
741 2351 866 2386 Potens
885 2350 963 2392 est,
1001 2351 1035 2385 ἀ
1068 2360 1218 2394 potentes

260 2415 410 2450 potenter
430 2404 545 2447 punit.
573 2401 772 2442 Terribilis,
800 2402 833 2436 &
852 2402 955 2435 aufert
968 2400 1114 2444 spiritum
1126 2400 1216 2435 Prin-

261 2456 372 2499 cipum
385 2479 395 2495 ,
422 2464 458 2487 ut
479 2452 672 2488 fortioribus
693 2452 790 2486 instet
811 2452 929 2494 sortior
939 2452 1120 2486 cruciatus.
1148 2450 1217 2484 Te·

261 2504 368 2540 tendit
389 2514 501 2538 arcum
539 2502 657 2543 suum,
692 2502 728 2537 δε
752 2502 875 2546 paravit
896 2501 993 2541 illum
1013 2526 1025 2543 ,
1062 2501 1095 2535 ἀ
1117 2501 1150 2535 in
1175 2512 1217 2536 eo

263 2556 372 2599 posuit
394 2554 609 2594 vasamortis,
635 2553 833 2596 jaculaturus
853 2552 888 2586 in
903 2550 1015 2592 brevi,
1042 2551 1099 2585 nisi
1113 2551 1216 2595 Spon-

265 2607 333 2639 sam
357 2606 445 2638 suam
470 2622 488 2644 ‚-
518 2615 577 2646 pro
598 2604 691 2647 cujus
713 2613 823 2637 amore
843 2601 927 2636 moti
959 2601 1112 2647 dignatus
1131 2601 1179 2636 est
1208 2624 1220 2643 ,

262 2653 396 2688 liberam
419 2655 479 2686 esse
503 2653 723 2695 permiserint,
751 2653 783 2687 &
809 2652 989 2697 privilegiis
1019 2663 1056 2686 ac
1077 2651 1216 2696 dignita-

264 2704 371 2743 libus,
398 2714 477 2745 quas
499 2703 665 2748 Sanguine
690 2704 748 2736 suo
769 2703 799 2736 ei
821 2702 1020 2745 comparavit
1033 2702 1066 2736 in
1087 2701 1212 2740 Cruce,

263 2754 471 2789 sustinuerint
493 2752 646 2787 honorari
668 2778 675 2784 .
703 2751 842 2786 Debetis
863 2762 972 2786 autem
986 2778 996 2793 ‚
1022 2752 1044 2786 s1
1068 2752 1172 2796 placet
1202 2776 1212 2791 ,

265 2805 300 2838 in
323 2815 363 2836 eo
388 2801 597 2843 revocando,
623 2804 656 2837 &
678 2802 791 2836 matris
818 2800 1025 2846 diligentiam
1048 2799 1221 2848 adhibere,

265 2854 299 2887 &
320 2852 471 2886 Dominae
490 2851 723 2886 authoritatem
737 2876 744 2884 .
774 2851 830 2886 Ut
851 2862 921 2895 quae
952 2852 982 2886 ei
1006 2852 1160 2897 Regnum
1182 2852 1221 2889 &g

266 2904 433 2939 Ducatum
457 2902 567 2935 multis
590 2901 756 2936 laboribus
789 2901 988 2944 acquisistis,
1027 2903 1058 2936 ὅ(
1081 2901 1121 2936 ad
1141 2903 1219 2936 eumv

271 2950 469 2986 haereditaria
491 2951 682 2986 successione
702 2953 776 2996 Jura
807 2951 1049 2991 transmisistis,
1076 2962 1216 2996 quorum

268 3002 439 3037 occasione
459 3012 548 3034 nunc
569 3002 720 3044 premitur
741 3002 775 3036 δε
797 3000 1012 3035 conculcatur
1033 3001 1171 3036 Ecclesia
1196 3027 1207 3043 ,

269 3051 511 3097 proscribuntur
532 3050 725 3087 innocentes
743 3076 755 3093 ,
791 3050 826 3084 &
858 3061 1011 3094 pauperes
1031 3050 1218 3086 intolerabi-

270 3104 343 3137 liter
363 3100 573 3147 affliguntur.
602 3100 675 3135 Nos
696 3100 787 3143 quod
819 3101 985 3144 possumus
1020 3110 1078 3142 pro
1120 3102 1219 3135 salute

269 3152 370 3186 vestra
388 3151 421 3184 &
444 3150 551 3190 illius,
577 3150 691 3184 animo
714 3150 829 3185 libenti
852 3150 990 3184 facimus
1012 3174 1022 3190 ,
1050 3150 1113 3183 Dei
1129 3151 1219 3185 mise-

270 3200 445 3237 ricordiam
466 3199 631 3244 precibus,
657 3199 773 3243 quibus
796 3201 983 3243 possumus,
1018 3198 1136 3243 jugiter
1161 3201 1219 3233 im·

271 3252 431 3296 plorantes
450 3263 461 3284 .·

273 3300 396 3334 reddita
418 3299 458 3334 ad
483 3298 714 3334 Authorem&
736 3299 977 3333 Benefaiiorem
992 3300 1084 3332 suum
1111 3299 1220 3333 Deum

271 3358 419 3393 prompta
441 3350 623 3384 devotione·
646 3349 776 3383 redierit
799 3373 806 3381 .
845 3347 904 3382 Μὲ
927 3348 1044 3392 pudeat
1065 3359 1139 3382 eum
1168 3361 1221 3383 co-

274 3409 342 3432 ram
362 3398 437 3430 Deo
459 3396 622 3432 humiliari
636 3410 693 3443 per
704 3398 952 3442 poenitentiam,
977 3410 1051 3432 cum
1075 3398 1219 3442 antiquis

277 3446 448 3495 Regibus,
484 3458 623 3491 quorum
650 3449 811 3484 memoria
829 3449 862 3483 in
882 3447 1110 3484 benedictione
1140 3447 1185 3483 est
1209 3474 1219 3490 ,

505 3249 700 3284 fiducialiter
720 3249 841 3283 oraturi
862 3273 874 3289 ,
910 3249 931 3281 si
961 3260 1038 3292 pace
1071 3248 1221 3283 Eccleffis
1241 3261 1244 3265 ’

963 112 1012 167 Ε
1035 121 1127 168 ΡΙ
1164 122 1190 168 S
1227 115 1267 166 T
1303 117 1352 167 O
1388 122 1425 168 L
1458 123 1515 170 AE

1289 203 1346 238 nh
1389 208 1492 251 magis
1516 205 1556 240 ad
1578 206 1717 250 gloriam
1741 202 1938 240 adscribatur
1957 230 1968 247 ,
2003 207 2098 250 quarn
2136 205 2241 251 poeni'-

1288 257 1394 289 tentiae
1412 257 1548 296 titulus,
1576 257 1675 300 Legis
1704 255 1835 289 Divina:
1858 257 1946 290 zelus
1962 280 1973 296 ,
1999 258 2164 292 veneratio
2185 259 2242 292 Sa·

1289 305 1423 340 cerdotii
1438 331 1448 346 ‚
1470 308 1508 340 ⁷&
1533 306 1714 340 fidelissima
1736 306 1894 340 virtutum
1914 304 2023 340 custos
2044 306 2230 343 humilitas.

1290 354 1430 390 Talibus
1450 357 1538 390 enim
1552 354 1668 390 hostiis
1688 356 1829 391 Domini
1854 354 2033 395 Ezechias,
2062 355 2174 398 Josias,
2199 358 2232 392 &

1290 405 1527 443 Constantinus
1549 402 1700 441 Domino
1714 407 1905 450 placuerunt
1931 430 1943 447 ‚
1979 408 2012 440 ἀ
2032 405 2174 450 gloriam
2186 408 2231 441 as-

1290 455 1385 489 secuti
1417 458 1490 490 sunt
1513 455 1597 500 apud
1629 455 1782 492 homines
1820 457 1839 492 ὲ
1871 457 2084 501 generatione
2117 455 2154 490 in
2181 467 2234 501 ge-

1292 515 1512 541 metationem.

1439 603 1850 643 EPISTOLA
1909 606 2070 643 -L111.

1288 703 1401 738 Thomu
1421 705 1633 748 cantuariensi
1661 705 1927 751 Archi-Eplfiopo
1951 684 2062 740 Frater
2086 706 2233 739 Nicolaiti-

1548 757 1585 791 de
1606 760 1706 791 Monte
1725 756 1950 803 Rotbomagenfi
1957 781 1965 789 .

1383 854 1584 890 UANTAE
1611 858 1841 901 compaffionis
1864 856 2038 893 visceribus
2068 855 2235 891 adversita·

1406 915 1455 939 tes
1479 905 1626 941 Ecclefiae
1649 907 1739 949 Dei,
1765 919 1842 950 quas
1869 907 2122 953 magnanimitas
2132 906 2235 940 vestra

1416 955 1568 1002 sustinere
1599 955 1741 992 decrevit
1762 981 1774 997 ‚
1804 958 1945 1001 parvitas
1972 957 2092 991 mentis
2122 956 2236 990 nostrae

1287 1004 1372 1048 apud
1394 1006 1426 1038 se
1449 1006 1598 1049 suscipiat
1618 1008 1653 1042 δε
1674 1007 1842 1051 pertractet
1852 1017 1870 1048 ,·
1890 1018 1950 1051 uec
1985 1006 2138 1050 scriptura
2149 1005 2235 1040 suffi-

1286 1055 1408 1089 cienter
1424 1055 1625 1097 exprimere,
1654 1066 1714 1090 nec
1735 1056 1806 1090 viva
1829 1066 1909 1090 voce
1931 1054 2072 1100 plenarie
2086 1065 2237 1100 pronunt-

1285 1106 1371 1139 ciare
1391 1103 1499 1137 minus
1514 1105 1653 1139 facunda
1677 1105 1789 1150 lingua
1812 1105 1953 1146 valeret,
1981 1103 2033 1139 sed
2055 1105 2096 1139 de
2113 1104 2233 1143 nostru

1285 1155 1418 1194 affectu,
1448 1156 1502 1197 qui
1529 1154 1924 1198 quantuluscumqueest,
1951 1152 2130 1194 vestere'st‚
2155 1153 2234 1197 quia

1285 1204 1378 1238 illum
1403 1204 1558 1247 abjectum
1584 1205 1618 1239 ὃς
1634 1206 1741 1239 minus
1765 1205 1877 1239 utilem
1902 1206 1935 1238 in
1972 1205 2144 1247 conspeetu
2168 1204 2234 1237 Dei

1282 1255 1346 1289 esse
1378 1255 1629 1300 cognoscimus,
1665 1265 1768 1290 tacere
1791 1253 1908 1289 melius
1927 1254 2105 1293 duximus,
2135 1254 2235 1297 quam

1284 1305 1374 1348 plura
1401 1305 1510 1348 loqui.
1549 1303 1673 1338 Verum
1707 1306 1761 1345 id,
1788 1305 1864 1339 licet
1901 1304 2111 1339 Excellentiae
2127 1303 2236 1340 vestrae

1282 1365 1350 1389 non
1377 1354 1607 1399 incognitum,
1645 1355 1776 1391 silentio
1800 1354 1948 1399 praeteriri
1980 1365 2047 1387 non
2067 1361 2203 1396 oportet.
2224 1376 2236 1393 ‚

1283 1404 1371 1449 quod
1396 1404 1500 1438 vestrae
1536 1404 1725 1440 sublimitati
1750 1405 1787 1438 sit
1822 1405 1886 1448 ipsa
1923 1403 2237 1439 commemoratione

1282 1455 1495 1513 gratissimum
1509 1478 1520 1494 ,
1544 1455 1634 1498 quod
1658 1456 1761 1490 menti
1774 1454 2055 1499 perturbationum
2077 1451 2231 1487 fluctibus

1283 1505 1438 1548 impetitae
1462 1505 1499 1539 fit
1521 1515 1646 1550 magnae
1661 1504 1840 1539 securitatis
1861 1504 2044 1544 indicium,
2071 1500 2158 1548 quod
2173 1500 2232 1538 hu·

1282 1565 1386 1588 meros
1411 1554 1570 1588 delicatos
1590 1580 1601 1595 ‚
1638 1566 1721 1612 quos
1754 1554 1964 1599 supposuistis
1998 1553 2039 1589 ad
2071 1551 2234 1599 portanda.

1281 1614 1381 1637 onera
1407 1604 1572 1643 virorum,
1599 1605 1659 1637 suae
1680 1605 1811 1641 virtutic
1831 1605 1942 1638 officia
1967 1602 2098 1637 reddav
2113 1601 2235 1637 talibus

1282 1653 1444 1688 fasciculis
1469 1653 1640 1697 aptiores:
1677 1652 1819 1687 Ecclesia
1852 1651 2038 1695 Paupernm
2073 1649 2236 1692 Clarium

1281 1714 1364 1745 quos
1403 1702 1601 1736 humilitatis
1632 1703 1738 1736 vestrae
1761 1700 1979 1736 mansuetudo
1999 1700 2197 1744 adoptavit
2189 1711 2230 1734 m

1282 1752 1386 1790 filios,
1414 1761 1515 1792 quos
1526 1751 1617 1792 apud
1651 1751 1763 1784 Deum
1791 1751 1987 1806 magnitudo
2023 1750 2099 1783 fidei
2125 1750 2233 1784 vestrae

1283 1800 1385 1833 voluit
1412 1797 1529 1832 habere
1553 1809 1742 1842 patronos,
1749 1810 1863 1843 quos
1883 1798 1918 1832 in
1950 1791 2078 1833 datione
2102 1798 2168 1833 dati
2196 1800 2232 1833 &

1281 1849 1404 1893 accepti
1428 1849 1655 1884 munificentia
1679 1848 1826 1884 sibifecit
1850 1847 2035 1889 obnoxios,
2064 1847 2129 1892 ipsa
2141 1849 2234 1892 siqui·

1281 1899 1354 1934 dem
1378 1908 1446 1933 tota
1469 1899 1529 1937 sui
1535 1895 1672 1943 spiritus
1696 1900 1884 1935 intentione
1899 1899 2057 1943 suspensa
2071 1897 2112 1933 ad
2135 1904 2228 1932 vos
2214 1918 2234 1940 ‚

1282 1950 1431 1984 nostibus
1453 1960 1489 1983 ac
1511 1949 1656 1985 diebus
1648 1961 1818 1995 impetrare
1841 1949 1995 1991 festinat,
2021 1959 2056 1983 ur
2081 1948 2232 1983 Ecclefiae

1282 1996 1361 2034 stsae
1368 1996 1476 2036 vestris
1497 1995 1698 2060 temporibus
1730 2000 1940 2044 tranquillam
1958 1999 2079 2034 't‘r‘ibuat
2090 1996 2226 2034 libert

1282 2059 1366 2085 tem.
1394 2040 1544 2085 Postulat
1555 2050 1662 2085 autem
1677 2052 1708 2084 in
1736 2051 1824 2093 fide,
1850 2049 1934 2085 nihil
1947 2050 2110 2085 haelitans
2137 2050 2182 2084 Su

1282 2112 1332 2136 ma
1342 2101 1457 2145 igitur
1476 2108 1541 2144 ope
1558 2102 1603 2135 &¹
1610 2095 1825 2136 ιιΊὲείῊιιιάἰο
1835 2102 1924 2146 quod
1950 2100 2130 2135 inchoastis
2141 2105 2227 2143 opus

1282 2150 1446 2197 perficite,
1473 2160 1533 2186 nec
1554 2152 1588 2185 in
1610 2151 1720 2196 aliquo
1745 2152 1922 2187 vacilletis
1948 2148 2116 2196 Siquidem
2129 2151 2224 2186 Deus

1280 2211 1408 2234 tantum
1429 2201 1523 2236 vobis
1535 2202 1677 2241 contulit
1698 2201 1881 2243 honorem,
1907 2206 2096 2245 tantamque
2126 2199 2230 2235 felici-

1279 2260 1401 2291 tatem,
1429 2262 1463 2284 ut
1476 2251 1565 2309 operi
1588 2252 1694 2286 vestro
1714 2251 1804 2286 testis
1815 2252 1834 2284 s
1837 2261 1850 2285 t
1873 2251 1906 2285 in
1921 2250 2026 2285 coelo
2021 2250 2128 2293 jesus·
2118 2248 2227 2285 -Chri·

1281 2301 1367 2342 slus,
1389 2300 1504 2335 testis
1498 2313 1530 2334 ιιι
1556 2303 1655 2335 corde
1677 2302 1896 2335 conscientia.
1937 2300 1980 2334 Et
2001 2299 2090 2342 quod
2116 2297 2227 2343 paucis

1280 2351 1311 2385 &
1333 2349 1405 2384 raro
1427 2351 1507 2383 solet
1529 2349 1693 2390 accidere,
1722 2350 1786 2384 hoc
1807 2350 1900 2383 vobis
1923 2350 1963 2383 ad
1985 2348 2231 2383 exhortationis

1279 2401 1447 2435 cumulum
1470 2399 1595 2434 acceffit
1610 2425 1619 2440 ‚
1645 2398 1733 2444 quod
1755 2400 1857 2433 totius
1881 2398 2105 2432 multitudinis
2123 2398 2220 2432 devo*

1280 2452 1328 2484 tio
1353 2448 1467 2495 praebet
1487 2449 1520 2485 in·
1531 2450 1608 2484 Deo
1626 2451 1719 2484 vobis
1729 2449 1889 2483 auxilium
1906 2473 1913 2480 .
1944 2448 1987 2482 Et
1998 2446 2135 2481 universi
2159 2447 2222 2480 1²0-

1280 2501 1353 2552 puli
1371 2502 1518 2534 sermone
1539 2501 1630 2543 super
1643 2499 1729 2543 quod
1741 2500 1838 2544 agitis
1849 2498 1974 2533 bonum
1994 2496 2109 2542 flagrat
2121 2496 2218 2531 testi-

1278 2550 1449 2587 monium.
1479 2550 1540 2585 Sed
1553 2550 1594 2584 de
1606 2549 1656 2584 his
1668 2548 1820 2584 haetenus
1831 2573 1838 2580 .

1327 2602 1468 2646 Joannes
1492 2600 1533 2633 de
1552 2599 1768 2640 oxeneford,
1793 2599 1850 2641 qui
1873 2610 1912 2632 ex
1937 2598 2074 2631 consilio
2095 2595 2229 2640 Episco-

1280 2649 1395 2695 porum
1418 2649 1594 2683 vestrorum
1615 2648 1656 2683 ad
1676 2648 1810 2683 Curiam
1833 2649 1999 2688 reversus,
2026 2644 2060 2681 δε
2082 2647 2100 2679 a
2122 2646 2224 2680 Curia

1279 2702 1431 2747 veniens,
1460 2710 1515 2743 per
1535 2698 1716 2734 Dominam
1745 2698 1981 2742 imperatricem
1994 2697 2163 2731 transitum
2178 2697 2226 2730 fe-

1282 2752 1326 2786 cit
1352 2766 1363 2785 .·
1390 2761 1429 2783 ut
1451 2760 1523 2784 eam
1546 2760 1660 2784 contra
1696 2760 1755 2783 vos
1776 2749 1969 2792 exasperaret
1995 2773 2005 2787 ,
2037 2748 2114 2780 sicut
2128 2744 2223 2779 antea

1280 2813 1346 2846 tam
1368 2802 1457 2845 ipse,
1484 2800 1596 2843 quim
1606 2798 1660 2833 alii
1684 2800 1852 2839 fecerant,
1888 2797 2074 2834 malitiosa,
2100 2805 2224 2839 quanta

1281 2852 1389 2897 potuit
1409 2875 1420 2891 ‚
1459 2842 1656 2884 inculcavit.
1693 2848 1862 2892 Siquidem
1889 2848 1964 2889 quia
1983 2857 2067 2889 opus
2087 2846 2225 2878 vestrum

1282 2898 1490 2936 verisimiliter
1514 2898 1743 2943 reprehendere
1765 2909 1832 2931 non
1845 2898 1975 2940 potuit,
2003 2896 2223 2930 intentionem

1280 2949 1573 2990 calumniatusest‚
1601 2949 1737 2982 afferens
1748 2947 1916 2985 universa,
1942 2956 2151 2989 quaecumque
2180 2946 2225 2978 fa-

1280 3002 1376 3041 citis,
1402 2999 1521 3033 mentis
1542 2999 1705 3036 elatione,
1734 2997 1906 3038 studioque
1925 2995 2187 3030 dominationis
2179 3006 2228 3028 ιιι-

1280 3052 1416 3086 choara.
1445 3047 2026 3085 Ecclefiasticametiamlibertatem,
2052 3044 2226 3090 quami&-

1280 3100 1435 3139 fensatis,
1464 3110 1531 3132 non
1544 3097 1584 3132 ad
1606 3097 1788 3131 animarum
1812 3098 1937 3130 lucr-um
1964 3122 1972 3136 ‚
2000 3094 2052 3130 sed
2063 3095 2104 3130 ad
2127 3098 2226 3137 augu-

1281 3160 1428 3186 mentum
1450 3147 1658 3192 pecuniarum
1674 3147 1851 3203 Episcopos
1862 3143 1982 3179 vestros
2005 3147 2189 3188 intorquere
2214 3164 2224 3180 ‚

1281 3199 1427 3244 tamipse
1438 3197 1536 3242 quam
1547 3197 1604 3231 alii
1620 3196 1732 3230 nuncii
1760 3196 2053 3240 Regisaffirmant
2082 3195 2124 3228 Et
2147 3191 2224 3226 licet

1284 3251 1422 3286 necdum
1449 3258 1580 3292 propter
1602 3247 1785 3280 novitatem
1807 3244 2009 3280 Praelationis
2030 3244 2047 3277 a
2072 3243 2167 3278 vobis
2191 3240 2226 3276 id

1284 3303 1346 3336 effe
1363 3300 1482 3335 factum
1495 3296 1703 3331 consentiant
1717 3318 1727 3334 ‚
1753 3307 1861 3330 tamen
1886 3295 1925 3330 ad
1949 3293 2035 3328 idem
2050 3305 2108 3328 vos
2127 3290 2227 3327 anhe-

1285 3353 1350 3385 lare
1362 3347 1587 3384 contendunt.
1613 3346 1650 3379 In
1667 3346 1790 3389 Anglia
1803 3343 1941 3389 namque
1961 3343 2226 3387 delinquentium

1286 3401 1387 3444 culpae
1409 3396 1493 3442 ap‘ud
1508 3397 1687 3454 Episcopus
1704 3398 1925 3430 accusatorum
1951 3406 2018 3429 non
2032 3393 2228 3427 mulctantur

1294 3449 1494 3495 injunctione
1507 3446 1729 3493 poenitentiae,
1756 3447 1807 3480 sed
1820 3446 1955 3480 datione
1966 3444 2130 3490 pecuniae.
2148 3442 2230 3525 ltgm

2100 3503 2166 3535 quo
