2358 3776
366 103 497 164 ‚3ffl

319 186 484 223 bellorum
525 208 534 217 .
558 183 777 221 Crebrescunt
798 180 949 218 incendia
974 208 985 224 ‚
1010 182 1045 216 dc
1066 183 1123 226 qui
1153 180 1261 217 hostes

317 237 497 274 debuerant
519 244 708 283 expugnare
726 259 739 277 ‚
766 235 802 269 iu
823 234 968 279 praedi&
992 233 1157 267 transeunt
1178 257 1185 265 .
1216 232 1259 265 Et

319 299 393 324 non
405 284 510 321 modo
521 285 563 320 ab
574 285 743 331 Aquilone
752 311 764 327 ‚
790 284 842 318 sed
851 285 870 317 a
881 292 1021 326 quatuor
1044 283 1148 316 ventis
1171 282 1259 317 Coeli

318 338 356 373 in
367 337 546 381 perniciem
554 335 751 381 populorum
761 333 828 367 olla
840 330 1046 366 succenditur
1059 356 1066 363 .
1077 332 1167 366 Nam
1178 334 1194 366 a
1206 344 1259 376 ge·

317 387 492 423 neratIone
501 386 560 421 ista
577 410 590 427 ‚
612 397 681 420 non
692 382 795 417 mode>
804 380 883 415 Filii
908 380 1072 415 Barachiae
1093 384 1223 426 sanguis
1250 405 1260 420 ‚

316 438 376 483 qui
385 437 557 483 plusquam
569 438 653 469 inter
666 431 825 475 templum
836 431 870 465 δι
885 430 1000 466 Altare
1011 443 1115 475 nuper
1137 433 1257 466 effusus

315 487 386 529 est.
411 497 501 522 nunc
519 483 711 527 requiritur,
739 481 792 516 sed
815 481 914 516 etiam
933 481 1074 516 aliorum
1097 505 1109 522 ,
1134 482 1190 525 qui
1212 482 1257 516 ob

297 572 302 575 .
314 535 452 573 eandem
463 535 591 570 causam
602 532 723 567 damna
733 556 745 572 ‚
763 531 912 566 ‘ludibria
923 557 934 572 ,
962 532 996 565 ὅ(
1007 530 1136 565 verbera
1148 543 1256 575 exper-

316 587 344 622 ti
357 584 523 631 proscripti
536 584 611 617 sunt
622 606 634 623 ,
660 582 851 616 incarcerati
865 583 939 616 sunt
948 606 960 622 ,
987 581 1021 614 in
1033 581 1172 615 exilium
1184 583 1256 615 mis-

313 637 423 671 sisunt
438 659 449 676 ,
474 635 509 669 δι
521 631 587 669 fet&
608 632 650 667 de
660 641 735 668 toto
745 631 823 666 orbe
842 631 941 666 Latio
954 655 966 671 ‚
992 633 1079 665 unde
1097 631 1254 675 migrave-

314 695 392 721 runt
402 685 444 720 ad
457 684 645 719 Dominum
658 707 670 724 ‚
695 683 876 727 passionum
889 683 1015 716 suarum
1027 681 1170 716 debitam
1181 706 1193 723 ,
1219 683 1252 716 δε

300 747 386 781 -quae
394 737 505 771 Deum
516 735 647 774 deceat,
674 733 770 777 prosit
786 732 935 766 Ecclesrae
948 757 959 773 ‚
985 742 1144 775 expetunt
1157 732 1252 766 ultio·

314 794 392 821 nem
403 809 411 817 .
440 782 481 818 In
493 783 546 819 his
556 785 663 827 itaque
674 784 818 817 laetantur
829 782 902 824 justi
914 806 926 822 ,
952 782 1009 826 qui
1021 782 1134 817 vident
1146 782 1250 816 vindi-

312 833 726 878 &amjustitiasconsonam
739 832 804 866 Dei
826 833 938 877 gloriae
956 832 1119 873 militare,
1146 832 1249 865 lavam

309 894 359 920 tes
370 884 485 929 utique
493 895 607 919 manus
620 885 689 918 suas
700 883 735 917 in
748 883 906 927 sanguine
917 893 1145 927 peccatorum.
1175 883 1249 924 Hec

298 936 501 972 summatim
514 935 555 969 de
572 934 643 976 his,
668 945 736 978 quae
749 932 955 976 publicantur
976 933 1059 976 apud
1082 943 1143 966 nos
1156 956 1165 970 ,
1193 932 1249 966 ubi

308 987 401 1024 solus,
412 986 469 1020 ille
480 994 570 1020 tutus
579 985 624 1018 est
634 1009 645 1024 ,
672 994 770 1027 quem
781 984 873 1017 furor
884 983 1048 1028 exagitat,
1074 993 1131 1016 aut
1151 993 1249 1026 quem

311 1035 452 1079 Spiritus
469 1035 601 1069 Sanetus
618 1034 717 1068 efficit
737 1033 888 1068 omnium
924 1033 1154 1077 temporalium
1174 1043 1248 1066 con-

305 1094 524 1128 temptorem.
550 1084 644 1119 Foris
663 1085 752 1118 enim
773 1083 876 1117 adstat
897 1084 1026 1128 gladius
1047 1108 1057 1124 ‚
1083 1083 1183 1117 timor
1203 1083 1250 1116 in-

307 1144 362 1171 tus
380 1146 387 1166 :
416 1134 497 1170 civis
509 1134 541 1168 ἀ
552 1132 655 1168 hostis
667 1135 700 1167 in
713 1132 828 1168 eodem
843 1135 907 1168 fere
921 1134 1085 1167 versantur
1096 1133 1225 1167 calculo
1242 1158 1250 1166 .

307 1185 428 1221 Nostra
449 1195 557 1220 autem
581 1186 646 1220 sors
672 1182 923 1219 conviventibus
960 1183 1163 1227 adaequatur,
1190 1183 1247 1217 nisi

307 1236 398 1279 quod
419 1237 503 1269 inter
525 1234 669 1278 Scyllam
683 1235 717 1268 ὅ(
742 1233 936 1277 charybdim
963 1232 1172 1277 periculosius
1194 1244 1248 1267 na-

306 1286 479 1330 viganteS,
506 1283 689 1319 evidentior
715 1284 851 1326 supra&
864 1293 981 1317 contra
1005 1283 1120 1317 merita
1141 1282 1249 1316 nostra

305 1335 373 1371 Dei
386 1334 578 1378 propitiatio
590 1332 768 1375 benignius
788 1331 998 1373 consolatur.
1025 1332 1115 1366 Nam
1139 1343 1175 1366 ut
1188 1331 1248 1366 sibi

305 1385 413 1429 magis
424 1383 537 1418 reddat
551 1381 717 1415 obnoxios
726 1406 737 1421 ,
764 1381 924 1415 intentata
950 1382 968 1415 ἐ
981 1381 1091 1416 vicino
1103 1382 1246 1417 ostendit

303 1433 450 1478 pericula
462 1454 473 1471 ‚
498 1432 531 1464 ἀ
550 1428 690 1464 validius
700 1430 857 1463 irruentia
877 1428 954 1471 saepe
965 1430 1097 1473 longius
1111 1430 1247 1464 fortius.

305 1494 371 1527 que
384 1480 510 1524 repellit
523 1503 536 1520 ,
561 1488 597 1513 ut
608 1475 727 1512 merito
747 1477 856 1512 dicere
876 1477 1052 1512 debeamus
1066 1491 1077 1511 .·
1103 1480 1160 1522 qui
1181 1480 1245 1513 Dov

309 1532 444 1568 minum
466 1529 574 1574 Iesum
588 1552 599 1570 ‚
628 1527 705 1561 velit
722 1527 810 1562 nolit
834 1527 1005 1568 Mundus,
1031 1528 1247 1571 superomnia

304 1581 516 1620 benedietum
530 1590 598 1614 non
611 1577 742 1622 diligit,
771 1575 946 1613 anathema
968 1579 1005 1612 sit
1019 1604 1026 1611 .
1054 1577 1170 1613 Vestra
1191 1589 1242 1613 au-

301 1642 370 1671 tem
388 1657 399 1674 ,
426 1642 494 1675 quae
505 1629 542 1665 in
566 1627 709 1673 partibus
720 1627 836 1662 nostris
847 1628 921 1662 sunt
934 1653 945 1669 ‚
972 1627 1082 1662 multis
1094 1628 1246 1671 periculis

304 1692 532 1727 exponuntur.
560 1678 674 1714 Nostri
689 1687 839 1720 potentes
862 1678 1117 1723 circumquaque
1139 1679 1174 1713 in
1198 1680 1242 1712 lu·

303 1744 366 1778 pos
376 1730 518 1768 conversi
535 1730 631 1768 sunt,
656 1738 740 1770 quos
751 1727 897 1769 improba
909 1729 1029 1761 ventris
1039 1729 1106 1772 agit
1140 1729 1245 1773 inglu-

303 1785 374 1818 vies
393 1805 405 1822 ,
432 1791 469 1815 ut
487 1780 556 1823 jura
577 1777 812 1821 potestatesque
833 1786 1050 1811 contemnant
1073 1802 1081 1809 .
1118 1777 1162 1812 Et
1185 1779 1242 1811 nisi

303 1830 473 1871 hominis,
499 1829 555 1864 cui
577 1828 713 1862 domum
725 1825 947 1867 commisistis,
975 1826 1134 1862 laboriosa
1148 1828 1182 1861 δε
1201 1829 1245 1860 ef·

306 1884 393 1919 ficax
406 1878 598 1914 subvenisset
609 1875 784 1917 industria,
811 1875 876 1920 jam
891 1876 982 1911 nullo
994 1885 1048 1910 aut
1077 1888 1150 1912 raro
1160 1877 1243 1911 cole-

302 1943 392 1970 retur
408 1928 612 1964 habitatore.
639 1925 781 1973 Qalem
817 1926 895 1959 vero
922 1926 1014 1959 illam
1043 1926 1204 1960 invenerit
1232 1951 1242 1966 ,

303 1983 368 2019 alia
381 1982 514 2016 viceme
538 1977 633 2015 vobis
643 1975 795 2020 scripsisse
807 1974 965 2017 memini,
989 1976 1023 2012 &
1045 1976 1062 2011 ὲ
1087 1975 1243 2011 memoria

308 2032 413 2068 vestra
438 2042 507 2065 non
534 2027 673 2063 arbitror
698 2026 866 2062 excidisse.
896 2026 984 2060 Cum
1006 2025 1186 2060 enimilluc
1208 2025 1242 2059 in

306 2082 436 2128 propria
448 2080 584 2125 persona
603 2077 754 2112 accedere
770 2088 838 2111 non
860 2075 1022 2117 valerem,
1047 2076 1241 2120 diligentem

305 2133 346 2168 de
358 2129 556 2168 Domesticis
565 2128 683 2164 nostris
692 2128 933 2172 exploratorem
947 2125 1072 2168 direxi,
1097 2127 1131 2162 dc
1154 2125 1242 2160 audi-

303 2193 338 2218 ta
351 2194 406 2227 per
425 2192 501 2216 eum
520 2179 619 2216 status
639 2178 869 2215 melioratione
889 2177 1058 2213 manifesta
1080 2198 1091 2215 ‚
1116 2176 1242 2220 gavisus

306 2234 378 2267 sum
391 2258 399 2265 .
426 2235 496 2277 Jam
508 2230 597 2265 enirn
610 2239 657 2263 res
668 2229 794 2263 direstae
804 2237 896 2262 erant
910 2228 943 2261 in
955 2225 1045 2260 hunc
1057 2226 1244 2263 articulum,

304 2292 342 2319 ut
363 2282 563 2316 erominus
585 2289 698 2323 pacem
720 2278 831 2317 daret,
859 2278 893 2310 δι
914 2276 961 2308 ibi
985 2273 1243 2307 ministrantibus

305 2332 434 2378 possent
457 2330 624 2367 sufficere,
648 2329 681 2360 ἀ
705 2326 923 2366 humilitatem
947 2323 1091 2357 debitam
1110 2322 1239 2366 hospiti·

308 2383 372 2418 bus
385 2390 441 2424 pro
464 2378 531 2412 loci
551 2375 689 2410 modulo
707 2373 911 2409 laudabiliter
929 2370 1081 2408 exhibere
1106 2398 1113 2405 .
1139 2373 1240 2417 Siqui-

308 2432 385 2466 dem
398 2429 524 2463 Fratres
535 2424 582 2459 ibi
593 2425 748 2469 degentes
767 2447 778 2462 ,
804 2433 871 2456 tam
884 2423 1036 2467 Episcopi
1050 2448 1060 2463 ‚
1086 2422 1184 2466 quam
1195 2424 1238 2456 of-

306 2479 464 2517 ficialium
501 2475 593 2519 ejus,
623 2473 676 2508 sed
697 2473 731 2506 &
752 2472 936 2507 vicinorum
962 2472 1099 2517 gratiam
1122 2483 1242 2509 merue-

308 2540 387 2568 runt
405 2551 417 2569 ,
441 2526 631 2572 possentque
652 2520 773 2557 amodo
794 2521 975 2556 amicorum
1011 2523 1151 2557 subsidio
1190 2532 1244 2567 pet

307 2581 448 2627 gratiam
460 2576 570 2611 Dei&
582 2575 675 2609 suam
687 2572 878 2607 industriam
892 2571 1038 2612 dilatari,
1065 2573 1124 2606 nisi
1147 2584 1243 2607 cona·

310 2631 400 2667 tibus
421 2636 535 2663 eorum
547 2624 721 2668 tempestas
733 2624 888 2666 ingruens
908 2621 1053 2657 obviaret
1066 2645 1074 2655 .
1085 2622 1158 2658 ·Sed
1170 2622 1245 2657 licet

310 2676 592 2719 viciniundique,
618 2673 674 2714 qui
688 2672 1107 2714 munitionescustodiunt,
1136 2673 1178 2707 ab
1199 2673 1244 2706 eis

314 2728 394 2773 [πρὸ
405 2727 513 2763 multa
523 2732 759 2765 extorqueant,
787 2731 896 2758 tamen
909 2733 968 2766 pro
990 2722 1109 2756 viribus
1127 2722 1246 2756 sollici-

310 2781 339 2816 ti
353 2781 426 2814 sunt
445 2777 522 2811 Deo
533 2775 568 2810 &
580 2772 732 2808 Domino
743 2773 799 2805 suo
811 2773 930 2806 Sancto
945 2773 1104 2817 Remigio
1126 2774 1245 2807 servare

312 2830 433 2868 fidem,
469 2826 506 2861 δι
523 2823 635 2858 vestris
657 2831 712 2866 per
735 2823 848 2857 omnia
869 2821 1059 2864 juffionibus
1076 2822 1209 2858 obedire
1236 2847 1243 2854 .

310 2881 424 2916 Frater
445 2873 595 2910 Absalon
615 2883 691 2906 cum
712 2871 819 2906 reditu
840 2873 953 2906 nostro
977 2872 1169 2907 desiderabat
1181 2883 1244 2916 per-

315 2928 447 2967 transire
458 2924 498 2958 ad
512 2934 572 2958 nos
586 2946 598 2964 ,
624 2922 677 2956 sed
688 2932 817 2966 propter
841 2923 1048 2957 imminentia
1067 2923 1209 2966 pericula
1235 2947 1245 2962 ‚

314 2990 391 3015 meo
412 2977 445 3011 ὅτ.
467 2973 587 3009 Fratris
611 2972 676 3006 mei
697 2971 834 3006 consilio
857 2996 868 3011 ‚
893 2975 1035 3007 reversus
1054 2974 1099 3007 est
1123 2972 1168 3020 ad1
1189 2971 1248 3006 do·

315 3039 432 3068 mum,
456 3025 537 3065 cui,
563 3022 738 3062 fiabeffet,
762 3019 923 3056 desolatio
944 3016 1247 3057 imminebar.‘Ca-

313 3087 436 3115 nonem
445 3072 522 3110 vero
533 3073 748 3107 constitutum
758 3069 907 3115 deposuit
918 3071 951 3104 in
964 3084 1061 3107 manu
1083 3072 1177 3108 vestri
1190 3072 1246 3106 Ri-

317 3127 452 3166 chardi,
474 3133 513 3159 ut
532 3123 626 3157 illurn
638 3120 798 3165 recipiatis
821 3120 862 3155 de
886 3132 986 3155 manu
1006 3123 1072 3164 ejus
1085 3148 1096 3163 ‚
1123 3123 1143 3156 si
1164 3121 1248 3157 forte

315 3181 408 3216 Deus
427 3172 686 3211 commodiorem
707 3171 924 3206 intermeandi
957 3171 1082 3205 dederit
1112 3173 1246 3206 faculta-

317 3241 402 3266 tem.
430 3226 474 3259 Et
494 3223 570 3268 quia
582 3222 707 3256 malitia
720 3221 973 3261 invalescit,‹ut
998 3232 1147 3264 oporteat
1168 3222 1246 3255 Fra-

319 3291 381 3315 tres
394 3302 404 3318 ,
430 3274 487 3319 qui
510 3274 544 3308 in
556 3274 671 3308 Domo
683 3270 782 3304 vestra
803 3271 875 3304 sunt
890 3294 900 3310 ,
929 3281 1064 3316 urgente
1090 3271 1247 3304 necestita-

320 3340 353 3363 te
381 3326 452 3372 post
463 3325 606 3358 latrones
626 3323 660 3356 δε
684 3319 848 3365 praedones
861 3331 915 3362 per
937 3321 1078 3355 Castella
1097 3320 1246 3354 discurre-

321 3388 378 3415 re,
402 3387 438 3409 ut
449 3383 562 3409 neuter
582 3382 695 3406 eorum
715 3369 876 3403 interdum
898 3371 1002 3404 Domi
1025 3371 1209 3404 inveniatur
1237 3396 1246 3410 ,

328 3424 423 3464 nobis
436 3447 447 3463 ,
469 3425 490 3457 fi
505 3424 643 3469 placeret
655 3420 747 3456 vobis
760 3445 771 3464 ‚
795 3420 827 3455 ὅ(
838 3419 972 3456 confilio
985 3421 1086 3457 vestro
1096 3445 1106 3462 ‚
1122 3420 1246 3455 videre-

1257 2501 1268 3516 -———--——————-—-———-.-—-—--

1287 2604 1298 3509 Μ

1508 42 1515 57 N

971 62 1558 146 EPlsTr01„AEd

1325 191 1378 218 tur
1389 184 1567 220 admodum
1574 182 1725 229 expediri
1736 210 1748 227 ‚
1773 193 1812 219 ut
1836 185 1936 220 etiam
1949 183 2023 224 cum
2032 188 2257 225 diminutione

1323 233 1429 279 aliqua
1449 234 1612 279 penfionis
1637 235 1809 270 mitteretis
1830 235 1975 281 aliquem
1999 236 2167 279 honestum
2186 264 2197 281 ,
2223 242 2257 274 ἀ

1320 283 1362 318 ad
1371 286 1571 320 necessitates
1583 284 1774 321 Monasterii
1789 287 2008 330 compofitum
2022 285 2163 325 Fratrem
2174 313 2185 329 ‚
2201 291 2255 333 qui

1322 336 1420 376 posset
1432 336 1496 369 illis
1515 337 1576 370 effe
1587 336 1725 377 solatio,
1752 336 1834 370 &in
1857 336 2004 372 absentia
2031 336 2170 372 aliorum
2194 341 2253 373 ad—

1322 386 1527 420 ventantibus
1538 387 1752 429 respondere,
1778 387 1811 420 dc
1827 387 1881 421 sua
1894 387 2058 430 praesentia
2089 385 2251 423 testificari

1321 434 1427 473 locum
1444 436 1646 481 rReligionis
1674 437 1774 471 titulo
1813 436 1957 471 Domini
1997 438 2222 472 consecratum
2248 464 2255 471 .

1318 482 1406 518 Nam
1420 486 1441 518 st
1455 485 1499 519 ibi
1513 486 1728 529 multiplicior
1736 488 1917 530 apparuerit
1933 487 2186 531 Religiosorum
2198 498 2254 529 nu—

1318 544 1422 567 merus
1435 558 1445 574 ‚
1471 538 1584 579 procul
1598 535 1700 571 dubio
1716 537 1820 580 major
1830 536 1871 571 ab
1882 537 2001 572 incolis
2012 535 2155 571 Domini
2167 547 2256 570 reve-

1317 585 1420 618 rentia
1432 584 1639 621 exhibebitur
1655 612 1666 629 ,
1692 588 1724 623 &
1736 586 1982 624 malefaetorum
2009 585 2202 632 improbitas
2214 587 2257 621 fa-

1316 632 1411 670 cilius
1420 636 1629 680 conquiescet
1643 662 1649 668 .

1413 719 1818 774 EP1sT0LA
1933 707 2223 774 Lxxut‘

1365 835 1534 873 Alexandro
1559 839 1655 880 Papae
1675 837 1804 931 ThorJas
1838 839 2063 881 Cantuarienfir
2105 838 2205 894 Archi-

1623 920 1625 923 ,
1683 892 1747 930 Epi
1761 897 1849 932 copus
1863 914 1872 922 .

2040 959 2047 979 Χ

1410 986 1528 1021 UAM
1552 986 1690 1033 justis&
1710 988 1806 1031 quam
1829 986 1972 1024 honestis
1995 980 2248 1025 conditionibus

1433 1047 1508 1070 cum
1519 1037 1671 1071 Domino
1682 1038 1793 1071 nostro
1809 1037 1901 1082 Rege
1924 1038 2112 1083 Anglorum
2126 1048 2243 1082 pacem

1437 1086 1608 1121 fecerimus
1626 1111 1637 1127 ,
1664 1087 1705 1121 ad
1718 1086 1854 1123 vestram
1863 1088 2019 1122 notitiam
2041 1098 2108 1122 tam
2130 1099 2172 1122 ex
2194 1099 2254 1124 no-

1313 1135 1374 1169 stra
1387 1160 1398 1175 ,
1425 1135 1521 1179 quam
1535 1137 1716 1171 multorum
1729 1137 1998 1172 intermeantium
2011 1136 2172 1171 relatione
2181 1139 2246 1173 erla-

1311 1185 1418 1219 dimus
1432 1187 1607 1229 pervenissit
1618 1211 1625 1218 .
1643 1186 1685 1221 Et
1697 1187 1935 1230 qualiteridetn
1950 1187 2120 1222 Dominus
2145 1185 2252 1220 noster

1311 1236 1454 1270 resilierit
1466 1238 1483 1271 a
1498 1238 1596 1280 pastis
1609 1237 1643 1271 δε
1657 1237 1920 1280 promistionibus
1933 1238 1996 1272 suis
2007 1261 2014 1269 .
2027 1236 2132 1283 Qod
2143 1246 2251 1270 tamen

1311 1296 1379 1319 non
1391 1287 1521 1320 tamilli
1532 1285 1691 1320 credimus
1704 1288 1934 1330 imputandum
1947 1311 1959 1328 ,
1984 1288 2083 1330 quam
2099 1286 2253 1321 Sacerdo-

1309 1335 1397 1368 tibus
1410 1335 1488 1369 Baal
1499 1335 1532 1369 ὃ(
1543 1334 1696 1369 falsorum
1707 1336 1801 1369 Filiis
1824 1336 2063 1379 Prophetarum
2078 1361 2090 1377 ‚
2116 1337 2173 1379 qui
2193 1345 2242 1370 to-

1311 1386 1374 1418 tius
1385 1385 1552 1418 discordiae
1565 1385 1747 1419 incentores
1758 1384 1798 1418 ab
1821 1385 1921 1419 initio
1943 1387 2154 1421 exstiterunt.
2181 1385 2246 1420 Sed

1311 1433 1428 1466 horum
1442 1431 1594 1467 omnium
1608 1434 1781 1475 primicerii
1797 1434 1869 1466 sunt
1882 1434 2092 1468 Eboracenfis
2105 1435 2162 1474 ille
2175 1459 2187 1475 ,
2215 1436 2250 1476 ὃς

1312 1482 1489 1524 Episcopus
1499 1481 1764 1522 Londoniensis,
1790 1483 1847 1522 qui
1858 1482 2026 1525 quondam
2050 1482 2126 1515 cum
2147 1482 2252 1522 effetis

1311 1531 1474 1571 Senonis,
1498 1531 1517 1565 a
1540 1531 1635 1566 vobis
1654 1532 1847 1570 redeuntes,
1872 1531 2025 1567 Domino
2055 1532 2149 1576 Rege
2171 1542 2253 1566 non-

1310 1580 1391 1616 dum
1402 1582 1494 1617 adito
1506 1581 1557 1616 vel
1568 1582 1684 1616 audito
1697 1606 1708 1622 ‚
1735 1593 1797 1616 nos
1810 1582 1844 1616 in
1860 1581 1958 1616 Curia
1982 1580 2175 1616 Clementiae
2201 1593 2253 1616 ve-

1310 1632 1376 1666 strae
1387 1631 1522 1676 pedibus
1534 1631 1710 1667 assistentes
1724 1631 1973 1675 poffeffionibus
1985 1632 2100 1665 nostris
2114 1631 2251 1674 spoliare

1311 1693 1379 1714 non
1407 1682 1585 1717 timuerunt
1608 1707 1619 1722 ,
1654 1682 1730 1716 cum
1753 1682 1819 1716 illis
1844 1681 2068 1716 indubitanter
2089 1680 2252 1718 constaret

1311 1743 1370 1765 nos
1382 1731 1519 1767 duarum
1533 1732 1794 1776 appellationum
1818 1733 1927 1765 causas
1952 1731 2035 1775 apud
2051 1741 2107 1766 vos
2129 1741 2252 1771 exeren-

1309 1791 1362 1822 re;
1391 1784 1505 1824 utpote
1517 1783 1575 1825 qui
1592 1783 1745 1825 appellati
1767 1806 1776 1815 .
1805 1781 1894 1815 Cum
1906 1793 1983 1826 ergo
1995 1782 2030 1815 hi
2057 1780 2251 1815 Baalamita-

1308 1841 1377 1863 rum
1390 1830 1533 1874 signiferi
1542 1853 1554 1871 ,
1582 1843 1642 1864 nos
1655 1842 1731 1865 cum
1748 1832 1899 1865 Domino
1912 1831 2004 1875 Rege
2019 1841 2131 1873 pacem
2154 1831 2249 1869 fecise

1306 1879 1337 1913 se
1349 1878 1509 1916 audissent
1521 1904 1533 1920 ,
1557 1881 1668 1915 accitis
1681 1879 1736 1914 [ibi
1762 1880 1986 1915 saresberiensi
2012 1881 2046 1914 δε
2069 1880 2142 1914 aliis
2158 1891 2246 1915 com-

1306 1928 1443 1970 plicibus
1454 1930 1519 1963 suis
1527 1952 1539 1968 ,
1563 1930 1796 1973 circumjerunt
1807 1941 1893 1965 mare
1904 1931 1938 1965 &
1950 1930 2086 1965 Aridam
2097 1955 2109 1971 ,
2133 1940 2172 1964 ut
2184 1930 2245 1972 ini-1

1305 1987 1374 2012 tam
1389 1979 1475 2022 pacis
1486 1979 1701 2014 rescinderent
1713 1979 1878 2014 unitatem
1892 2005 1903 2021 ,
1929 1991 1981 2024 per
1995 1981 2026 2016 se
2047 1980 2081 2016 ἀ
2092 1990 2147 2024 per
2166 1980 2251 2017 alios

1307 2028 1471 2063 Domino
1483 2028 1568 2073 Regi
1581 2029 1614 2063 ὅ(
1627 2029 1690 2063 suis
1704 2029 1873 2064 suadentes
1896 2029 2110 2064 concordiam
2123 2030 2246 2074 Regno

1307 2077 1458 2112 inutilem
1480 2078 1513 2113 dc
1535 2078 1744 2118 inhonestam
1767 2079 1854 2120 effe,
1883 2080 1940 2113 nisi
1964 2079 2161 2114 donationes
2184 2079 2246 2112 Ec·

1306 2127 1472 2163 clefiarum
1498 2128 1678 2163 nostrarum
1691 2153 1703 2170 ‚
1728 2126 1809 2173 quas
1837 2130 1913 2163 Rex
1940 2129 2057 2162 fecerat
2078 2152 2090 2169 ,
2115 2127 2246 2163 stabiles

1307 2188 1492 2219 manerent,
1518 2178 1552 2212 δε
1564 2190 1623 2213 nos
1634 2190 1823 2224 cogeremur
1837 2177 1948 2223 Regni
1959 2175 2211 2212 consuetudines
2226 2200 2239 2218 ,

1306 2229 1395 2272 super
1407 2227 1523 2271 quibus
1535 2229 1618 2263 inter
1632 2239 1692 2264 nos
1717 2227 1763 2263 est
1785 2238 1855 2262 orta
1880 2228 2078 2269 contentio,
2100 2227 2248 2262 observa-

1306 2290 1337 2315 re
1349 2304 1356 2311 .
1386 2279 1547 2322 Adeoque
1572 2280 1775 2323 profecerunt
1800 2277 1833 2312 in
1861 2277 2118 2321 perversitatibus
2140 2277 2206 2312 suis
2231 2300 2245 2318 ,

1306 2340 1339 2364 ut
1350 2339 1463 2362 eorum
1474 2328 1626 2362 instinstu
1640 2328 1743 2363 Domi
1751 2339 1808 2361 nus
1819 2328 1890 2362 Rex
1903 2340 2018 2362 omnes
2032 2325 2174 2371 redditus
2185 2337 2244 2371 uo·

1305 2377 1382 2410 stros
1394 2378 1427 2410 δε
1439 2378 1624 2412 nostrorum
1636 2379 1706 2422 post
1723 2389 1833 2421 pacem
1846 2378 1879 2411 in
1896 2378 1990 2412 Festo
2015 2377 2119 2412 Beatae
2144 2376 2242 2421 Ma&

1304 2426 1421 2460 dalenae
1431 2426 1547 2460 factam
1562 2428 1661 2470 usque
1672 2427 1711 2461 ad
1725 2428 1858 2461 Festum
1867 2428 1959 2461 Beati
1978 2427 2116 2460 Martini
2133 2427 2242 2461 abstu-

1307 2476 1402 2516 lerit,
1428 2485 1508 2510 tunc
1528 2476 1662 2510 demum
1672 2476 1767 2510 nobis
1790 2476 1908 2509 cedens
1929 2475 2047 2509 domos
2071 2485 2187 2512 vacuas
2208 2477 2242 2511 δε

1305 2524 1417 2560 horrea
1426 2525 1583 2572 demolita
1594 2549 1601 2557 .
1631 2525 1754 2562 Clerici
1777 2535 1888 2559 tamen
1915 2525 1961 2558 sui
1972 2549 1983 2565 ,
2011 2522 2132 2558 scilicet
2152 2524 2240 2560 Gau·-

1305 2575 1411 2610 fredus
1424 2575 1524 2611 Ridel
1547 2573 1651 2609 Archi
1668 2594 1677 2600 -
1692 2575 1863 2608 Diaconus
1880 2575 1986 2607 noster
1999 2596 2008 2611 ,
2032 2572 2066 2606 &
2087 2572 2242 2618 Nigellus

1306 2626 1346 2659 de
1369 2626 1544 2660 Saccavilla
1555 2625 1635 2658 duas
1649 2623 1805 2658 Ecclefias
1817 2623 1937 2657 nostras
1950 2648 1961 2664 ‚
1987 2634 2064 2667 quas
2087 2621 2129 2656 de
2141 2634 2241 2659 manu

1305 2676 1405 2709 Laica
1425 2684 1639 2718 acceperunt,
1666 2674 1773 2708 adhuc
1796 2674 1946 2708 detinent
1968 2682 2146 2715 occupatas
2167 2686 2178 2706 .·
2204 2674 2240 2708 dt

1307 2726 1372 2770 ipse
1385 2724 1490 2768 plures
1510 2723 1657 2758 Ecclesiae
1669 2723 1780 2757 nostrae
1809 2723 2014 2767 possessiones
2027 2746 2037 2761 ‚
2064 2732 2143 2765 quas
2158 2723 2190 2756 se
2203 2722 2238 2764 in

1307 2776 1394 2820 pacis
1406 2775 1638 2809 reformatione
1652 2774 1838 2817 promiserat
1862 2772 2061 2807 redditurum
2075 2798 2086 2813 ,
2110 2782 2239 2818 contraf

1306 2824 1404 2860 dicit.
1434 2825 1476 2858 Et
1499 2823 1575 2859 licet
1585 2824 1678 2858 aliter
1690 2848 1701 2864 ,
1730 2826 1827 2867 quam
1853 2822 1955 2866 ipsum
1979 2822 2104 2856 deceret
2116 2846 2127 2861 ,
2152 2833 2237 2856 con-

1308 2886 1353 2909 tra
1366 2876 1454 2918 pasta
1464 2875 1516 2908 sua
1527 2899 1538 2914 ‚
1564 2885 1602 2908 ut
1618 2873 1763 2917 pluribus
1788 2883 1903 2907 notum
1927 2871 1972 2905 est
1986 2896 1996 2912 ,
2026 2872 2197 2919 versaretur
2222 2895 2235 2914 a

1309 2936 1368 2959 nos
1379 2934 1486 2959 tamen
1506 2923 1652 2959 enormia
1663 2921 1781 2957 damna
1803 2921 1952 2956 Ecclefiae
1963 2921 1996 2954 δε
2021 2919 2235 2964 irreparabilia

1308 2975 1477 3013 videntes,
1503 2975 1536 3008 ἀ
1550 2980 1758 3018 ptaecaventes
1782 2973 1955 3015 graviora,
1980 2971 2090 3004 nostro
2111 2972 2145 3004 ἀ
2169 2971 2236 3005 Do-

1308 3025 1473 3059 minorum
1485 3022 1710 3064 Cardinalium
1728 3032 1886 3064 praeeunte
1898 3020 2036 3055 consilio
2049 3046 2057 3060 ‚
2071 3020 2232 3065 adnEccle-

1309 3075 1386 3109 fiam
1397 3074 1539 3108 nostram
1551 3074 1717 3108 laceratam
1729 3072 1761 3105 δε
1780 3072 2006 3106 conculcatam
2018 3071 2230 3111 decrevimus.

1309 3127 1344 3160 ut
1353 3125 1376 3158 fi
1387 3135 1459 3159 eam
1470 3136 1535 3158 non
1549 3122 1704 3169 possemus
1713 3122 1836 3166 erigere
1849 3122 1882 3156 ὅ(
1898 3123 2069 3156 reformare
2081 3145 2092 3162 ,
2119 3121 2229 3154 saltem

1308 3186 1382 3209 eum
1397 3174 1461 3217 ipsa
1472 3181 1640 3218 pereuntes
1654 3196 1663 3211 ,
1688 3171 1907 3206 confidentius
1919 3183 1976 3215 pro
1991 3173 2054 3213 ipsa
2066 3170 2235 3213 praesentes,

1310 3224 1457 3269 spiritum
1469 3223 1667 3259 redderemus
1679 3246 1686 3253 .
1712 3221 1815 3270 Qod
1829 3222 1903 3256 curn
1917 3221 1965 3254 illi
1983 3221 2106 3255 Nuncii
2129 3219 2230 3253 nostri

1309 3273 1426 3308 certius
1436 3273 1635 3313 didicissent,
1660 3270 1856 3316 ambiguum
1867 3271 1911 3305 est
1925 3295 1934 3309 ,
1961 3269 2039 3312 quid
2052 3270 2140 3304 veriti
2153 3279 2229 3312 con-3

1310 3324 1417 3359 filium
1430 3324 1591 3358 iniverunt
1601 3333 1676 3356 cum
1687 3321 1892 3356 Officialibus
1905 3321 2004 3364 Regis
2023 3345 2033 3361 ‚
2060 3321 2092 3354 δε
2105 3320 2228 3353 scelera-

1309 3374 1430 3408 tiffirno
1441 3373 1499 3407 illo
1509 3372 1596 3406 Filio
1608 3371 1801 3416 perditionis
1823 3369 2025 3413 Randulpho
2048 3370 2088 3404 de
2111 3369 2192 3402 Broc
2218 3388 2230 3405 ‚

1309 3423 1412 3468 quiin
1425 3422 1601 3457 Ecclesiam
1613 3423 1677 3457 Dei
1687 3420 1823 3467 publicae
1836 3421 2002 3467 potestatis
2011 3415 2227 3501 abutengjuri·

2150 3476 2185 3500 us
